{"gold_per_floor":[110,130,130,146,156,185,185,201,228,257,257,37,70,90,90,164,164,177,177,193,204,224,224,239,271,351,393,393,182,203,221,221,303,352,370,377,98,117,137,137,164,196,196,214,214,235,235,235,235,235],"floor_reached":51,"playtime":3191,"items_purged":["Strike_G","Strike_G","Quick Slash"],"score":1322,"play_id":"7265eea7-5346-4671-a523-b57c2ba193bc","local_time":"20190928111322","is_ascension_mode":true,"campfire_choices":[{"data":"Neutralize","floor":7.0,"key":"SMITH"},{"floor":11.0,"key":"REST"},{"data":"Wraith Form v2","floor":15.0,"key":"SMITH"},{"data":"Bullet Time","floor":23.0,"key":"SMITH"},{"floor":28.0,"key":"REST"},{"data":"Wraith Form v2","floor":32.0,"key":"SMITH"},{"floor":40,"key":"REST"},{"floor":45,"key":"REST"},{"floor":47,"key":"REST"},{"data":"A Thousand Cuts","floor":49,"key":"SMITH"}],"neow_cost":"NONE","seed_source_timestamp":1343675108648300,"circlet_count":0,"master_deck":["AscendersBane","Survivor","Neutralize+1","Caltrops","Poisoned Stab","Poisoned Stab","Wraith Form v2+1","Backflip","Wraith Form v2+1","Dagger Spray","A Thousand Cuts+1","Dagger Throw","Bullet Time+1","Escape Plan+1","Crippling Poison","Finisher","Acrobatics","Dash+1","Poisoned Stab+1","Ghostly","Ghostly","Ghostly","Blur","Adrenaline","Night Terror","Quick Slash+1","Die Die Die+1","Eviscerate+1","Backstab+1","Storm of Steel","Parasite","PiercingWail","Eviscerate+1","Noxious Fumes+1"],"special_seed":0,"relics":["Philosopher\u0027s Stone","Pear","Toy Ornithopter","Oddly Smooth Stone","Art of War","Lee\u0027s Waffle","Darkstone Periapt","Runic Pyramid","Pantograph","Molten Egg 2","CeramicFish","Pandora\u0027s Box","Snake Skull","Pocketwatch","CaptainsWheel"],"potions_floor_usage":[38,44,50],"damage_taken":[{"damage":2.0,"enemies":"Cultist","floor":1.0,"turns":4.0},{"damage":7.0,"enemies":"Jaw Worm","floor":2.0,"turns":5.0},{"damage":8.0,"enemies":"Small Slimes","floor":4.0,"turns":4.0},{"damage":1.0,"enemies":"Exordium Wildlife","floor":5.0,"turns":4.0},{"damage":17.0,"enemies":"Lagavulin","floor":6.0,"turns":5.0},{"damage":5.0,"enemies":"Red Slaver","floor":8.0,"turns":3.0},{"damage":41.0,"enemies":"Gremlin Nob","floor":10.0,"turns":5.0},{"damage":4.0,"enemies":"Lagavulin","floor":13.0,"turns":7.0},{"damage":1.0,"enemies":"2 Fungi Beasts","floor":14.0,"turns":4.0},{"damage":35.0,"enemies":"Slime Boss","floor":16.0,"turns":17.0},{"damage":6.0,"enemies":"Spheric Guardian","floor":18.0,"turns":7.0},{"damage":4.0,"enemies":"Shell Parasite","floor":20.0,"turns":6.0},{"damage":6.0,"enemies":"Snake Plant","floor":21.0,"turns":5.0},{"damage":0.0,"enemies":"3 Cultists","floor":22.0,"turns":5.0},{"damage":15.0,"enemies":"Centurion and Healer","floor":24.0,"turns":7.0},{"damage":8.0,"enemies":"Gremlin Leader","floor":25.0,"turns":7.0},{"damage":9.0,"enemies":"Book of Stabbing","floor":27.0,"turns":6.0},{"damage":4.0,"enemies":"Chosen and Byrds","floor":31.0,"turns":6.0},{"damage":0.0,"enemies":"Collector","floor":33.0,"turns":11.0},{"damage":1,"enemies":"3 Darklings","floor":35,"turns":5},{"damage":30,"enemies":"3 Shapes","floor":38,"turns":4},{"damage":1,"enemies":"3 Darklings","floor":39,"turns":4},{"damage":1,"enemies":"Writhing Mass","floor":41,"turns":7},{"damage":7,"enemies":"Giant Head","floor":42,"turns":12},{"damage":17,"enemies":"Spire Growth","floor":44,"turns":5},{"damage":3,"enemies":"4 Shapes","floor":46,"turns":4},{"damage":41,"enemies":"Awakened One","floor":50,"turns":13}],"seed_played":"-7764971544457041028","potions_obtained":[{"floor":2.0,"key":"GamblersBrew"},{"floor":4.0,"key":"PowerPotion"},{"floor":5.0,"key":"Regen Potion"},{"floor":10.0,"key":"Fruit Juice"},{"floor":14.0,"key":"Dexterity Potion"},{"floor":16.0,"key":"DuplicationPotion"},{"floor":25.0,"key":"DuplicationPotion"},{"floor":27.0,"key":"Explosive Potion"},{"floor":33.0,"key":"SkillPotion"},{"floor":35,"key":"Strength Potion"},{"floor":42,"key":"PowerPotion"},{"floor":44,"key":"SpeedPotion"}],"is_trial":false,"path_per_floor":["M","M","?","M","M","E","R","M","T","E","R","$","E","M","R","B",null,"M","?","M","M","M","R","M","E","T","E","R","$","?","M","R","B",null,"M","?","$","M","M","R","M","E","T","M","R","M","R","?","R","B",null],"character_chosen":"THE_SILENT","items_purchased":["Lee\u0027s Waffle","Dash+1","Poisoned Stab+1","Snake Skull"],"campfire_rested":5,"item_purchase_floors":[12,29,29,37],"current_hp_per_floor":[57,50,60,52,51,48,48,43,43,2,36,88,84,83,83,48,78,72,72,68,67,67,67,52,49,49,40,66,66,44,40,40,44,44,43,43,43,14,13,26,31,24,24,12,27,24,39,39,39,9],"gold":235,"neow_bonus":"BOSS_RELIC","is_prod":false,"is_daily":false,"chose_seed":false,"campfire_upgraded":5,"win_rate":0,"timestamp":1569694402,"path_taken":["M","M","?","M","M","E","R","M","T","E","R","?","E","M","R","BOSS","M","?","M","?","M","R","M","E","T","E","R","?","?","M","R","BOSS","M","?","$","?","M","R","M","E","T","M","R","M","R","?","R","BOSS"],"build_version":"2019-09-27","purchased_purges":3,"victory":true,"max_hp_per_floor":[66,66,76,76,76,76,76,76,76,76,81,88,88,88,88,88,88,88,88,88,88,88,88,88,88,88,88,88,88,44,44,44,44,44,44,44,44,44,44,44,50,50,50,50,50,50,50,50,50,50],"card_choices":[{"not_picked":["Slice","Outmaneuver"],"picked":"Caltrops","floor":1.0},{"not_picked":["Underhanded Strike","Dodge and Roll"],"picked":"Poisoned Stab","floor":2.0},{"not_picked":["Eviscerate","Flying Knee"],"picked":"Quick Slash","floor":4.0},{"not_picked":["Doppelganger","Underhanded Strike","Choke"],"picked":"SKIP","floor":5.0},{"not_picked":["PiercingWail","Bane"],"picked":"Poisoned Stab","floor":6.0},{"not_picked":["Dagger Spray","Skewer"],"picked":"Wraith Form v2","floor":8.0},{"not_picked":["Deadly Poison","Quick Slash"],"picked":"Backflip","floor":10.0},{"not_picked":["Setup","Poisoned Stab"],"picked":"Wraith Form v2","floor":13.0},{"not_picked":["Flechettes","Accuracy"],"picked":"Dagger Spray","floor":14.0},{"not_picked":["Burst","Phantasmal Killer"],"picked":"A Thousand Cuts","floor":16.0},{"not_picked":["Prepared","Distraction"],"picked":"Dagger Throw","floor":18.0},{"not_picked":["Predator","Underhanded Strike","Prepared"],"picked":"SKIP","floor":20.0},{"not_picked":["Flying Knee","Deflect"],"picked":"Escape Plan+1","floor":21.0},{"not_picked":["Sucker Punch","Deflect"],"picked":"Crippling Poison","floor":22.0},{"not_picked":["PiercingWail","Prepared","Bane"],"picked":"SKIP","floor":24.0},{"not_picked":["Backstab","Caltrops"],"picked":"Finisher","floor":25.0},{"not_picked":["Sucker Punch+1","Crippling Poison"],"picked":"Acrobatics","floor":27.0},{"not_picked":["Deflect","Distraction"],"picked":"Blur","floor":31.0},{"not_picked":["Tools of the Trade","Storm of Steel"],"picked":"Adrenaline","floor":33.0},{"not_picked":["Poisoned Stab+1","Dagger Throw+1","Sucker Punch+1"],"picked":"SKIP","floor":35},{"not_picked":["Flying Knee+1","Sucker Punch+1","Riddle With Holes+1"],"picked":"SKIP","floor":38},{"not_picked":["Deadly Poison","Quick Slash+1","Dagger Spray+1"],"picked":"SKIP","floor":39},{"not_picked":["Slice+1","Backstab+1"],"picked":"PiercingWail","floor":41},{"not_picked":["Deadly Poison","Bouncing Flask","Footwork"],"picked":"SKIP","floor":42},{"not_picked":["Deadly Poison","Bouncing Flask","Footwork"],"picked":"SKIP","floor":42},{"not_picked":["Dagger Spray+1","Sucker Punch+1"],"picked":"Eviscerate+1","floor":44},{"not_picked":["Deflect","A Thousand Cuts"],"picked":"Noxious Fumes+1","floor":46}],"player_experience":1481352,"relics_obtained":[{"floor":6.0,"key":"Toy Ornithopter"},{"floor":9.0,"key":"Oddly Smooth Stone"},{"floor":10.0,"key":"Art of War"},{"floor":13.0,"key":"Darkstone Periapt"},{"floor":25.0,"key":"Pantograph"},{"floor":26.0,"key":"Molten Egg 2"},{"floor":27.0,"key":"CeramicFish"},{"floor":42,"key":"Pocketwatch"},{"floor":43,"key":"CaptainsWheel"}],"event_choices":[{"damage_healed":0.0,"max_hp_gain":0.0,"max_hp_loss":0.0,"gold_gain":0.0,"event_name":"WeMeetAgain","player_choice":"Gave Potion","floor":3.0,"gold_loss":0.0,"damage_taken":0.0,"relics_obtained":["Pear"]},{"damage_healed":0.0,"max_hp_gain":0.0,"max_hp_loss":0.0,"gold_gain":0.0,"cards_transformed":["Strike_G"],"event_name":"Transmorgrifier","player_choice":"Transformed","floor":19.0,"gold_loss":0.0,"damage_taken":0.0,"cards_obtained":["Bullet Time"]},{"damage_healed":0.0,"max_hp_gain":0.0,"max_hp_loss":44.0,"gold_gain":0.0,"event_name":"Ghosts","player_choice":"Became a Ghost","floor":30.0,"gold_loss":0.0,"damage_taken":0.0,"cards_obtained":["Ghostly","Ghostly","Ghostly"]},{"damage_healed":0,"gold_gain":0,"cards_transformed":["Night Terror"],"player_choice":"Transformed","damage_taken":0,"max_hp_gain":0,"max_hp_loss":0,"event_name":"Transmorgrifier","floor":36,"gold_loss":0,"cards_obtained":["Storm of Steel"]},{"cards_removed":["Sucker Punch"],"damage_healed":0,"gold_gain":0,"player_choice":"Removed Attack","damage_taken":0,"max_hp_gain":0,"max_hp_loss":0,"event_name":"Falling","floor":48,"gold_loss":0}],"is_beta":true,"boss_relics":[{"not_picked":["Empty Cage","SacredBark"],"picked":"Runic Pyramid"},{"not_picked":["Sozu","SlaversCollar"],"picked":"Pandora\u0027s Box"}],"items_purged_floors":[12,29,37],"is_endless":false,"potions_floor_spawned":[2,4,5,10,14,16,20,25,27,31,33,35,42,44],"ascension_level":15}