{"gold_per_floor":[110,110,35,35,35,35,74,92,167,167,167,198,219,219],"floor_reached":14,"playtime":364,"items_purged":[],"score":230,"play_id":"cc18d41d-0980-44be-a60f-da641776388f","local_time":"20191001002618","is_ascension_mode":true,"campfire_choices":[{"data":"Neutralize","floor":6.0,"key":"SMITH"},{"data":"Skewer","floor":10.0,"key":"SMITH"}],"neow_cost":"NONE","seed_source_timestamp":1566763164995800,"circlet_count":0,"master_deck":["AscendersBane","Strike_G","Strike_G","Strike_G","Defend_G","Defend_G","Defend_G","Defend_G","Defend_G+1","Survivor","Neutralize+1","Bouncing Flask+1","Well Laid Plans","Skewer+1","Escape Plan","Poisoned Stab"],"special_seed":0,"relics":["Ring of the Snake","NeowsBlessing","Golden Idol","Gambling Chip","Bottled Tornado","Smiling Mask"],"potions_floor_usage":[],"damage_taken":[{"damage":0.0,"enemies":"2 Louse","floor":1.0,"turns":1.0},{"damage":0.0,"enemies":"Gremlin Nob","floor":7.0,"turns":1.0},{"damage":0.0,"enemies":"Small Slimes","floor":8.0,"turns":1.0},{"damage":26.0,"enemies":"3 Sentries","floor":12.0,"turns":10.0},{"damage":1.0,"enemies":"Jaw Worm","floor":13.0,"turns":2.0},{"damage":13,"enemies":"Exordium Thugs","floor":14,"turns":2}],"seed_played":"-4056816128133535822","potions_obtained":[{"floor":13.0,"key":"Ancient Potion"}],"is_trial":false,"path_per_floor":["M","?","?","?","?","R","E","M","T","R","?","E","M","M"],"character_chosen":"THE_SILENT","items_purchased":[],"campfire_rested":0,"item_purchase_floors":[],"current_hp_per_floor":[59,64,64,43,43,43,43,43,43,43,36,10,9,0],"gold":219,"neow_bonus":"THREE_ENEMY_KILL","is_prod":false,"is_daily":false,"chose_seed":false,"campfire_upgraded":2,"win_rate":0,"timestamp":1569914778,"path_taken":["M","?","?","?","?","R","E","M","T","R","?","E","M","?"],"build_version":"2019-09-27","purchased_purges":0,"victory":false,"max_hp_per_floor":[66,71,71,71,64,64,64,64,64,64,64,64,64,64],"card_choices":[{"not_picked":["Flying Knee","Backflip"],"picked":"Bouncing Flask","floor":1.0},{"not_picked":["Escape Plan","Deadly Poison"],"picked":"Well Laid Plans","floor":7.0},{"not_picked":["Dagger Spray","Quick Slash"],"picked":"Skewer","floor":8.0},{"not_picked":["Underhanded Strike","Terror"],"picked":"Escape Plan","floor":12.0},{"not_picked":["Skewer","Crippling Poison"],"picked":"Poisoned Stab","floor":13.0}],"player_experience":1515169,"relics_obtained":[{"floor":7.0,"key":"Gambling Chip"},{"floor":9.0,"key":"Bottled Tornado"},{"floor":12.0,"key":"Smiling Mask"}],"event_choices":[{"damage_healed":0.0,"max_hp_gain":5.0,"max_hp_loss":0.0,"gold_gain":0.0,"event_name":"Big Fish","player_choice":"Donut","floor":2.0,"gold_loss":0.0,"damage_taken":0.0},{"cards_removed":["Strike_G"],"damage_healed":0.0,"max_hp_gain":0.0,"max_hp_loss":0.0,"gold_gain":0.0,"event_name":"The Cleric","player_choice":"Card Removal","floor":3.0,"gold_loss":75.0,"damage_taken":0.0},{"damage_healed":0.0,"max_hp_gain":0.0,"max_hp_loss":0.0,"gold_gain":0.0,"event_name":"Shining Light","player_choice":"Entered Light","floor":4.0,"gold_loss":0.0,"damage_taken":21.0,"cards_upgraded":["Defend_G","Bouncing Flask"]},{"damage_healed":0.0,"max_hp_gain":0.0,"max_hp_loss":7.0,"gold_gain":0.0,"event_name":"Golden Idol","player_choice":"Lose Max HP","floor":5.0,"gold_loss":0.0,"damage_taken":0.0,"relics_obtained":["Golden Idol"]},{"cards_removed":["Strike_G"],"damage_healed":0.0,"max_hp_gain":0.0,"max_hp_loss":0.0,"gold_gain":0.0,"event_name":"Golden Wing","player_choice":"Card Removal","floor":11.0,"gold_loss":0.0,"damage_taken":7.0}],"is_beta":true,"boss_relics":[],"items_purged_floors":[],"is_endless":false,"potions_floor_spawned":[13],"killed_by":"Exordium Thugs","ascension_level":18}