{"gold_per_floor":[113,125,139,159,159,194,194,194,194,194,229,244,256,273,273,347,347,367,367,367,383,402,402,436,436,436,447,5,5,5,36,36,36],"floor_reached":33,"playtime":1276,"items_purged":["Injury"],"score":554,"play_id":"303b838d-b108-451c-af2d-aa2d69ab8e88","local_time":"20191004005018","is_ascension_mode":true,"campfire_choices":[{"floor":8.0,"key":"REST"},{"floor":10.0,"key":"REST"},{"floor":15.0,"key":"REST"},{"floor":23.0,"key":"REST"},{"floor":25.0,"key":"REST"},{"data":"Cloak And Dagger","floor":30.0,"key":"SMITH"},{"floor":32.0,"key":"REST"}],"neow_cost":"NONE","seed_source_timestamp":1826435658310500,"circlet_count":0,"master_deck":["AscendersBane","Strike_G+1","Strike_G+1","Strike_G+1","Defend_G+1","Defend_G+1","Defend_G+1","Defend_G+1","Defend_G+1","Survivor","Neutralize","Dagger Spray","Caltrops","Dagger Throw","Cloak And Dagger+1","Crippling Poison","Flechettes","Skewer","Deadly Poison","Die Die Die","Caltrops","Necronomicurse","Backstab","Escape Plan","Caltrops+1","Well Laid Plans","Noxious Fumes","Escape Plan","Writhe","Deadly Poison"],"special_seed":0,"relics":["Empty Cage","StrikeDummy","White Beast Statue","The Courier","Ninja Scroll","Cursed Key","Necronomicon","Red Mask","Darkstone Periapt","Blood Vial","Vajra","Orrery","Snake Skull","Omamori"],"potions_floor_usage":[],"damage_taken":[{"damage":5.0,"enemies":"2 Louse","floor":1.0,"turns":6.0},{"damage":8.0,"enemies":"Jaw Worm","floor":2.0,"turns":9.0},{"damage":9.0,"enemies":"Small Slimes","floor":3.0,"turns":5.0},{"damage":6.0,"enemies":"Looter","floor":4.0,"turns":3.0},{"damage":34.0,"enemies":"Lagavulin","floor":6.0,"turns":7.0},{"damage":25.0,"enemies":"3 Sentries","floor":11.0,"turns":11.0},{"damage":11.0,"enemies":"2 Fungi Beasts","floor":12.0,"turns":2.0},{"damage":0.0,"enemies":"Large Slime","floor":13.0,"turns":3.0},{"damage":1.0,"enemies":"Exordium Wildlife","floor":14.0,"turns":3.0},{"damage":8.0,"enemies":"Hexaghost","floor":16.0,"turns":9.0},{"damage":12.0,"enemies":"Chosen","floor":18.0,"turns":5.0},{"damage":5.0,"enemies":"2 Thieves","floor":21.0,"turns":4.0},{"damage":5.0,"enemies":"Snecko","floor":22.0,"turns":4.0},{"damage":0.0,"enemies":"Masked Bandits","floor":24.0,"turns":2.0},{"damage":3.0,"enemies":"Snake Plant","floor":27.0,"turns":2.0},{"damage":14.0,"enemies":"Slavers","floor":31.0,"turns":3.0},{"damage":62,"enemies":"Collector","floor":33,"turns":6}],"seed_played":"2469988656273917988","potions_obtained":[{"floor":2.0,"key":"Regen Potion"},{"floor":4.0,"key":"DuplicationPotion"},{"floor":11.0,"key":"PowerPotion"},{"floor":12.0,"key":"PowerPotion"},{"floor":13.0,"key":"Strength Potion"},{"floor":14.0,"key":"GamblersBrew"},{"floor":16.0,"key":"FearPotion"},{"floor":18.0,"key":"Block Potion"},{"floor":27.0,"key":"FearPotion"}],"is_trial":false,"path_per_floor":["M","M","M","M","?","E","?","R","T","R","E","M","M","M","R","B",null,"M","?","?","M","M","R","?","R","T","M","$","?","R","E","R","B"],"character_chosen":"THE_SILENT","items_purchased":["Blood Vial","Vajra","Orrery"],"campfire_rested":6,"item_purchase_floors":[28,28,28],"current_hp_per_floor":[54,46,37,31,20,1,1,20,20,39,14,3,3,2,21,13,53,41,20,20,15,10,29,29,48,48,45,45,51,51,39,60,0],"gold":36,"neow_bonus":"BOSS_RELIC","is_prod":false,"is_daily":false,"chose_seed":false,"campfire_upgraded":1,"win_rate":0,"timestamp":1570175418,"path_taken":["M","M","M","M","?","E","?","R","T","R","E","M","M","M","R","BOSS","M","?","?","M","M","R","?","R","T","M","$","?","R","E","R","BOSS"],"build_version":"2019-10-03","purchased_purges":1,"victory":false,"max_hp_per_floor":[66,66,66,66,66,66,66,66,66,66,66,66,66,66,66,66,66,66,66,66,66,66,66,66,66,66,66,66,72,72,72,72,72],"card_choices":[{"not_picked":["Underhanded Strike","Sucker Punch"],"picked":"Dagger Spray","floor":1.0},{"not_picked":["Blur","Poisoned Stab"],"picked":"Caltrops","floor":2.0},{"not_picked":["Acrobatics","Outmaneuver"],"picked":"Dagger Throw","floor":3.0},{"not_picked":["Deflect","Finisher"],"picked":"Cloak And Dagger","floor":4.0},{"not_picked":["Dodge and Roll","Deflect"],"picked":"Crippling Poison","floor":6.0},{"not_picked":["Blade Dance","Venomology"],"picked":"Flechettes","floor":11.0},{"not_picked":["Dagger Spray","Underhanded Strike"],"picked":"Skewer","floor":12.0},{"not_picked":["Infinite Blades","Bane"],"picked":"Deadly Poison","floor":13.0},{"not_picked":["Blade Dance","Outmaneuver","Infinite Blades"],"picked":"SKIP","floor":14.0},{"not_picked":["Glass Knife","Venomology"],"picked":"Die Die Die","floor":16.0},{"not_picked":["Dodge and Roll","Riddle With Holes"],"picked":"Caltrops","floor":18.0},{"not_picked":["Distraction","Quick Slash"],"picked":"Backstab","floor":21.0},{"not_picked":["PiercingWail","Calculated Gamble"],"picked":"Escape Plan","floor":22.0},{"not_picked":["PiercingWail","Bane"],"picked":"Caltrops+1","floor":27.0},{"not_picked":["Cloak And Dagger","Masterful Stab"],"picked":"Well Laid Plans","floor":28.0},{"not_picked":["Well Laid Plans","Prepared"],"picked":"Noxious Fumes","floor":28.0},{"not_picked":["Blade Dance","Prepared"],"picked":"Escape Plan","floor":28.0},{"not_picked":["Quick Slash+1","Cloak And Dagger"],"picked":"Deadly Poison","floor":31.0}],"player_experience":1528940,"relics_obtained":[{"floor":6.0,"key":"White Beast Statue"},{"floor":9.0,"key":"The Courier"},{"floor":11.0,"key":"Ninja Scroll"},{"floor":19.0,"key":"Necronomicon"},{"floor":24.0,"key":"Red Mask"},{"floor":26.0,"key":"Darkstone Periapt"},{"floor":31.0,"key":"Omamori"}],"event_choices":[{"damage_healed":0.0,"max_hp_gain":0.0,"max_hp_loss":0.0,"gold_gain":0.0,"event_name":"Scrap Ooze","player_choice":"Success","floor":5.0,"gold_loss":0.0,"damage_taken":11.0,"relics_obtained":["StrikeDummy"]},{"damage_healed":0.0,"max_hp_gain":0.0,"max_hp_loss":0.0,"gold_gain":0.0,"event_name":"Liars Game","player_choice":"Ignored","floor":7.0,"gold_loss":0.0,"damage_taken":0.0},{"damage_healed":0.0,"max_hp_gain":0.0,"max_hp_loss":0.0,"gold_gain":0.0,"event_name":"Cursed Tome","player_choice":"Obtained Book","floor":19.0,"gold_loss":0.0,"damage_taken":21.0},{"damage_healed":0.0,"max_hp_gain":0.0,"max_hp_loss":0.0,"gold_gain":0.0,"event_name":"Back to Basics","player_choice":"Simplicity","floor":20.0,"gold_loss":0.0,"damage_taken":0.0,"cards_upgraded":["Strike_G","Strike_G","Strike_G","Defend_G","Defend_G","Defend_G","Defend_G","Defend_G"]},{"damage_healed":0.0,"max_hp_gain":0.0,"max_hp_loss":0.0,"gold_gain":0.0,"event_name":"Masked Bandits","player_choice":"Fought Bandits","floor":24.0,"gold_loss":0.0,"damage_taken":0.0},{"damage_healed":0.0,"max_hp_gain":0.0,"max_hp_loss":0.0,"gold_gain":0.0,"event_name":"The Mausoleum","player_choice":"Opened","floor":29.0,"gold_loss":0.0,"damage_taken":0.0,"relics_obtained":["Snake Skull"],"cards_obtained":["Writhe"]}],"is_beta":true,"boss_relics":[{"not_picked":["Coffee Dripper","Sozu"],"picked":"Cursed Key"}],"items_purged_floors":[28],"is_endless":false,"potions_floor_spawned":[2,4,11,12,13,14,16,18,21,22,24,27,31],"killed_by":"Collector","ascension_level":20}