{"gold_per_floor":[109,119,71,71,47,72,88,88,111,186,204,204,215,18,18,120,120,137,137,219,238,255,255,255],"floor_reached":24,"playtime":923,"items_purged":[],"score":221,"play_id":"07dbdd0d-f9b3-414b-b528-d536723740c8","local_time":"20190327173339","is_ascension_mode":false,"campfire_choices":[{"data":"Armaments","floor":8,"key":"SMITH"},{"data":"Clothesline","floor":12,"key":"SMITH"},{"data":"Seeing Red","floor":15,"key":"SMITH"},{"floor":23,"key":"REST"}],"neow_cost":"NONE","seed_source_timestamp":24875009429134,"circlet_count":0,"master_deck":["Strike_R","Strike_R","Strike_R","Strike_R","Strike_R","Defend_R","Defend_R","Defend_R","Defend_R","Bash+1","Seeing Red+1","Rage","Flex","Armaments+1","Clothesline+1","Thunderclap","Anger","Exhume","Anger","Barricade","Flex","Iron Wave","Dual Wield"],"relics":["Burning Blood","NeowsBlessing","Art of War","Omamori","Oddly Smooth Stone","Runic Cube","Bottled Tornado"],"potions_floor_usage":[7,16,18,24],"damage_taken":[{"damage":0,"enemies":"Jaw Worm","floor":1,"turns":1},{"damage":0,"enemies":"Cultist","floor":2,"turns":1},{"damage":0,"enemies":"Lagavulin","floor":6,"turns":1},{"damage":9,"enemies":"Small Slimes","floor":7,"turns":2},{"damage":3,"enemies":"2 Fungi Beasts","floor":11,"turns":3},{"damage":9,"enemies":"Exordium Wildlife","floor":13,"turns":5},{"damage":60,"enemies":"The Guardian","floor":16,"turns":14},{"damage":29,"enemies":"Spheric Guardian","floor":18,"turns":6},{"damage":9,"enemies":"3 Byrds","floor":21,"turns":7},{"damage":24,"enemies":"Shelled Parasite and Fungi","floor":22,"turns":6},{"damage":63,"enemies":"Book of Stabbing","floor":24,"turns":5}],"seed_played":"3707143302624830476","potions_obtained":[{"floor":1,"key":"Explosive Potion"},{"floor":13,"key":"Swift Potion"},{"floor":16,"key":"PowerPotion"},{"floor":22,"key":"Fire Potion"}],"is_trial":false,"path_per_floor":["M","M","$","?","$","E","M","R","T","?","M","R","M","$","R","B",null,"M","?","T","M","M","R","E"],"character_chosen":"IRONCLAD","items_purchased":["Flex","Armaments","Anger","Oddly Smooth Stone"],"campfire_rested":1,"item_purchase_floors":[3,5,14,14],"current_hp_per_floor":[80,80,80,80,80,80,77,77,77,66,69,69,66,66,66,12,80,57,57,57,54,36,60,0],"gold":255,"neow_bonus":"THREE_ENEMY_KILL","is_prod":false,"is_daily":false,"chose_seed":false,"campfire_upgraded":3,"win_rate":0,"timestamp":1553672019,"path_taken":["M","M","$","?","?","E","?","R","T","?","M","R","M","$","R","BOSS","M","?","?","M","M","R","E"],"build_version":"2019-01-23","purchased_purges":0,"victory":false,"max_hp_per_floor":[80,80,80,80,80,80,80,80,80,80,80,80,80,80,80,80,80,80,80,80,80,80,80,80],"card_choices":[{"not_picked":["Feel No Pain","Sentinel"],"picked":"Seeing Red","floor":1},{"not_picked":["Burning Pact","Headbutt"],"picked":"Rage","floor":2},{"not_picked":["Warcry","Clash"],"picked":"Clothesline","floor":6},{"not_picked":["Ghostly Armor","Disarm"],"picked":"Thunderclap","floor":7},{"not_picked":["Cleave","Clash"],"picked":"Anger","floor":11},{"not_picked":["True Grit","Warcry"],"picked":"Exhume","floor":13},{"not_picked":["Exhume","Impervious"],"picked":"Barricade","floor":16},{"not_picked":["Second Wind+1","Armaments"],"picked":"Flex","floor":18},{"not_picked":["Flex","Cleave"],"picked":"Iron Wave","floor":21},{"not_picked":["Headbutt+1","Iron Wave"],"picked":"Dual Wield","floor":22}],"player_experience":199144,"relics_obtained":[{"floor":6,"key":"Art of War"},{"floor":9,"key":"Omamori"},{"floor":20,"key":"Bottled Tornado"}],"event_choices":[{"damage_healed":0,"gold_gain":0,"player_choice":"Upgraded","damage_taken":0,"max_hp_gain":0,"max_hp_loss":0,"event_name":"Upgrade Shrine","floor":4,"gold_loss":0,"cards_upgraded":["Bash"]},{"damage_healed":0,"gold_gain":75,"player_choice":"Gather Gold","damage_taken":11,"max_hp_gain":0,"max_hp_loss":0,"event_name":"World of Goop","floor":10,"gold_loss":0},{"damage_healed":0,"gold_gain":0,"player_choice":"Ignored","damage_taken":0,"max_hp_gain":0,"max_hp_loss":0,"event_name":"Vampires","floor":19,"gold_loss":0}],"is_beta":false,"boss_relics":[{"not_picked":["Coffee Dripper","Runic Dome"],"picked":"Runic Cube"}],"items_purged_floors":[],"is_endless":false,"potions_floor_spawned":[1,13,16,22],"killed_by":"Book of Stabbing","ascension_level":0}