{"gold_per_floor":[110,123,123,123,48,48,80,93,93,113,130,95,95,121,121,121],"floor_reached":16,"playtime":1219,"items_purged":["Strike_R"],"score":110,"play_id":"bdd64331-d46f-44c3-a793-05b093c698d5","local_time":"20190330212117","is_ascension_mode":false,"campfire_choices":[{"data":"Bash","floor":6,"key":"SMITH"},{"floor":15,"key":"REST"}],"neow_cost":"PERCENT_DAMAGE","seed_source_timestamp":7209174940493,"circlet_count":0,"master_deck":["Strike_R","Strike_R","Defend_R","Defend_R","Defend_R","Defend_R","Bash+1","Cleave","Twin Strike","Shrug It Off","Heavy Blade","Flame Barrier","Regret","Ghostly Armor"],"relics":["Burning Blood","Frozen Egg 2","Vajra","Bottled Flame","Regal Pillow","Potion Belt"],"potions_floor_usage":[11,14,14,16],"damage_taken":[{"damage":1,"enemies":"Jaw Worm","floor":1,"turns":6},{"damage":0,"enemies":"2 Louse","floor":2,"turns":2},{"damage":27,"enemies":"Gremlin Nob","floor":7,"turns":4},{"damage":1,"enemies":"Cultist","floor":8,"turns":3},{"damage":0,"enemies":"Large Slime","floor":10,"turns":2},{"damage":2,"enemies":"Looter","floor":11,"turns":2},{"damage":30,"enemies":"3 Sentries","floor":14,"turns":7},{"damage":81,"enemies":"Slime Boss","floor":16,"turns":10}],"seed_played":"-5072994637821510420","potions_obtained":[{"floor":1,"key":"Weak Potion"},{"floor":2,"key":"Strength Potion"},{"floor":11,"key":"SneckoOil"},{"floor":14,"key":"Explosive Potion"}],"is_trial":false,"path_per_floor":["M","M","?","?","$","R","E","M","T","M","M","?","?","E","R","B"],"character_chosen":"IRONCLAD","items_purchased":[],"campfire_rested":1,"item_purchase_floors":[],"current_hp_per_floor":[61,67,55,55,55,55,34,39,39,45,49,69,69,45,80,0],"gold":121,"neow_bonus":"REMOVE_TWO","is_prod":false,"is_daily":false,"chose_seed":false,"campfire_upgraded":1,"win_rate":0,"timestamp":1553944877,"path_taken":["M","M","?","?","$","R","E","M","T","M","?","?","?","E","R","BOSS"],"build_version":"2019-01-23","purchased_purges":1,"victory":false,"max_hp_per_floor":[80,80,80,80,80,80,80,80,80,80,80,80,80,80,80,80],"card_choices":[{"not_picked":["Feel No Pain","Sword Boomerang"],"picked":"Cleave","floor":1},{"not_picked":["Armaments","Metallicize"],"picked":"Twin Strike","floor":2},{"not_picked":["Clash","Whirlwind"],"picked":"Shrug It Off","floor":7},{"not_picked":["Sever Soul","Thunderclap"],"picked":"Heavy Blade","floor":8},{"not_picked":["Sword Boomerang","Body Slam","True Grit"],"picked":"SKIP","floor":10},{"not_picked":["Corruption+1","Dual Wield"],"picked":"Flame Barrier","floor":11},{"not_picked":["Shockwave","Heavy Blade"],"picked":"Ghostly Armor","floor":14}],"player_experience":295552,"relics_obtained":[{"floor":7,"key":"Vajra"},{"floor":9,"key":"Bottled Flame"},{"floor":14,"key":"Potion Belt"}],"event_choices":[{"damage_healed":0,"gold_gain":0,"player_choice":"Success","damage_taken":12,"relics_obtained":["Frozen Egg 2"],"max_hp_gain":0,"max_hp_loss":0,"event_name":"Scrap Ooze","floor":3,"gold_loss":0},{"damage_healed":0,"gold_gain":0,"player_choice":"Bought 0 Potions","damage_taken":0,"max_hp_gain":0,"max_hp_loss":0,"event_name":"The Woman in Blue","floor":4,"gold_loss":0},{"damage_healed":20,"gold_gain":0,"player_choice":"Healed","damage_taken":0,"max_hp_gain":0,"max_hp_loss":0,"event_name":"The Cleric","floor":12,"gold_loss":35},{"damage_healed":0,"gold_gain":0,"player_choice":"Box","damage_taken":0,"relics_obtained":["Regal Pillow"],"max_hp_gain":0,"max_hp_loss":0,"event_name":"Big Fish","floor":13,"gold_loss":0,"cards_obtained":["Regret"]}],"is_beta":false,"boss_relics":[],"items_purged_floors":[5],"is_endless":false,"potions_floor_spawned":[1,2,11,14],"killed_by":"Slime Boss","ascension_level":0}