{"gold_per_floor":[119,134,134,134,149,184,196,37,37,37,49,49,67,84,84,184,184,202,217,217,233,57,57,74,74],"floor_reached":25,"playtime":1467,"items_purged":["Strike_B","Streamline"],"score":290,"play_id":"d80ab93d-6b47-46c1-adec-dd7e4e106cda","local_time":"20190310234145","is_ascension_mode":true,"campfire_choices":[{"floor":10.0,"key":"REST"},{"floor":12.0,"key":"REST"},{"floor":15.0,"key":"REST"},{"floor":23,"key":"REST"}],"neow_cost":"NONE","seed_source_timestamp":0,"circlet_count":0,"master_deck":["Zap","Dualcast","Gash","Gash","FTL","Gash","Self Repair","White Noise","Echo Form+1","Rainbow","Buffer","Rebound","Recycle","Self Repair","Conserve Battery","Glacier","Scrape"],"special_seed":0,"relics":["Cracked Core","NeowsBlessing","Bottled Flame","Cables","Pandora\u0027s Box"],"potions_floor_usage":[18,18,25],"damage_taken":[{"damage":0.0,"enemies":"Small Slimes","floor":1.0,"turns":1.0},{"damage":0.0,"enemies":"2 Louse","floor":2.0,"turns":1.0},{"damage":0.0,"enemies":"Jaw Worm","floor":5.0,"turns":1.0},{"damage":52.0,"enemies":"Gremlin Nob","floor":6.0,"turns":5.0},{"damage":11.0,"enemies":"Blue Slaver","floor":7.0,"turns":3.0},{"damage":4.0,"enemies":"Gremlin Gang","floor":11.0,"turns":4.0},{"damage":4.0,"enemies":"Red Slaver","floor":13.0,"turns":2.0},{"damage":11.0,"enemies":"Large Slime","floor":14.0,"turns":5.0},{"damage":48.0,"enemies":"The Guardian","floor":16.0,"turns":9.0},{"damage":40,"enemies":"2 Thieves","floor":18,"turns":4},{"damage":0,"enemies":"Spheric Guardian","floor":19,"turns":3},{"damage":36,"enemies":"Centurion and Healer","floor":21,"turns":6},{"damage":54,"enemies":"Snake Plant","floor":24,"turns":6},{"damage":20,"enemies":"3 Cultists","floor":25,"turns":3}],"seed_played":"6774951673147002187","potions_obtained":[{"floor":2.0,"key":"Energy Potion"},{"floor":7.0,"key":"EssenceOfSteel"},{"floor":13.0,"key":"Explosive Potion"},{"floor":14.0,"key":"Strength Potion"},{"floor":18,"key":"Dexterity Potion"},{"floor":19,"key":"SteroidPotion"}],"is_trial":false,"path_per_floor":["M","M","?","?","M","E","M","$","T","R","M","R","M","M","R","B",null,"M","M","?","M","$","R","M","M"],"character_chosen":"DEFECT","items_purchased":["Gash","Self Repair","Scrape"],"campfire_rested":4,"item_purchase_floors":[8,8,22],"current_hp_per_floor":[68,68,73,73,73,21,10,10,10,34,37,61,57,53,77,36,69,43,50,50,35,35,59,19,0],"gold":74,"neow_bonus":"THREE_ENEMY_KILL","is_prod":false,"is_daily":false,"chose_seed":false,"campfire_upgraded":0,"win_rate":0,"timestamp":1552279305,"path_taken":["M","M","?","?","?","E","M","$","T","R","M","R","M","M","R","BOSS","M","M","?","?","?","R","M","M"],"build_version":"2019-01-23","purchased_purges":2,"victory":false,"max_hp_per_floor":[75,75,80,80,80,80,80,80,80,80,80,80,80,80,80,80,80,80,80,80,80,80,80,80,80],"card_choices":[{"not_picked":["Go for the Eyes","Melter"],"picked":"Gash","floor":1.0},{"not_picked":["Auto Shields","Conserve Battery"],"picked":"Gash","floor":2.0},{"not_picked":["Go for the Eyes","Chaos"],"picked":"FTL","floor":5.0},{"not_picked":["Darkness","Self Repair","Chill"],"picked":"SKIP","floor":6.0},{"not_picked":["Steam Power","Hello World","Reinforced Body"],"picked":"SKIP","floor":7.0},{"not_picked":["Compile Driver","Coolheaded","Turbo"],"picked":"SKIP","floor":11.0},{"not_picked":["Coolheaded","Meteor Strike"],"picked":"White Noise","floor":13.0},{"not_picked":["Turbo","Cold Snap","Blizzard"],"picked":"SKIP","floor":14.0},{"not_picked":["Rainbow","Multi-Cast"],"picked":"Echo Form","floor":16.0},{"not_picked":["Undo","Coolheaded+1","Rebound"],"picked":"SKIP","floor":18},{"not_picked":["Hologram","Rebound","Ball Lightning+1"],"picked":"SKIP","floor":19},{"not_picked":["Compile Driver+1","Glacier","Storm"],"picked":"SKIP","floor":21},{"not_picked":["Compile Driver+1","Storm"],"picked":"Glacier","floor":21},{"not_picked":["Force Field+1","Coolheaded","Fission"],"picked":"SKIP","floor":24}],"player_experience":466023,"relics_obtained":[{"floor":6.0,"key":"Bottled Flame"},{"floor":9.0,"key":"Cables"}],"event_choices":[{"damage_healed":0.0,"max_hp_gain":5.0,"max_hp_loss":0.0,"gold_gain":0.0,"event_name":"Big Fish","player_choice":"Donut","floor":3.0,"gold_loss":0.0,"damage_taken":0.0},{"damage_healed":0.0,"max_hp_gain":0.0,"max_hp_loss":0.0,"gold_gain":0.0,"event_name":"Shining Light","player_choice":"Ignored","floor":4.0,"gold_loss":0.0,"damage_taken":0.0},{"damage_healed":0,"gold_gain":0,"player_choice":"Upgraded","damage_taken":0,"max_hp_gain":0,"max_hp_loss":0,"event_name":"Upgrade Shrine","floor":20,"gold_loss":0,"cards_upgraded":["Echo Form"]}],"is_beta":false,"boss_relics":[{"not_picked":["Runic Dome","Orrery"],"picked":"Pandora\u0027s Box"}],"items_purged_floors":[8,22],"is_endless":false,"potions_floor_spawned":[2,7,13,14,18,19],"killed_by":"3 Cultists","ascension_level":8}