{"gold_per_floor":[116,129,129,129,129,129,155,174,201,231,231,241,258,258,258,331,331,344,379,395,310,330,330,340,360,360,387,402,402,420,452,452,527,527,546,546,646,646,663,663,695,695,695,722,86,308,308,324,324,324,324,324,324,55,85,85],"floor_reached":57,"playtime":4158,"items_purged":["Strike_R"],"score":2895,"play_id":"358e6c1f-8ee4-42e2-aebb-130b536d6713","local_time":"20190627190904","is_ascension_mode":true,"campfire_choices":[{"floor":6.0,"key":"REST"},{"data":"Exhume","floor":11.0,"key":"SMITH"},{"data":"Evolve","floor":15.0,"key":"SMITH"},{"floor":23.0,"key":"REST"},{"floor":29.0,"key":"REST"},{"floor":32.0,"key":"REST"},{"floor":40.0,"key":"REST"},{"data":"Feel No Pain","floor":42.0,"key":"SMITH"},{"floor":49.0,"key":"RECALL"},{"floor":53.0,"key":"REST"}],"neow_cost":"NONE","seed_source_timestamp":0,"circlet_count":0,"master_deck":["AscendersBane","Strike_R","Strike_R","Defend_R","Defend_R+1","Defend_R+1","Defend_R","Bash","Demon Form+1","Anger","Power Through","Exhume+1","Ghostly Armor","Shrug It Off","Evolve+1","Metallicize","True Grit","Exhume","Second Wind","Power Through","Power Through","Feed","Rage","Whirlwind","Feel No Pain+1","Corruption+1","Body Slam","True Grit","True Grit","Reckless Charge","Barricade","Body Slam+1","True Grit","Blind","Violence","Finesse","Shrug It Off+1","Intimidate","Pummel","Writhe","Metallicize+1","Shrug It Off","Impervious","Sentinel+1","Dark Shackles"],"special_seed":0,"relics":["Burning Blood","Oddly Smooth Stone","Bronze Scales","Prayer Wheel","Pear","Mark of Pain","Red Mask","Question Card","Ornamental Fan","Mercury Hourglass","Regal Pillow","Cursed Key","Charon\u0027s Ashes","Anchor","Bottled Tornado","Bottled Lightning","Blood Vial","CultistMask","Strawberry","Pen Nib"],"potions_floor_usage":[],"damage_taken":[{"damage":7.0,"enemies":"Cultist","floor":1.0,"turns":4.0},{"damage":7.0,"enemies":"Small Slimes","floor":2.0,"turns":3.0},{"damage":23.0,"enemies":"3 Sentries","floor":7.0,"turns":8.0},{"damage":0.0,"enemies":"Jaw Worm","floor":8.0,"turns":5.0},{"damage":14.0,"enemies":"Lagavulin","floor":10.0,"turns":7.0},{"damage":0.0,"enemies":"Looter","floor":12.0,"turns":3.0},{"damage":13.0,"enemies":"3 Louse","floor":13.0,"turns":3.0},{"damage":12.0,"enemies":"Hexaghost","floor":16.0,"turns":9.0},{"damage":7.0,"enemies":"3 Byrds","floor":18.0,"turns":4.0},{"damage":49.0,"enemies":"Masked Bandits","floor":19.0,"turns":9.0},{"damage":7.0,"enemies":"Shell Parasite","floor":20.0,"turns":7.0},{"damage":23.0,"enemies":"Snake Plant","floor":22.0,"turns":5.0},{"damage":3.0,"enemies":"Sentry and Sphere","floor":24.0,"turns":7.0},{"damage":6.0,"enemies":"Cultist and Chosen","floor":25.0,"turns":7.0},{"damage":38.0,"enemies":"Book of Stabbing","floor":27.0,"turns":7.0},{"damage":10.0,"enemies":"Centurion and Healer","floor":28.0,"turns":10.0},{"damage":0.0,"enemies":"Chosen and Byrds","floor":30.0,"turns":7.0},{"damage":23.0,"enemies":"Slavers","floor":31.0,"turns":4.0},{"damage":12.0,"enemies":"Automaton","floor":33.0,"turns":12.0},{"damage":7.0,"enemies":"3 Darklings","floor":35.0,"turns":8.0},{"damage":33.0,"enemies":"Mind Bloom Boss Battle","floor":37.0,"turns":10.0},{"damage":15.0,"enemies":"Orb Walker","floor":39.0,"turns":3.0},{"damage":19.0,"enemies":"Nemesis","floor":41.0,"turns":5.0},{"damage":39.0,"enemies":"Reptomancer","floor":44.0,"turns":7.0},{"damage":5.0,"enemies":"Transient","floor":48.0,"turns":6.0},{"damage":0.0,"enemies":"Time Eater","floor":50.0,"turns":15.0},{"damage":18.0,"enemies":"Donu and Deca","floor":51.0,"turns":13.0},{"damage":23.0,"enemies":"Shield and Spear","floor":55.0,"turns":14.0},{"damage":46,"enemies":"The Heart","floor":56,"turns":11}],"seed_played":"908556972218981","potions_obtained":[{"floor":2.0,"key":"Block Potion"},{"floor":7.0,"key":"Fruit Juice"},{"floor":12.0,"key":"Ancient Potion"},{"floor":24.0,"key":"Strength Potion"},{"floor":25.0,"key":"Ancient Potion"},{"floor":28.0,"key":"AttackPotion"},{"floor":33.0,"key":"SpeedPotion"},{"floor":41.0,"key":"SteroidPotion"}],"is_trial":false,"path_per_floor":["M","M","?","?","?","R","E","M","T","E","R","M","M","?","R","B",null,"M","?","M","?","M","R","M","M","T","E","M","R","M","E","R","B",null,"M","?","?","?","M","R","E","R","T","E","$","?","?","M","R","B","B",null,"R","$","E","B",null],"character_chosen":"IRONCLAD","items_purchased":["Bottled Lightning","Shrug It Off","Blood Vial","PowerPotion","Strawberry","Dark Shackles"],"campfire_rested":6,"item_purchase_floors":[45,45,45,45,54,54],"current_hp_per_floor":[67,66,59,59,36,58,41,47,47,44,44,50,43,27,27,21,73,72,29,28,28,11,38,41,44,44,12,11,39,45,28,71,65,88,87,87,63,53,44,88,75,75,75,42,42,42,42,45,45,53,43,85,99,106,95,57],"gold":85,"neow_bonus":"ONE_RANDOM_RARE_CARD","is_prod":false,"is_daily":false,"chose_seed":false,"campfire_upgraded":3,"win_rate":0,"timestamp":1561676944,"path_taken":["M","?","?","?","?","R","E","M","T","E","R","M","M","?","R","BOSS","M","?","M","?","M","R","M","M","T","E","M","R","M","E","R","BOSS","M","?","?","?","M","R","E","R","T","E","$","?","?","?","R","BOSS","BOSS","R","$","E","BOSS"],"build_version":"2019-06-24","purchased_purges":1,"victory":true,"max_hp_per_floor":[75,75,75,75,75,75,75,75,75,80,80,80,80,90,90,90,90,90,90,90,90,90,90,90,93,93,93,96,96,96,96,96,96,96,96,96,99,99,99,99,99,99,99,99,99,99,99,99,99,99,99,99,99,106,112,112],"card_choices":[{"not_picked":["Corruption","Warcry"],"picked":"Anger","floor":1.0},{"not_picked":["Anger","Burning Pact"],"picked":"Power Through","floor":2.0},{"not_picked":["Clash","Armaments"],"picked":"Exhume","floor":7.0},{"not_picked":["Headbutt","Armaments"],"picked":"Ghostly Armor","floor":8.0},{"not_picked":["Spot Weakness","Intimidate","Heavy Blade"],"picked":"SKIP","floor":10.0},{"not_picked":["Flex","Rupture"],"picked":"Shrug It Off","floor":12.0},{"not_picked":["Bludgeon","Heavy Blade"],"picked":"Evolve","floor":12.0},{"not_picked":["Clash","Havoc"],"picked":"Metallicize","floor":13.0},{"not_picked":["Cleave","Armaments"],"picked":"True Grit","floor":13.0},{"not_picked":["Berserk","Double Tap"],"picked":"Exhume","floor":16.0},{"not_picked":["True Grit","Flex"],"picked":"Second Wind","floor":18.0},{"not_picked":["Sever Soul","Rampage","Cleave"],"picked":"SKIP","floor":18.0},{"not_picked":["Pommel Strike","Pummel"],"picked":"Power Through","floor":20.0},{"not_picked":["Inflame","Sever Soul","Clash"],"picked":"SKIP","floor":20.0},{"not_picked":["Evolve","Havoc","Fire Breathing","Perfected Strike"],"picked":"SKIP","floor":22.0},{"not_picked":["Heavy Blade","Wild Strike","Cleave","Perfected Strike"],"picked":"SKIP","floor":22.0},{"not_picked":["Armaments","Iron Wave","Inflame"],"picked":"Power Through","floor":24.0},{"not_picked":["Corruption","Havoc","Metallicize"],"picked":"Feed","floor":24.0},{"not_picked":["Searing Blow","Infernal Blade","Rupture"],"picked":"Rage","floor":25.0},{"not_picked":["Heavy Blade","Thunderclap+1","Body Slam"],"picked":"Whirlwind","floor":25.0},{"not_picked":["Headbutt","Body Slam","Carnage"],"picked":"Feel No Pain","floor":27.0},{"not_picked":["Clothesline+1","Armaments","Bloodletting"],"picked":"Corruption+1","floor":28.0},{"not_picked":["Cleave+1","Sword Boomerang","Brutality"],"picked":"Body Slam","floor":28.0},{"not_picked":["Iron Wave","Havoc","Clothesline"],"picked":"True Grit","floor":30.0},{"not_picked":["Corruption+1","Pommel Strike","Combust"],"picked":"True Grit","floor":30.0},{"not_picked":["Twin Strike","Uppercut","Clash"],"picked":"Reckless Charge","floor":31.0},{"not_picked":["Dark Embrace","Exhume","Reaper"],"picked":"Barricade","floor":33.0},{"not_picked":["Hemokinesis","Warcry+1","Flex"],"picked":"Body Slam+1","floor":35.0},{"not_picked":["Iron Wave","Rampage+1","Clothesline","Heavy Blade"],"picked":"SKIP","floor":35.0},{"not_picked":["Fire Breathing+1","Iron Wave","Pommel Strike"],"picked":"True Grit","floor":37.0},{"not_picked":["Jack Of All Trades","Madness","Metamorphosis"],"picked":"Blind","floor":38.0},{"not_picked":["Forethought","Bandage Up","Blind"],"picked":"Violence","floor":38.0},{"not_picked":["Mind Blast","Flash of Steel","Swift Strike"],"picked":"Finesse","floor":38.0},{"not_picked":["Rupture+1","Wild Strike","Rampage+1"],"picked":"Shrug It Off+1","floor":39.0},{"not_picked":["Anger","Heavy Blade+1","Rage"],"picked":"Intimidate","floor":39.0},{"not_picked":["Spot Weakness+1","Whirlwind","Twin Strike"],"picked":"Pummel","floor":41.0},{"not_picked":["Reckless Charge+1","Intimidate","Sentinel"],"picked":"Metallicize+1","floor":44.0},{"not_picked":["Evolve+1","Pommel Strike","Seeing Red"],"picked":"Impervious","floor":48.0},{"not_picked":["Rupture+1","Twin Strike","Clash+1"],"picked":"Sentinel+1","floor":48.0},{"not_picked":["Twin Strike","Infernal Blade+1","Clothesline+1","Combust"],"picked":"SKIP","floor":55.0}],"player_experience":3053713,"relics_obtained":[{"floor":7.0,"key":"Oddly Smooth Stone"},{"floor":9.0,"key":"Bronze Scales"},{"floor":10.0,"key":"Prayer Wheel"},{"floor":19.0,"key":"Red Mask"},{"floor":26.0,"key":"Ornamental Fan"},{"floor":27.0,"key":"Mercury Hourglass"},{"floor":31.0,"key":"Regal Pillow"},{"floor":37.0,"key":"Charon\u0027s Ashes"},{"floor":41.0,"key":"Anchor"},{"floor":44.0,"key":"Bottled Tornado"},{"floor":55.0,"key":"Pen Nib"}],"event_choices":[{"cards_removed":["Strike_R"],"damage_healed":0.0,"max_hp_gain":0.0,"max_hp_loss":0.0,"gold_gain":0.0,"event_name":"Golden Wing","player_choice":"Card Removal","floor":3.0,"gold_loss":0.0,"damage_taken":7.0},{"damage_healed":0.0,"max_hp_gain":0.0,"max_hp_loss":0.0,"gold_gain":0.0,"event_name":"Living Wall","player_choice":"Grow","floor":4.0,"gold_loss":0.0,"damage_taken":0.0,"cards_upgraded":["Demon Form"]},{"damage_healed":0.0,"max_hp_gain":0.0,"max_hp_loss":0.0,"gold_gain":0.0,"event_name":"Shining Light","player_choice":"Entered Light","floor":5.0,"gold_loss":0.0,"damage_taken":23.0,"cards_upgraded":["Defend_R","Defend_R"]},{"damage_healed":0.0,"max_hp_gain":0.0,"max_hp_loss":0.0,"gold_gain":0.0,"event_name":"Scrap Ooze","player_choice":"Success","floor":14.0,"gold_loss":0.0,"damage_taken":26.0,"relics_obtained":["Pear"]},{"damage_healed":0.0,"max_hp_gain":0.0,"max_hp_loss":0.0,"gold_gain":0.0,"event_name":"Masked Bandits","player_choice":"Fought Bandits","floor":19.0,"gold_loss":0.0,"damage_taken":0.0},{"damage_healed":0.0,"max_hp_gain":0.0,"max_hp_loss":0.0,"gold_gain":0.0,"event_name":"Addict","player_choice":"Obtained Relic","floor":21.0,"gold_loss":85.0,"damage_taken":0.0,"relics_obtained":["Question Card"]},{"cards_removed":["Strike_R"],"damage_healed":0.0,"max_hp_gain":0.0,"max_hp_loss":0.0,"gold_gain":0.0,"event_name":"Falling","player_choice":"Removed Attack","floor":36.0,"gold_loss":0.0,"damage_taken":0.0},{"damage_healed":0.0,"max_hp_gain":0.0,"max_hp_loss":0.0,"gold_gain":0.0,"event_name":"MindBloom","player_choice":"Fight","floor":37.0,"gold_loss":0.0,"damage_taken":0.0},{"damage_healed":0.0,"max_hp_gain":0.0,"max_hp_loss":0.0,"gold_gain":0.0,"event_name":"SensoryStone","player_choice":"Memory 3","floor":38.0,"gold_loss":0.0,"damage_taken":10.0},{"damage_healed":0.0,"max_hp_gain":0.0,"max_hp_loss":0.0,"gold_gain":222.0,"event_name":"Tomb of Lord Red Mask","player_choice":"Wore Mask","floor":46.0,"gold_loss":0.0,"damage_taken":0.0},{"damage_healed":0.0,"max_hp_gain":0.0,"max_hp_loss":0.0,"gold_gain":0.0,"event_name":"FaceTrader","player_choice":"Trade","floor":47.0,"gold_loss":0.0,"damage_taken":0.0,"relics_obtained":["CultistMask"]}],"is_beta":true,"boss_relics":[{"not_picked":["Coffee Dripper","Runic Pyramid"],"picked":"Mark of Pain"},{"not_picked":["Snecko Eye","Orrery"],"picked":"Cursed Key"}],"items_purged_floors":[45],"is_endless":false,"potions_floor_spawned":[2,7,12,24,25,27,28,30,33,41],"ascension_level":20}