{"gold_per_floor":[114,129,145,156,15,15,35,45,45,80,80,80,12,12,12,114,114,133,133,198,208,224,224,239,239,266,266,276,337,337],"floor_reached":30,"playtime":1617,"items_purged":[],"score":271,"play_id":"9f72ba20-20d8-4228-8f1e-5c2142a5a5dd","local_time":"20190422075139","is_ascension_mode":true,"campfire_choices":[{"floor":6,"key":"REST"},{"data":"Cloak And Dagger","floor":11,"key":"SMITH"},{"floor":15,"key":"REST"},{"data":"Well Laid Plans","floor":23,"key":"SMITH"},{"data":"Footwork","floor":25,"key":"SMITH"},{"data":"Footwork","floor":27,"key":"SMITH"}],"neow_cost":"PERCENT_DAMAGE","seed_source_timestamp":58543088992675,"circlet_count":0,"master_deck":["Defend_G","Defend_G","Defend_G","Defend_G","Defend_G","Strike_G","Strike_G+1","Strike_G","Strike_G","Survivor","Neutralize+1","PiercingWail","Choke","Leg Sweep","Well Laid Plans+1","Die Die Die","Flechettes","Backstab","Cloak And Dagger+1","Footwork+1","A Thousand Cuts","Footwork+1","Cloak And Dagger","Cloak And Dagger","Dagger Throw","Distraction","Prepared"],"relics":["Ring of the Snake","Bird Faced Urn","Turnip","Omamori","WristBlade","SsserpentHead","Regal Pillow"],"potions_floor_usage":[16,20,24,28,30],"damage_taken":[{"damage":2,"enemies":"2 Louse","floor":1,"turns":3},{"damage":2,"enemies":"Cultist","floor":2,"turns":5},{"damage":0,"enemies":"Small Slimes","floor":3,"turns":5},{"damage":16,"enemies":"Exordium Thugs","floor":4,"turns":6},{"damage":1,"enemies":"Red Slaver","floor":7,"turns":4},{"damage":0,"enemies":"Large Slime","floor":8,"turns":6},{"damage":18,"enemies":"Lagavulin","floor":10,"turns":8},{"damage":15,"enemies":"The Guardian","floor":16,"turns":15},{"damage":14,"enemies":"Chosen","floor":18,"turns":7},{"damage":13,"enemies":"2 Thieves","floor":20,"turns":4},{"damage":8,"enemies":"Centurion and Healer","floor":21,"turns":8},{"damage":2,"enemies":"3 Cultists","floor":22,"turns":5},{"damage":12,"enemies":"Shelled Parasite and Fungi","floor":24,"turns":10},{"damage":19,"enemies":"Cultist and Chosen","floor":28,"turns":9},{"damage":15,"enemies":"Snake Plant","floor":29,"turns":7},{"damage":61,"enemies":"Gremlin Leader","floor":30,"turns":6}],"seed_played":"508363074175366029","potions_obtained":[{"floor":4,"key":"AttackPotion"},{"floor":10,"key":"Explosive Potion"},{"floor":16,"key":"Poison Potion"},{"floor":18,"key":"Dexterity Potion"},{"floor":20,"key":"Strength Potion"},{"floor":24,"key":"Fruit Juice"},{"floor":28,"key":"Fruit Juice"}],"is_trial":false,"path_per_floor":["M","M","M","M","$","R","M","M","T","E","R","?","$","?","R","B",null,"M","?","M","M","M","R","M","R","T","R","M","M","E"],"character_chosen":"THE_SILENT","items_purchased":["Die Die Die","Footwork"],"campfire_rested":2,"item_purchase_floors":[5,13],"current_hp_per_floor":[47,45,45,29,29,50,51,53,53,37,37,37,37,23,44,33,70,56,56,49,49,55,55,54,54,54,54,46,39,0],"gold":337,"neow_bonus":"ONE_RARE_RELIC","is_prod":false,"is_daily":false,"chose_seed":false,"campfire_upgraded":4,"win_rate":0,"timestamp":1555883499,"path_taken":["M","M","M","M","$","R","M","M","T","E","R","?","?","?","R","BOSS","M","?","?","M","M","R","M","R","T","R","M","?","E"],"build_version":"2019-01-23","purchased_purges":0,"victory":false,"max_hp_per_floor":[70,70,70,70,70,70,70,70,70,70,70,70,70,70,70,70,70,70,70,70,70,70,70,75,75,75,75,80,80,80],"card_choices":[{"not_picked":["Deadly Poison","Bane"],"picked":"PiercingWail","floor":1},{"not_picked":["PiercingWail","Sucker Punch"],"picked":"Choke","floor":2},{"not_picked":["Quick Slash","Eviscerate"],"picked":"Leg Sweep","floor":3},{"not_picked":["Acrobatics","Poisoned Stab"],"picked":"Well Laid Plans","floor":4},{"not_picked":["Riddle With Holes","Crippling Poison"],"picked":"Flechettes","floor":7},{"not_picked":["Finisher","All Out Attack"],"picked":"Backstab","floor":8},{"not_picked":["Bane","Accuracy"],"picked":"Cloak And Dagger","floor":10},{"not_picked":["Venomology","Night Terror"],"picked":"A Thousand Cuts","floor":16},{"not_picked":["Skewer","Blade Dance"],"picked":"Footwork","floor":18},{"not_picked":["Well Laid Plans","Backstab+1"],"picked":"Cloak And Dagger","floor":20},{"not_picked":["Riddle With Holes","Sucker Punch"],"picked":"Cloak And Dagger","floor":21},{"not_picked":["All Out Attack+1","Quick Slash"],"picked":"Dagger Throw","floor":22},{"not_picked":["Backstab","Escape Plan+1"],"picked":"Distraction","floor":24},{"not_picked":["Riddle With Holes","Slice","Bane+1"],"picked":"SKIP","floor":28},{"not_picked":["Expertise","Bane+1"],"picked":"Prepared","floor":29}],"player_experience":436040,"relics_obtained":[{"floor":9,"key":"Turnip"},{"floor":10,"key":"Omamori"},{"floor":26,"key":"Regal Pillow"}],"event_choices":[{"cards_removed":["Strike_G"],"damage_healed":0,"gold_gain":0,"player_choice":"Purged","damage_taken":0,"max_hp_gain":0,"max_hp_loss":0,"event_name":"Purifier","floor":12,"gold_loss":0},{"damage_healed":0,"gold_gain":0,"player_choice":"Entered Light","damage_taken":14,"max_hp_gain":0,"max_hp_loss":0,"event_name":"Shining Light","floor":14,"gold_loss":0,"cards_upgraded":["Strike_G","Neutralize"]},{"damage_healed":0,"gold_gain":0,"player_choice":"Trade","damage_taken":0,"relics_obtained":["SsserpentHead"],"max_hp_gain":0,"max_hp_loss":0,"event_name":"FaceTrader","floor":19,"gold_loss":0}],"is_beta":false,"boss_relics":[{"not_picked":["Orrery","Ectoplasm"],"picked":"WristBlade"}],"items_purged_floors":[],"is_endless":false,"potions_floor_spawned":[4,10,16,18,20,24,28],"killed_by":"Gremlin Leader","ascension_level":3}