{"gold_per_floor":[109,123,135,135,135,135,148,148,148,158,186,10,30,55,55,152,152,167,167,14,26,26,59,26,26,51,51,51],"floor_reached":28,"playtime":857,"items_purged":["Strike_B","Strike_B"],"score":369,"play_id":"d3b9216b-10e8-47d5-b077-289ed9250dd1","local_time":"20190609032300","is_ascension_mode":true,"campfire_choices":[{"data":"Loop","floor":6.0,"key":"SMITH"},{"data":"Coolheaded","floor":8.0,"key":"SMITH"},{"floor":15.0,"key":"REST"},{"floor":27,"key":"REST"}],"neow_cost":"NONE","seed_source_timestamp":0,"circlet_count":0,"master_deck":["AscendersBane","Strike_B","Strike_B","Defend_B","Defend_B","Defend_B","Defend_B","Zap","Dualcast","White Noise","Loop+1","Tempest","Coolheaded+1","Compile Driver+1","Amplify","Rip and Tear+1","Sweeping Beam+1","Stack","Beam Cell+1","Echo Form","Turbo","Streamline+1","Steam","Panacea","Defragment","Turbo"],"special_seed":0,"relics":["Cracked Core","NeowsBlessing","Thread and Needle","Molten Egg 2","Juzu Bracelet","Dodecahedron","Nuclear Battery","MawBank","Omamori"],"potions_floor_usage":[23,23,23,28],"damage_taken":[{"damage":0.0,"enemies":"Jaw Worm","floor":1.0,"turns":1.0},{"damage":0.0,"enemies":"2 Louse","floor":2.0,"turns":1.0},{"damage":0.0,"enemies":"Cultist","floor":3.0,"turns":1.0},{"damage":2.0,"enemies":"Looter","floor":7.0,"turns":3.0},{"damage":0.0,"enemies":"Large Slime","floor":10.0,"turns":5.0},{"damage":6.0,"enemies":"3 Sentries","floor":11.0,"turns":2.0},{"damage":0.0,"enemies":"Red Slaver","floor":13.0,"turns":3.0},{"damage":25.0,"enemies":"Gremlin Nob","floor":14.0,"turns":4.0},{"damage":1.0,"enemies":"Slime Boss","floor":16.0,"turns":9.0},{"damage":15.0,"enemies":"3 Byrds","floor":18.0,"turns":3.0},{"damage":1,"enemies":"Spheric Guardian","floor":21,"turns":3},{"damage":35,"enemies":"Gremlin Leader","floor":23,"turns":5},{"damage":48,"enemies":"Book of Stabbing","floor":28,"turns":3}],"seed_played":"3277535112613378369","potions_obtained":[{"floor":1.0,"key":"Ancient Potion"},{"floor":2.0,"key":"SmokeBomb"},{"floor":11.0,"key":"Poison Potion"},{"floor":13.0,"key":"EntropicBrew"},{"floor":21,"key":"AttackPotion"},{"floor":23,"key":"Energy Potion"}],"is_trial":false,"path_per_floor":["M","M","M","?","?","R","M","R","T","M","E","$","M","E","R","B",null,"M","?","$","M","?","E","$","?","T","R","E"],"character_chosen":"DEFECT","items_purchased":["Rip and Tear+1","Sweeping Beam+1","Streamline+1","Turbo"],"campfire_rested":2,"item_purchase_floors":[12,12,20,24],"current_hp_per_floor":[68,68,68,61,61,61,59,59,59,59,53,53,53,28,50,49,69,54,54,54,53,53,18,18,18,18,40,0],"gold":51,"neow_bonus":"THREE_ENEMY_KILL","is_prod":false,"is_daily":false,"chose_seed":false,"campfire_upgraded":2,"win_rate":0,"timestamp":1560014580,"path_taken":["M","M","M","?","?","R","M","R","T","?","E","$","M","E","R","BOSS","M","?","$","M","?","E","$","?","T","R","E"],"build_version":"2019-01-23","purchased_purges":2,"victory":false,"max_hp_per_floor":[75,75,75,75,75,75,75,75,75,75,75,75,75,75,75,75,75,75,75,75,75,75,75,75,75,75,75,75],"card_choices":[{"not_picked":["Melter","Capacitor"],"picked":"White Noise","floor":1.0},{"not_picked":["Barrage","Reprogram"],"picked":"Loop","floor":2.0},{"not_picked":["Compile Driver","Gash"],"picked":"Tempest","floor":3.0},{"not_picked":["Storm","Rip and Tear"],"picked":"Coolheaded","floor":7.0},{"not_picked":["Hologram","Steam"],"picked":"Compile Driver+1","floor":10.0},{"not_picked":["Rebound+1","Blizzard+1"],"picked":"Amplify","floor":11.0},{"not_picked":["Sweeping Beam+1","Beam Cell+1"],"picked":"Stack","floor":13.0},{"not_picked":["Sweeping Beam+1","Amplify"],"picked":"Beam Cell+1","floor":14.0},{"not_picked":["Seek","Reboot"],"picked":"Echo Form","floor":16.0},{"not_picked":["Barrage+1","Sweeping Beam+1"],"picked":"Turbo","floor":18.0},{"not_picked":["Streamline+1","Beam Cell+1"],"picked":"Steam","floor":21},{"not_picked":["Sunder+1","Doom and Gloom+1"],"picked":"Defragment","floor":23}],"player_experience":839470,"relics_obtained":[{"floor":9.0,"key":"Molten Egg 2"},{"floor":11.0,"key":"Juzu Bracelet"},{"floor":14.0,"key":"Dodecahedron"},{"floor":23,"key":"MawBank"},{"floor":26,"key":"Omamori"}],"event_choices":[{"damage_healed":0.0,"max_hp_gain":0.0,"max_hp_loss":0.0,"gold_gain":0.0,"event_name":"Scrap Ooze","player_choice":"Success","floor":4.0,"gold_loss":0.0,"damage_taken":7.0,"relics_obtained":["Thread and Needle"]},{"damage_healed":0.0,"max_hp_gain":0.0,"max_hp_loss":0.0,"gold_gain":0.0,"event_name":"The Woman in Blue","player_choice":"Bought 0 Potions","floor":5.0,"gold_loss":0.0,"damage_taken":0.0},{"damage_healed":0.0,"max_hp_gain":0.0,"max_hp_loss":0.0,"gold_gain":0.0,"event_name":"Vampires","player_choice":"Ignored","floor":19.0,"gold_loss":0.0,"damage_taken":0.0},{"damage_healed":0,"gold_gain":0,"player_choice":"1 cards matched","damage_taken":0,"max_hp_gain":0,"max_hp_loss":0,"event_name":"Match and Keep!","floor":22,"gold_loss":0,"cards_obtained":["Panacea"]},{"damage_healed":0,"gold_gain":0,"player_choice":"Leave","damage_taken":0,"max_hp_gain":0,"max_hp_loss":0,"event_name":"FaceTrader","floor":25,"gold_loss":0}],"is_beta":false,"boss_relics":[{"not_picked":["Inserter","Fusion Hammer"],"picked":"Nuclear Battery"}],"items_purged_floors":[12,20],"is_endless":false,"potions_floor_spawned":[1,2,11,13,21,23],"killed_by":"Book of Stabbing","ascension_level":10}