{"gold_per_floor":[115,40,40,61,10,53,67,85,85,85,38,81,81,102,102,232,232,248,98,23,23,41,41,54,54],"floor_reached":25,"playtime":740,"items_purged":["Strike_B"],"score":211,"play_id":"6e76d68c-e036-4151-94eb-f996ef4feb78","local_time":"20190108183915","is_ascension_mode":false,"campfire_choices":[{"floor":10,"key":"DIG"},{"floor":13,"key":"DIG"},{"floor":15,"key":"REST"},{"floor":23,"key":"DIG"}],"neow_cost":"NONE","seed_source_timestamp":1145281867332265,"circlet_count":0,"master_deck":["Strike_B+1","Strike_B","Strike_B","Defend_B","Defend_B","Defend_B","Zap","Dualcast+1","Leap","Redo","Conserve Battery","Lockon+1","Capacitor","Ball Lightning","Leap","Cold Snap","Go for the Eyes","Multi-Cast","Turbo+1","Ball Lightning","BootSequence","Rebound+1","Consume+1"],"relics":["Cracked Core","Golden Idol","StoneCalendar","Shovel","Calipers","Oddly Smooth Stone","Whetstone","Philosopher\u0027s Stone","Vajra","Gambling Chip"],"potions_floor_usage":[25,25],"damage_taken":[{"damage":1,"enemies":"Jaw Worm","floor":1,"turns":2},{"damage":2,"enemies":"Small Slimes","floor":4,"turns":3},{"damage":13,"enemies":"Gremlin Nob","floor":6,"turns":4},{"damage":0,"enemies":"Cultist","floor":7,"turns":2},{"damage":3,"enemies":"Looter","floor":8,"turns":3},{"damage":11,"enemies":"3 Sentries","floor":12,"turns":6},{"damage":16,"enemies":"3 Louse","floor":14,"turns":2},{"damage":15,"enemies":"Slime Boss","floor":16,"turns":7},{"damage":27,"enemies":"2 Thieves","floor":18,"turns":4},{"damage":1,"enemies":"Chosen","floor":22,"turns":3},{"damage":43,"enemies":"3 Cultists","floor":24,"turns":6},{"damage":4,"enemies":"Shelled Parasite and Fungi","floor":25,"turns":2}],"seed_played":"-835869295694146335","potions_obtained":[{"floor":12,"key":"Swift Potion"},{"floor":16,"key":"EssenceOfSteel"},{"floor":24,"key":"Weak Potion"}],"is_trial":false,"path_per_floor":["M","$","?","M","$","E","M","M","T","R","$","E","R","M","R","B",null,"M","$","?","?","M","R","M","M"],"character_chosen":"DEFECT","items_purchased":["Conserve Battery","Leap","Vajra"],"campfire_rested":1,"item_purchase_floors":[5,11,19],"current_hp_per_floor":[74,74,56,54,54,41,41,38,38,38,38,27,27,11,33,18,75,48,48,48,48,47,47,4,0],"gold":54,"neow_bonus":"UPGRADE_CARD","is_prod":false,"is_daily":false,"chose_seed":false,"campfire_upgraded":0,"win_rate":0.0,"timestamp":1546990755,"path_taken":["M","$","?","M","?","E","M","M","T","R","$","E","R","M","R","BOSS","M","$","?","?","M","R","?","M"],"build_version":"2019-01-03v4","purchased_purges":1,"victory":false,"max_hp_per_floor":[75,75,75,75,75,75,75,75,75,75,75,75,75,75,75,75,75,75,75,75,75,75,75,75,75],"card_choices":[{"not_picked":["Compile Driver","BootSequence"],"picked":"Leap","floor":1},{"not_picked":["Gash","Genetic Algorithm"],"picked":"Redo","floor":4},{"not_picked":["Steam","Gash"],"picked":"Lockon","floor":6},{"not_picked":["Rebound","Force Field"],"picked":"Capacitor","floor":7},{"not_picked":["Genetic Algorithm","Heatsinks"],"picked":"Ball Lightning","floor":8},{"not_picked":["Streamline","Beam Cell"],"picked":"Cold Snap","floor":12},{"not_picked":["Blizzard","Chaos"],"picked":"Go for the Eyes","floor":14},{"not_picked":["Fission","Machine Learning"],"picked":"Multi-Cast","floor":16},{"not_picked":["Chaos","Conserve Battery"],"picked":"Turbo+1","floor":18},{"not_picked":["Leap","Melter"],"picked":"Rebound+1","floor":22},{"not_picked":["White Noise","Scrape"],"picked":"Consume+1","floor":24}],"player_experience":23814,"relics_obtained":[{"floor":6,"key":"StoneCalendar"},{"floor":9,"key":"Shovel"},{"floor":10,"key":"Calipers"},{"floor":12,"key":"Oddly Smooth Stone"},{"floor":13,"key":"Whetstone"},{"floor":23,"key":"Gambling Chip"}],"event_choices":[{"damage_healed":0,"gold_gain":0,"player_choice":"Take Damage","damage_taken":18,"relics_obtained":["Golden Idol"],"max_hp_gain":0,"max_hp_loss":0,"event_name":"Golden Idol","floor":3,"gold_loss":0},{"cards_removed":["Defend_B"],"damage_healed":0,"gold_gain":0,"player_choice":"Gave Gold","damage_taken":0,"max_hp_gain":0,"max_hp_loss":0,"event_name":"Beggar","floor":20,"gold_loss":75},{"damage_healed":0,"gold_gain":0,"player_choice":"2 cards matched","damage_taken":0,"max_hp_gain":0,"max_hp_loss":0,"event_name":"Match and Keep!","floor":21,"gold_loss":0,"cards_obtained":["Ball Lightning","BootSequence"]}],"is_beta":false,"boss_relics":[{"not_picked":["Snecko Eye","Calling Bell"],"picked":"Philosopher\u0027s Stone"}],"items_purged_floors":[2],"is_endless":false,"potions_floor_spawned":[12,16,24],"killed_by":"Shelled Parasite and Fungi","ascension_level":0}