{"gold_per_floor":[112,122,47,67,67,67,94,94,118,130,156,169,169,196,196,196],"floor_reached":16,"playtime":1309,"items_purged":["Strike_B"],"score":180,"play_id":"7b24bbde-9234-4b56-b70a-40f3cfd56941","local_time":"20190704155522","is_ascension_mode":true,"campfire_choices":[{"data":"Self Repair","floor":6.0,"key":"SMITH"},{"data":"Chill","floor":8.0,"key":"SMITH"},{"floor":15,"key":"REST"}],"neow_cost":"NONE","seed_source_timestamp":101949742918555,"circlet_count":0,"master_deck":["AscendersBane","Strike_B","Strike_B","Defend_B","Defend_B","Defend_B","Defend_B","Zap","Dualcast","Chill+1","Self Repair+1","Self Repair","Sunder","Amplify","Melter"],"special_seed":0,"relics":["Cracked Core","NeowsBlessing","Dream Catcher","Smiling Mask","Omamori","Ancient Tea Set","Potion Belt"],"potions_floor_usage":[14,16],"damage_taken":[{"damage":0.0,"enemies":"2 Louse","floor":1.0,"turns":1.0},{"damage":0.0,"enemies":"Cultist","floor":2.0,"turns":1.0},{"damage":0.0,"enemies":"Small Slimes","floor":4.0,"turns":1.0},{"damage":30.0,"enemies":"Gremlin Nob","floor":7.0,"turns":5.0},{"damage":15,"enemies":"Looter","floor":10,"turns":4},{"damage":26,"enemies":"3 Sentries","floor":11,"turns":13},{"damage":11,"enemies":"Red Slaver","floor":12,"turns":6},{"damage":21,"enemies":"Gremlin Nob","floor":14,"turns":5},{"damage":82,"enemies":"Slime Boss","floor":16,"turns":12}],"seed_played":"-6442102268798822108","potions_obtained":[{"floor":4.0,"key":"Weak Potion"},{"floor":7.0,"key":"Strength Potion"},{"floor":11,"key":"Block Potion"},{"floor":14,"key":"Regen Potion"}],"is_trial":false,"path_per_floor":["M","M","$","M","?","R","E","R","T","M","E","M","?","E","R","B"],"character_chosen":"DEFECT","items_purchased":[],"campfire_rested":1,"item_purchase_floors":[],"current_hp_per_floor":[68,68,68,68,68,68,48,48,48,50,41,47,47,43,65,0],"gold":196,"neow_bonus":"THREE_ENEMY_KILL","is_prod":false,"is_daily":false,"chose_seed":false,"campfire_upgraded":2,"win_rate":0,"timestamp":1562273722,"path_taken":["M","M","$","M","?","R","E","R","T","M","E","?","?","E","R","BOSS"],"build_version":"2019-07-01","purchased_purges":1,"victory":false,"max_hp_per_floor":[75,75,75,75,75,75,75,75,75,75,75,75,75,75,75,75],"card_choices":[{"not_picked":["Steam","Go for the Eyes"],"picked":"Chill","floor":1.0},{"not_picked":["Darkness","Barrage","Static Discharge"],"picked":"SKIP","floor":2.0},{"not_picked":["Redo","Cold Snap"],"picked":"Self Repair","floor":4.0},{"not_picked":["Steam","Sweeping Beam"],"picked":"Self Repair","floor":7.0},{"not_picked":["Barrage","Heatsinks","Compile Driver"],"picked":"SKIP","floor":10},{"not_picked":["Coolheaded","Electrodynamics","Steam"],"picked":"SKIP","floor":11},{"not_picked":["Barrage","White Noise"],"picked":"Sunder","floor":12},{"not_picked":["Ball Lightning","Sweeping Beam"],"picked":"Amplify","floor":14},{"not_picked":["Go for the Eyes","Recycle"],"picked":"Melter","floor":15}],"player_experience":517495,"relics_obtained":[{"floor":5.0,"key":"Dream Catcher"},{"floor":7.0,"key":"Smiling Mask"},{"floor":9.0,"key":"Omamori"},{"floor":11,"key":"Ancient Tea Set"},{"floor":14,"key":"Potion Belt"}],"event_choices":[{"damage_healed":0.0,"max_hp_gain":0.0,"max_hp_loss":0.0,"gold_gain":0.0,"event_name":"Wheel of Change","player_choice":"Relic","floor":5.0,"gold_loss":0.0,"damage_taken":0.0},{"cards_removed":["Strike_B"],"damage_healed":0,"gold_gain":0,"player_choice":"Forget","damage_taken":0,"max_hp_gain":0,"max_hp_loss":0,"event_name":"Living Wall","floor":13,"gold_loss":0}],"is_beta":false,"boss_relics":[],"items_purged_floors":[3],"is_endless":false,"potions_floor_spawned":[4,7,11,14],"killed_by":"Slime Boss","ascension_level":10}