{"gold_per_floor":[115,139,155,330,340,340,352,352,352,379,10,38,38,58,58,154,154,164,164,89,102,102,102,102],"floor_reached":24,"playtime":773,"items_purged":["Doubt"],"score":326,"play_id":"4df55053-e85a-460d-a31f-2d0e2ad94fec","local_time":"20190702200356","is_ascension_mode":true,"campfire_choices":[{"data":"Neutralize","floor":6,"key":"SMITH"},{"data":"Poisoned Stab","floor":8,"key":"SMITH"},{"floor":15,"key":"REST"},{"data":"Adrenaline","floor":23,"key":"SMITH"}],"neow_cost":"NONE","seed_source_timestamp":18313540385911,"circlet_count":0,"master_deck":["AscendersBane","Strike_G","Strike_G","Strike_G","Strike_G+1","Strike_G+1","Defend_G","Defend_G","Defend_G","Defend_G","Defend_G+1","Survivor","Neutralize+1","Bouncing Flask+1","Acrobatics","Poisoned Stab+1","Predator","Night Terror","Dodge and Roll","Adrenaline","Noxious Fumes","Adrenaline+1","Injury","Parasite","Dagger Throw+1","Crippling Poison","Dagger Spray+1","RitualDagger+1"],"relics":["Ring of the Snake","NeowsBlessing","War Paint","Gremlin Horn","Ornamental Fan","Molten Egg 2","Whetstone","Meat on the Bone","Calling Bell","Vajra","Darkstone Periapt","Thread and Needle"],"potions_floor_usage":[16,16,18,24],"damage_taken":[{"damage":0,"enemies":"Cultist","floor":1,"turns":1},{"damage":0,"enemies":"Small Slimes","floor":3,"turns":1},{"damage":0,"enemies":"Jaw Worm","floor":5,"turns":1},{"damage":5,"enemies":"Blue Slaver","floor":7,"turns":4},{"damage":17,"enemies":"Lagavulin","floor":10,"turns":5},{"damage":28,"enemies":"Gremlin Nob","floor":12,"turns":5},{"damage":0,"enemies":"2 Fungi Beasts","floor":14,"turns":2},{"damage":30,"enemies":"Slime Boss","floor":16,"turns":11},{"damage":4,"enemies":"3 Byrds","floor":18,"turns":3},{"damage":6,"enemies":"Shell Parasite","floor":21,"turns":6},{"damage":46,"enemies":"Book of Stabbing","floor":24,"turns":5}],"seed_played":"4756489951773796521","potions_obtained":[{"floor":1,"key":"Explosive Potion"},{"floor":10,"key":"SteroidPotion"},{"floor":16,"key":"LiquidBronze"},{"floor":18,"key":"AttackPotion"}],"is_trial":false,"path_per_floor":["M","T","M","?","M","R","M","R","T","E","$","E","?","M","R","B",null,"M","?","?","M","?","R","E"],"character_chosen":"THE_SILENT","items_purchased":["Molten Egg 2","Dodge and Roll"],"campfire_rested":1,"item_purchase_floors":[11,11],"current_hp_per_floor":[63,63,63,63,63,63,58,58,58,41,41,13,6,18,39,21,58,54,54,54,48,42,42,0],"gold":102,"neow_bonus":"THREE_ENEMY_KILL","is_prod":false,"is_daily":false,"chose_seed":false,"campfire_upgraded":3,"win_rate":0,"timestamp":1562061836,"path_taken":["M","?","M","?","M","R","M","R","T","E","$","E","?","M","R","BOSS","M","?","?","M","?","R","E"],"build_version":"2019-07-01","purchased_purges":1,"victory":false,"max_hp_per_floor":[70,70,70,70,70,70,70,70,70,70,70,70,70,70,70,70,70,70,70,70,70,70,70,70],"card_choices":[{"not_picked":["Catalyst","Deflect"],"picked":"Bouncing Flask","floor":1},{"not_picked":["Skewer","Prepared"],"picked":"Acrobatics","floor":3},{"not_picked":["Acrobatics","Quick Slash"],"picked":"Poisoned Stab","floor":5},{"not_picked":["Blur","Flechettes"],"picked":"Predator","floor":7},{"not_picked":["Flechettes","Outmaneuver"],"picked":"Night Terror","floor":10},{"not_picked":["Backstab+1","Flying Knee+1"],"picked":"Adrenaline","floor":12},{"not_picked":["Poisoned Stab+1","Acrobatics"],"picked":"Noxious Fumes","floor":14},{"not_picked":["A Thousand Cuts","Unload+1"],"picked":"Adrenaline","floor":16},{"not_picked":["Dagger Spray+1","Outmaneuver+1"],"picked":"Dagger Throw+1","floor":18},{"not_picked":["Setup","Deflect"],"picked":"Dagger Spray+1","floor":21}],"player_experience":902485,"relics_obtained":[{"floor":2,"key":"War Paint"},{"floor":9,"key":"Gremlin Horn"},{"floor":10,"key":"Ornamental Fan"},{"floor":12,"key":"Whetstone"},{"floor":17,"key":"Vajra"},{"floor":17,"key":"Darkstone Periapt"},{"floor":17,"key":"Thread and Needle"}],"event_choices":[{"damage_healed":0,"gold_gain":175,"player_choice":"AGREE","damage_taken":0,"max_hp_gain":0,"max_hp_loss":0,"event_name":"Liars Game","floor":4,"gold_loss":0,"cards_obtained":["Doubt"]},{"damage_healed":0,"gold_gain":0,"player_choice":"Success","damage_taken":7,"relics_obtained":["Meat on the Bone"],"max_hp_gain":0,"max_hp_loss":0,"event_name":"Scrap Ooze","floor":13,"gold_loss":0},{"damage_healed":0,"gold_gain":0,"player_choice":"Read","damage_taken":0,"max_hp_gain":0,"max_hp_loss":0,"event_name":"The Library","floor":19,"gold_loss":0,"cards_obtained":["Crippling Poison"]},{"cards_removed":["Shame"],"damage_healed":0,"gold_gain":0,"player_choice":"Gave Gold","damage_taken":0,"max_hp_gain":0,"max_hp_loss":0,"event_name":"Beggar","floor":20,"gold_loss":75},{"damage_healed":0,"gold_gain":0,"player_choice":"Joined the Cult","damage_taken":6,"max_hp_gain":0,"max_hp_loss":0,"event_name":"Nest","floor":22,"gold_loss":0,"cards_obtained":["RitualDagger"]}],"is_beta":false,"boss_relics":[{"not_picked":["Black Star","Coffee Dripper"],"picked":"Calling Bell"}],"items_purged_floors":[11],"is_endless":false,"potions_floor_spawned":[1,10,16,18],"killed_by":"Book of Stabbing","ascension_level":12}