{"gold_per_floor":[213,288,11,28,48,48,74,74,74,99,112,112,112,112],"floor_reached":14,"playtime":595,"items_purged":[],"score":196,"play_id":"7c8c171d-d6ed-4e37-844b-e8cc42e7fb32","local_time":"20190620082001","is_ascension_mode":true,"campfire_choices":[{"floor":8.0,"key":"REST"},{"floor":12,"key":"REST"}],"neow_cost":"NONE","seed_source_timestamp":0,"circlet_count":0,"master_deck":["AscendersBane","Strike_G","Strike_G","Strike_G","Strike_G","Strike_G","Defend_G+1","Defend_G","Defend_G","Defend_G+1","Defend_G","Survivor","Neutralize","Backflip","Noxious Fumes","Masterful Stab","Flying Knee","Catalyst","Caltrops","Dash","Crippling Poison","Decay"],"special_seed":0,"relics":["Ring of the Snake","War Paint","Mummified Hand","Bottled Tornado","Tingsha"],"potions_floor_usage":[10,11],"damage_taken":[{"damage":6.0,"enemies":"Jaw Worm","floor":1.0,"turns":5.0},{"damage":0.0,"enemies":"Small Slimes","floor":4.0,"turns":3.0},{"damage":1.0,"enemies":"Cultist","floor":5.0,"turns":4.0},{"damage":28.0,"enemies":"Lagavulin","floor":7.0,"turns":8.0},{"damage":30,"enemies":"Gremlin Nob","floor":10,"turns":4},{"damage":0,"enemies":"Gremlin Gang","floor":11,"turns":3},{"damage":34,"enemies":"Lagavulin","floor":14,"turns":5}],"seed_played":"908556972218945","potions_obtained":[{"floor":7.0,"key":"AttackPotion"},{"floor":10,"key":"PowerPotion"},{"floor":11,"key":"GamblersBrew"}],"is_trial":false,"path_per_floor":["M","?","$","M","M","?","E","R","T","E","M","R","?","E"],"character_chosen":"THE_SILENT","items_purchased":["Noxious Fumes","War Paint","Masterful Stab"],"campfire_rested":2,"item_purchase_floors":[3,3,3],"current_hp_per_floor":[53,42,42,42,41,41,13,32,32,2,2,21,21,0],"gold":112,"neow_bonus":"HUNDRED_GOLD","is_prod":false,"is_daily":false,"chose_seed":false,"campfire_upgraded":0,"win_rate":0,"timestamp":1561033201,"path_taken":["M","?","$","M","M","?","E","R","T","E","M","R","?","E"],"build_version":"2019-06-18","purchased_purges":0,"victory":false,"max_hp_per_floor":[66,66,66,66,66,66,66,66,66,66,66,66,66,66],"card_choices":[{"not_picked":["Dodge and Roll","Blur"],"picked":"Backflip","floor":1.0},{"not_picked":["Prepared","Quick Slash"],"picked":"Flying Knee","floor":4.0},{"not_picked":["Bouncing Flask","Calculated Gamble"],"picked":"Catalyst","floor":5.0},{"not_picked":["Dodge and Roll","Flechettes"],"picked":"Caltrops","floor":7.0},{"not_picked":["Crippling Poison","Riddle With Holes"],"picked":"Dash","floor":10},{"not_picked":["Bane","Acrobatics"],"picked":"Crippling Poison","floor":11}],"player_experience":2986322,"relics_obtained":[{"floor":7.0,"key":"Mummified Hand"},{"floor":9.0,"key":"Bottled Tornado"},{"floor":10,"key":"Tingsha"}],"event_choices":[{"damage_healed":0.0,"max_hp_gain":0.0,"max_hp_loss":0.0,"gold_gain":75.0,"event_name":"World of Goop","player_choice":"Gather Gold","floor":2.0,"gold_loss":0.0,"damage_taken":11.0},{"damage_healed":0.0,"max_hp_gain":0.0,"max_hp_loss":0.0,"gold_gain":0.0,"event_name":"Liars Game","player_choice":"Ignored","floor":6.0,"gold_loss":0.0,"damage_taken":0.0},{"damage_healed":0,"gold_gain":0,"player_choice":"Cursed","damage_taken":0,"max_hp_gain":0,"max_hp_loss":0,"event_name":"Wheel of Change","floor":13,"gold_loss":0,"cards_obtained":["Decay"]}],"is_beta":true,"boss_relics":[],"items_purged_floors":[],"is_endless":false,"potions_floor_spawned":[7,10,11],"killed_by":"Lagavulin","ascension_level":20}