{"gold_per_floor":[14,14,30,50,60,60,90,107,133,133,188,199,215,215,215,311,311,322,31,48,61,77,77,90,90,90,110,129,143,170,189,189,189],"floor_reached":33,"playtime":5902,"items_purged":[],"score":287,"play_id":"37ae0dda-adba-4ac9-a2b4-aa7f88f895cf","local_time":"20190326063042","is_ascension_mode":false,"campfire_choices":[{"data":"Neutralize","floor":6,"key":"SMITH"},{"data":"A Thousand Cuts","floor":10,"key":"SMITH"},{"data":"Cloak And Dagger","floor":15,"key":"SMITH"},{"floor":23,"key":"REST"},{"floor":25,"key":"REST"},{"floor":32,"key":"REST"}],"neow_cost":"NO_GOLD","seed_source_timestamp":34685814358552,"circlet_count":0,"master_deck":["Defend_G","Defend_G","Defend_G","Defend_G","Strike_G","Strike_G","Strike_G","Strike_G","Survivor","Neutralize+1","Acrobatics","Blade Dance","Quick Slash","Backflip","Deflect","A Thousand Cuts+1","Cloak And Dagger+1","Dodge and Roll","Adrenaline","Dagger Spray","Blade Dance","Prepared","Finisher","Backflip","Acrobatics+1","Tactician+1","Prepared","Deflect","Backstab","Flying Knee","Footwork+1","Outmaneuver+1","Dagger Throw+1","Escape Plan"],"relics":["Ring of the Snake","Ninja Scroll","Omamori","Tiny Chest","Orrery","Lantern","Boot","The Courier","Molten Egg 2"],"potions_floor_usage":[7,11,11,16,21,21,22,28,30],"damage_taken":[{"damage":0,"enemies":"2 Louse","floor":1,"turns":3},{"damage":0,"enemies":"Cultist","floor":3,"turns":4},{"damage":3,"enemies":"Small Slimes","floor":4,"turns":3},{"damage":8,"enemies":"3 Louse","floor":5,"turns":4},{"damage":11,"enemies":"Lagavulin","floor":7,"turns":8},{"damage":1,"enemies":"Exordium Wildlife","floor":8,"turns":5},{"damage":10,"enemies":"3 Sentries","floor":11,"turns":6},{"damage":3,"enemies":"Large Slime","floor":12,"turns":3},{"damage":0,"enemies":"Gremlin Gang","floor":13,"turns":3},{"damage":43,"enemies":"Hexaghost","floor":16,"turns":15},{"damage":0,"enemies":"Chosen","floor":18,"turns":4},{"damage":0,"enemies":"3 Byrds","floor":20,"turns":2},{"damage":12,"enemies":"Shelled Parasite and Fungi","floor":21,"turns":8},{"damage":25,"enemies":"Cultist and Chosen","floor":22,"turns":5},{"damage":11,"enemies":"Centurion and Healer","floor":24,"turns":6},{"damage":18,"enemies":"Snake Plant","floor":27,"turns":7},{"damage":13,"enemies":"Cultist and Chosen","floor":28,"turns":5},{"damage":0,"enemies":"3 Cultists","floor":29,"turns":3},{"damage":5,"enemies":"Gremlin Leader","floor":30,"turns":8},{"damage":9,"enemies":"Shelled Parasite and Fungi","floor":31,"turns":4},{"damage":60,"enemies":"Collector","floor":33,"turns":5}],"seed_played":"-5945790155587124650","potions_obtained":[{"floor":4,"key":"Energy Potion"},{"floor":7,"key":"FearPotion"},{"floor":8,"key":"FearPotion"},{"floor":11,"key":"Ancient Potion"},{"floor":16,"key":"AttackPotion"},{"floor":18,"key":"SkillPotion"},{"floor":22,"key":"Fruit Juice"},{"floor":27,"key":"Poison Potion"},{"floor":29,"key":"Weak Potion"}],"is_trial":false,"path_per_floor":["M","?","M","M","M","R","E","M","T","R","E","M","M","?","R","B",null,"M","$","M","M","M","R","M","R","T","M","M","M","E","M","R","B"],"character_chosen":"THE_SILENT","items_purchased":["Lantern","Boot"],"campfire_rested":3,"item_purchase_floors":[19,19],"current_hp_per_floor":[70,70,70,67,59,59,48,47,47,47,37,34,34,70,70,27,70,70,70,70,58,38,60,49,71,71,53,40,40,35,26,48,0],"gold":189,"neow_bonus":"REMOVE_TWO","is_prod":false,"is_daily":false,"chose_seed":false,"campfire_upgraded":3,"win_rate":0,"timestamp":1553545842,"path_taken":["M","?","?","M","M","R","E","M","T","R","E","?","M","?","R","BOSS","M","$","M","M","M","R","M","R","T","M","?","M","E","M","R","BOSS"],"build_version":"2019-01-23","purchased_purges":0,"victory":false,"max_hp_per_floor":[70,70,70,70,70,70,70,70,70,70,70,70,70,70,70,70,70,70,70,70,70,75,75,75,75,75,75,75,75,75,75,75,75],"card_choices":[{"not_picked":["Crippling Poison","Noxious Fumes"],"picked":"Acrobatics","floor":1},{"not_picked":["Calculated Gamble","Footwork"],"picked":"Blade Dance","floor":3},{"not_picked":["Reflex","Setup"],"picked":"Quick Slash","floor":4},{"not_picked":["Reflex","All Out Attack"],"picked":"Backflip","floor":5},{"not_picked":["Backflip","Bane"],"picked":"Deflect","floor":7},{"not_picked":["Leg Sweep","Slice"],"picked":"A Thousand Cuts","floor":8},{"not_picked":["Acrobatics","Dagger Throw"],"picked":"Well Laid Plans","floor":11},{"not_picked":["Dash","Finisher"],"picked":"Cloak And Dagger","floor":12},{"not_picked":["Leg Sweep","Outmaneuver"],"picked":"Dodge and Roll","floor":13},{"not_picked":["Doppelganger","Corpse Explosion"],"picked":"Adrenaline","floor":16},{"not_picked":["Dash","Caltrops"],"picked":"Dagger Spray","floor":17},{"not_picked":["PiercingWail","Deadly Poison"],"picked":"Blade Dance","floor":17},{"not_picked":["Quick Slash","Flying Knee"],"picked":"Prepared","floor":17},{"not_picked":["Eviscerate","Dagger Throw"],"picked":"Finisher","floor":17},{"not_picked":["Prepared","Riddle With Holes"],"picked":"Backflip","floor":17},{"not_picked":["Deadly Poison","Sucker Punch"],"picked":"Acrobatics+1","floor":18},{"not_picked":["Prepared+1","Doppelganger"],"picked":"Tactician+1","floor":20},{"not_picked":["Backflip","Acrobatics"],"picked":"Prepared","floor":21},{"not_picked":["Dagger Throw+1","Crippling Poison+1"],"picked":"Deflect","floor":22},{"not_picked":["Slice","Prepared"],"picked":"Backstab","floor":24},{"not_picked":["Expertise","Terror"],"picked":"Flying Knee","floor":27},{"not_picked":["Night Terror","Dodge and Roll"],"picked":"Footwork+1","floor":28},{"not_picked":["Backflip","Sucker Punch+1"],"picked":"Outmaneuver+1","floor":29},{"not_picked":["Dash","Slice"],"picked":"Dagger Throw","floor":30},{"not_picked":["Setup","Poisoned Stab+1"],"picked":"Escape Plan","floor":31}],"player_experience":141435,"relics_obtained":[{"floor":2,"key":"Ninja Scroll"},{"floor":7,"key":"Omamori"},{"floor":11,"key":"Tiny Chest"},{"floor":26,"key":"The Courier"},{"floor":30,"key":"Molten Egg 2"}],"event_choices":[{"damage_healed":0,"gold_gain":0,"player_choice":"Relic","damage_taken":0,"max_hp_gain":0,"max_hp_loss":0,"event_name":"Wheel of Change","floor":2,"gold_loss":0},{"cards_removed":["Well Laid Plans"],"damage_healed":36,"gold_gain":0,"player_choice":"Offered Uncommon","damage_taken":0,"max_hp_gain":0,"max_hp_loss":0,"event_name":"Bonfire Elementals","floor":14,"gold_loss":0}],"is_beta":false,"boss_relics":[{"not_picked":["Busted Crown","Velvet Choker"],"picked":"Orrery"}],"items_purged_floors":[],"is_endless":false,"potions_floor_spawned":[4,7,8,11,16,18,22,27,29],"killed_by":"Collector","ascension_level":0}