{"gold_per_floor":[109,129,129,60,80,80,5,38,88,88,106,124,136,146,146,219,219,233,148,148,148,161,161,191,203,240,252,264,292,321,349,361,451,513,540,570,682,694,553,588,588,622,622,622,641,29,45,45,45,45],"floor_reached":51,"playtime":2607,"items_purged":["Strike_R","Strike_R"],"score":1279,"play_id":"d7fec015-511e-4b3c-8bac-1a5a32add129","local_time":"20190704174251","is_ascension_mode":true,"campfire_choices":[{"data":"Armaments","floor":6,"key":"SMITH"},{"data":"Shockwave","floor":10,"key":"SMITH"},{"data":"Demon Form","floor":15,"key":"SMITH"},{"data":"Disarm","floor":23,"key":"SMITH"},{"floor":25,"key":"REST"},{"data":"Limit Break","floor":32,"key":"SMITH"},{"data":"1","floor":41,"key":"LIFT"},{"data":"2","floor":44,"key":"LIFT"},{"data":"3","floor":49,"key":"LIFT"}],"neow_cost":"NONE","seed_source_timestamp":1743018528970609,"circlet_count":0,"master_deck":["AscendersBane","Strike_R","Strike_R","Defend_R+1","Defend_R","Defend_R","Defend_R","Bash","Shrug It Off","Shockwave+1","Clothesline","Demon Form+1","Iron Wave","Headbutt","Pummel","Flame Barrier","Reaper+1","Disarm+1","Battle Trance+1","Limit Break+1","Fiend Fire+1","Shrug It Off","Disarm","Impervious","Impervious","Heavy Blade","Limit Break"],"relics":["Burning Blood","NeowsBlessing","Blood Vial","Centennial Puzzle","Philosopher\u0027s Stone","Bronze Scales","MawBank","Strawberry","Tiny House","Girya","Mercury Hourglass","Bottled Lightning","Ancient Tea Set","Pen Nib","Whetstone"],"potions_floor_usage":[8,18,29,31,42,50,50],"damage_taken":[{"damage":0,"enemies":"Cultist","floor":1,"turns":1},{"damage":0,"enemies":"Small Slimes","floor":2,"turns":1},{"damage":0,"enemies":"Jaw Worm","floor":5,"turns":1},{"damage":13,"enemies":"Lagavulin","floor":8,"turns":9},{"damage":3,"enemies":"2 Fungi Beasts","floor":11,"turns":3},{"damage":4,"enemies":"Blue Slaver","floor":12,"turns":3},{"damage":8,"enemies":"Exordium Thugs","floor":13,"turns":4},{"damage":2,"enemies":"2 Fungi Beasts","floor":14,"turns":5},{"damage":34,"enemies":"Hexaghost","floor":16,"turns":7},{"damage":40,"enemies":"3 Byrds","floor":18,"turns":4},{"damage":14,"enemies":"Shell Parasite","floor":22,"turns":7},{"damage":56,"enemies":"Gremlin Leader","floor":24,"turns":8},{"damage":22,"enemies":"Chosen and Byrds","floor":29,"turns":5},{"damage":13,"enemies":"Cultist and Chosen","floor":30,"turns":6},{"damage":29,"enemies":"Snake Plant","floor":31,"turns":7},{"damage":46,"enemies":"Champ","floor":33,"turns":7},{"damage":37,"enemies":"3 Shapes","floor":35,"turns":8},{"damage":4,"enemies":"Orb Walker","floor":36,"turns":3},{"damage":1,"enemies":"Mind Bloom Boss Battle","floor":37,"turns":9},{"damage":39,"enemies":"Nemesis","floor":40,"turns":9},{"damage":60,"enemies":"Giant Head","floor":42,"turns":11},{"damage":10,"enemies":"Transient","floor":45,"turns":5},{"damage":24,"enemies":"Sphere and 2 Shapes","floor":47,"turns":7},{"damage":49,"enemies":"Time Eater","floor":50,"turns":7}],"seed_played":"9060881740123637654","potions_obtained":[{"floor":5,"key":"FearPotion"},{"floor":8,"key":"BloodPotion"},{"floor":12,"key":"SteroidPotion"},{"floor":24,"key":"GamblersBrew"},{"floor":29,"key":"SpeedPotion"},{"floor":31,"key":"Dexterity Potion"},{"floor":42,"key":"Regen Potion"}],"is_trial":false,"path_per_floor":["M","M","?","$","M","R","$","E","T","R","M","M","M","M","R","B",null,"M","?","?","?","M","R","E","R","T","$","?","M","M","M","R","B",null,"M","M","?","?","$","E","R","E","T","R","M","$","M","?","R","B",null],"character_chosen":"IRONCLAD","items_purchased":["Shockwave","Impervious","Pen Nib","Whetstone","Heavy Blade","Limit Break"],"campfire_rested":1,"item_purchase_floors":[4,39,46,46,46,46],"current_hp_per_floor":[74,75,71,71,75,75,75,68,68,68,73,75,73,75,75,47,68,54,54,54,54,48,48,26,48,55,55,55,55,64,71,71,33,75,57,61,80,80,80,83,83,63,63,63,83,83,65,65,65,71],"gold":45,"neow_bonus":"THREE_ENEMY_KILL","is_prod":false,"is_daily":false,"chose_seed":false,"campfire_upgraded":5,"win_rate":0,"timestamp":1562229771,"path_taken":["M","?","?","$","?","R","?","E","T","R","M","M","M","M","R","BOSS","M","?","?","?","?","R","E","R","T","$","?","M","M","?","R","BOSS","M","M","?","?","$","E","R","E","T","R","M","$","M","?","R","BOSS"],"build_version":"2019-07-01","purchased_purges":2,"victory":true,"max_hp_per_floor":[75,75,75,75,75,75,75,75,75,75,75,75,75,75,75,75,75,75,75,75,75,75,75,75,75,82,82,82,82,82,82,82,82,87,87,87,87,83,83,83,83,83,83,83,83,83,83,83,83,83],"card_choices":[{"not_picked":["Entrench","Warcry"],"picked":"Armaments","floor":1},{"not_picked":["Heavy Blade","Infernal Blade"],"picked":"Shrug It Off","floor":2},{"not_picked":["Havoc","Thunderclap"],"picked":"Clothesline","floor":5},{"not_picked":["Ghostly Armor","Sever Soul"],"picked":"Demon Form","floor":8},{"not_picked":["Clash","Flame Barrier"],"picked":"Iron Wave","floor":11},{"not_picked":["Reckless Charge","Fire Breathing"],"picked":"Headbutt","floor":12},{"not_picked":["Armaments","Combust"],"picked":"Pummel","floor":13},{"not_picked":["Cleave","Armaments"],"picked":"Flame Barrier","floor":14},{"not_picked":["Berserk","Bludgeon"],"picked":"Reaper","floor":16},{"not_picked":["Anger","Havoc","Carnage"],"picked":"SKIP","floor":18},{"not_picked":["Anger","Iron Wave"],"picked":"Battle Trance+1","floor":22},{"not_picked":["Burning Pact","Second Wind"],"picked":"Limit Break","floor":24},{"not_picked":["Clash+1","True Grit"],"picked":"Shrug It Off","floor":29},{"not_picked":["Dropkick","Armaments","Iron Wave"],"picked":"SKIP","floor":30},{"not_picked":["Warcry","Heavy Blade","Power Through"],"picked":"SKIP","floor":31},{"not_picked":["Headbutt","Thunderclap"],"picked":"Disarm","floor":34},{"not_picked":["Thunderclap","Sentinel+1","True Grit"],"picked":"SKIP","floor":35},{"not_picked":["Pommel Strike","Hemokinesis","Combust"],"picked":"SKIP","floor":36},{"not_picked":["Uppercut","Twin Strike"],"picked":"Impervious","floor":40},{"not_picked":["Perfected Strike","Anger","Sword Boomerang"],"picked":"SKIP","floor":42},{"not_picked":["Brutality","Clothesline","Flex+1"],"picked":"SKIP","floor":45},{"not_picked":["True Grit","Searing Blow","Sword Boomerang"],"picked":"SKIP","floor":47},{"not_picked":["True Grit","Searing Blow","Sword Boomerang"],"picked":"SKIP","floor":47}],"player_experience":1071872,"relics_obtained":[{"floor":8,"key":"Blood Vial"},{"floor":9,"key":"Centennial Puzzle"},{"floor":24,"key":"MawBank"},{"floor":26,"key":"Strawberry"},{"floor":37,"key":"Girya"},{"floor":40,"key":"Mercury Hourglass"},{"floor":42,"key":"Bottled Lightning"},{"floor":43,"key":"Ancient Tea Set"}],"event_choices":[{"damage_healed":0,"gold_gain":0,"player_choice":"Bought 0 Potions","damage_taken":0,"max_hp_gain":0,"max_hp_loss":0,"event_name":"The Woman in Blue","floor":3,"gold_loss":0},{"damage_healed":0,"gold_gain":0,"player_choice":"Obtained Relic","damage_taken":0,"relics_obtained":["Bronze Scales"],"max_hp_gain":0,"max_hp_loss":0,"event_name":"Addict","floor":19,"gold_loss":85},{"damage_healed":0,"gold_gain":0,"player_choice":"Read","damage_taken":0,"max_hp_gain":0,"max_hp_loss":0,"event_name":"The Library","floor":20,"gold_loss":0,"cards_obtained":["Disarm"]},{"damage_healed":0,"gold_gain":0,"player_choice":"0 cards matched","damage_taken":0,"max_hp_gain":0,"max_hp_loss":0,"event_name":"Match and Keep!","floor":21,"gold_loss":0,"cards_obtained":[]},{"damage_healed":0,"gold_gain":0,"cards_transformed":["Strike_R"],"player_choice":"Transformed","damage_taken":0,"max_hp_gain":0,"max_hp_loss":0,"event_name":"Transmorgrifier","floor":28,"gold_loss":0,"cards_obtained":["Fiend Fire"]},{"damage_healed":0,"gold_gain":0,"player_choice":"Fight","damage_taken":0,"max_hp_gain":0,"max_hp_loss":0,"event_name":"MindBloom","floor":37,"gold_loss":0},{"damage_healed":0,"gold_gain":0,"player_choice":"Max HP","damage_taken":0,"max_hp_gain":0,"max_hp_loss":4,"event_name":"Winding Halls","floor":38,"gold_loss":0},{"cards_removed":["Armaments"],"damage_healed":0,"gold_gain":0,"player_choice":"Removed Skill","damage_taken":0,"max_hp_gain":0,"max_hp_loss":0,"event_name":"Falling","floor":48,"gold_loss":0}],"is_beta":false,"boss_relics":[{"not_picked":["Ectoplasm","Empty Cage"],"picked":"Philosopher\u0027s Stone"},{"not_picked":["Black Blood","Calling Bell"],"picked":"Tiny House"}],"items_purged_floors":[7,46],"is_endless":false,"potions_floor_spawned":[5,8,12,14,24,29,31,33,35,37,42],"ascension_level":15}