{"gold_per_floor":[114,129,129,141,141,176,17,35,58,78,92,108,72,89,89,187,187,200,115,115,131,149,149,169,169,194,206,236,248,276,308,320,433,445,469,481,513,224,244,244,244,244,244,259,269,269],"floor_reached":46,"playtime":4507,"items_purged":["Defend_R"],"score":480,"play_id":"d21d10f5-7095-4c89-861f-2cf9edff7eb0","local_time":"20190708131131","is_ascension_mode":false,"campfire_choices":[{"data":"Dramatic Entrance","floor":15,"key":"SMITH"},{"data":"Searing Blow","floor":23,"key":"SMITH"},{"data":"Searing Blow+1","floor":25,"key":"SMITH"},{"data":"Searing Blow+2","floor":29,"key":"SMITH"},{"data":"Searing Blow+3","floor":32,"key":"SMITH"},{"data":"Searing Blow+4","floor":40,"key":"SMITH"},{"data":"Searing Blow+5","floor":42,"key":"SMITH"}],"neow_cost":"NONE","seed_source_timestamp":5620131452334,"circlet_count":0,"master_deck":["Strike_R","Strike_R","Strike_R","Strike_R","Strike_R","Defend_R","Defend_R+1","Bash","Forethought+1","Shrug It Off","Carnage","Flex","Searing Blow+6","Pommel Strike","Metallicize","Dramatic Entrance+1","Metallicize","Uppercut","Combust","Pommel Strike","Metallicize","Pommel Strike","Reaper","Inflame+1","Metallicize","Infernal Blade","Uppercut","Seeing Red","Double Tap","Clothesline+1","Reaper","Blood for Blood+1","Sword Boomerang+1","Apotheosis","Armaments","Uppercut+1","Pummel+1","Inflame+1"],"relics":["Burning Blood","Blood Vial","Potion Belt","Coffee Dripper","War Paint","MawBank","Runic Cube","Red Skull"],"potions_floor_usage":[6,6,16,21,33,39],"damage_taken":[{"damage":2,"enemies":"2 Louse","floor":1,"turns":3},{"damage":7,"enemies":"Jaw Worm","floor":2,"turns":7},{"damage":1,"enemies":"Cultist","floor":4,"turns":3},{"damage":42,"enemies":"Lagavulin","floor":6,"turns":8},{"damage":13,"enemies":"Exordium Wildlife","floor":8,"turns":4},{"damage":5,"enemies":"Blue Slaver","floor":10,"turns":3},{"damage":5,"enemies":"Exordium Thugs","floor":11,"turns":4},{"damage":14,"enemies":"Red Slaver","floor":12,"turns":2},{"damage":10,"enemies":"2 Fungi Beasts","floor":14,"turns":3},{"damage":23,"enemies":"Hexaghost","floor":16,"turns":9},{"damage":17,"enemies":"Shell Parasite","floor":18,"turns":5},{"damage":14,"enemies":"3 Byrds","floor":21,"turns":4},{"damage":22,"enemies":"Centurion and Healer","floor":22,"turns":7},{"damage":14,"enemies":"Chosen and Byrds","floor":24,"turns":5},{"damage":18,"enemies":"Shelled Parasite and Fungi","floor":28,"turns":5},{"damage":16,"enemies":"Sentry and Sphere","floor":30,"turns":4},{"damage":10,"enemies":"Cultist and Chosen","floor":31,"turns":3},{"damage":37,"enemies":"Champ","floor":33,"turns":12},{"damage":41,"enemies":"3 Darklings","floor":35,"turns":6},{"damage":30,"enemies":"Orb Walker","floor":37,"turns":5},{"damage":39,"enemies":"Jaw Worm Horde","floor":39,"turns":3},{"damage":30,"enemies":"Writhing Mass","floor":44,"turns":3},{"damage":36,"enemies":"Spire Growth","floor":45,"turns":5},{"damage":22,"enemies":"4 Shapes","floor":46,"turns":4}],"seed_played":"4578981741548986786","potions_obtained":[{"floor":1,"key":"BloodPotion"},{"floor":2,"key":"Explosive Potion"},{"floor":4,"key":"Block Potion"},{"floor":10,"key":"LiquidBronze"},{"floor":18,"key":"SkillPotion"},{"floor":21,"key":"FairyPotion"},{"floor":31,"key":"GamblersBrew"},{"floor":37,"key":"Explosive Potion"}],"is_trial":false,"path_per_floor":["M","M","?","M","?","E","$","M","T","M","M","M","$","M","R","B",null,"M","?","?","M","M","R","M","R","T","$","M","R","M","M","R","B",null,"M","?","M","$","M","R","?","R","T","M","M","M"],"character_chosen":"IRONCLAD","items_purchased":["Metallicize","Dramatic Entrance","Metallicize","Apotheosis","Armaments"],"campfire_rested":0,"item_purchase_floors":[7,7,13,38,38],"current_hp_per_floor":[80,79,79,80,80,64,64,59,59,62,65,59,59,57,57,42,80,69,69,69,63,57,57,51,51,51,51,41,41,33,41,41,14,80,62,80,64,64,33,33,33,33,33,11,14,0],"gold":269,"neow_bonus":"RANDOM_COLORLESS","is_prod":false,"is_daily":false,"chose_seed":false,"campfire_upgraded":7,"win_rate":0.0,"timestamp":1562584291,"path_taken":["M","M","?","M","?","E","$","M","T","M","M","M","?","M","R","BOSS","M","?","?","M","M","R","M","R","T","?","M","R","M","M","R","BOSS","M","?","?","?","M","R","?","R","T","?","M","M"],"build_version":"2019-07-05","purchased_purges":1,"victory":false,"max_hp_per_floor":[80,80,80,80,80,80,80,80,80,80,80,80,80,80,80,80,80,80,80,80,80,80,80,80,80,80,80,80,80,80,80,80,80,80,80,80,80,80,80,80,80,80,80,80,80,80],"card_choices":[{"not_picked":["Flame Barrier","Warcry"],"picked":"Shrug It Off","floor":1},{"not_picked":["Dropkick","Twin Strike"],"picked":"Carnage","floor":2},{"not_picked":["Intimidate","Twin Strike"],"picked":"Flex","floor":4},{"not_picked":["Disarm","Flex"],"picked":"Pommel Strike","floor":6},{"not_picked":["Shrug It Off","Blood for Blood"],"picked":"Metallicize","floor":8},{"not_picked":["Dual Wield","Bloodletting"],"picked":"Uppercut","floor":10},{"not_picked":["Carnage","Headbutt"],"picked":"Combust","floor":11},{"not_picked":["Reaper","Feel No Pain"],"picked":"Pommel Strike","floor":12},{"not_picked":["Warcry","Body Slam"],"picked":"Pommel Strike","floor":14},{"not_picked":["Impervious","Feed"],"picked":"Reaper","floor":16},{"not_picked":["Pummel+1","Clothesline"],"picked":"Inflame+1","floor":18},{"not_picked":["Anger","Seeing Red"],"picked":"Infernal Blade","floor":21},{"not_picked":["Bloodletting","Body Slam+1"],"picked":"Clothesline","floor":22},{"not_picked":["Cleave","Warcry"],"picked":"Uppercut","floor":24},{"not_picked":["Thunderclap","True Grit"],"picked":"Seeing Red","floor":28},{"not_picked":["Clothesline","Searing Blow"],"picked":"Double Tap","floor":30},{"not_picked":["Cleave","Thunderclap"],"picked":"Clothesline+1","floor":31},{"not_picked":["Brutality","Bludgeon"],"picked":"Reaper","floor":33},{"not_picked":["Clash+1","Body Slam"],"picked":"Blood for Blood+1","floor":35},{"not_picked":["Shrug It Off+1","Twin Strike+1"],"picked":"Sword Boomerang+1","floor":37},{"not_picked":["Headbutt","Twin Strike"],"picked":"Uppercut+1","floor":39},{"not_picked":["Shrug It Off","Entrench"],"picked":"Pummel+1","floor":44},{"not_picked":["Anger+1","Armaments+1"],"picked":"Inflame+1","floor":45}],"player_experience":3197,"relics_obtained":[{"floor":6,"key":"Blood Vial"},{"floor":9,"key":"Potion Belt"},{"floor":26,"key":"MawBank"},{"floor":43,"key":"Red Skull"}],"event_choices":[{"damage_healed":0,"gold_gain":0,"player_choice":"Ignored","damage_taken":0,"max_hp_gain":0,"max_hp_loss":0,"event_name":"Liars Game","floor":3,"gold_loss":0},{"damage_healed":0,"gold_gain":0,"cards_transformed":["Defend_R"],"player_choice":"Change","damage_taken":0,"max_hp_gain":0,"max_hp_loss":0,"event_name":"Living Wall","floor":5,"gold_loss":0,"cards_obtained":["Searing Blow"]},{"damage_healed":0,"gold_gain":0,"player_choice":"Obtained Relic","damage_taken":0,"relics_obtained":["War Paint"],"max_hp_gain":0,"max_hp_loss":0,"event_name":"Addict","floor":19,"gold_loss":85},{"damage_healed":0,"gold_gain":0,"player_choice":"Read","damage_taken":0,"max_hp_gain":0,"max_hp_loss":0,"event_name":"The Library","floor":20,"gold_loss":0,"cards_obtained":["Metallicize"]},{"damage_healed":18,"gold_gain":0,"player_choice":"Full Heal","damage_taken":0,"max_hp_gain":0,"max_hp_loss":0,"event_name":"Wheel of Change","floor":36,"gold_loss":0},{"cards_removed":["Clothesline"],"damage_healed":0,"gold_gain":0,"player_choice":"Removed Attack","damage_taken":0,"max_hp_gain":0,"max_hp_loss":0,"event_name":"Falling","floor":41,"gold_loss":0}],"is_beta":false,"boss_relics":[{"not_picked":["Empty Cage","Tiny House"],"picked":"Coffee Dripper"},{"not_picked":["Runic Pyramid","Fusion Hammer"],"picked":"Runic Cube"}],"items_purged_floors":[38],"is_endless":false,"potions_floor_spawned":[1,2,4,10,18,21,31,37],"killed_by":"4 Shapes","ascension_level":0}