{"gold_per_floor":[119,169,196,208,208,233,233,266,339,339,168,168,198,224,224,322,322,336,98,116,116,133,161,161,188,215,245,257,257,257,269,269,368,368,381,83,83,183,194,194,229,229,252,270,270,284,299,328,328,328],"floor_reached":50,"playtime":3442,"items_purged":["Strike_B"],"score":1078,"play_id":"a1506b7f-2355-4f0b-b7c4-c4605ce78bf9","local_time":"20190629080156","is_ascension_mode":true,"campfire_choices":[{"data":"Dualcast","floor":7,"key":"SMITH"},{"floor":10,"key":"REST"},{"data":"Self Repair","floor":12,"key":"SMITH"},{"floor":15,"key":"REST"},{"data":"Rainbow","floor":24,"key":"SMITH"},{"data":"Fission","floor":30,"key":"SMITH"},{"data":"Hologram","floor":32,"key":"SMITH"},{"data":"Zap","floor":40,"key":"SMITH"},{"data":"Sunder","floor":42,"key":"SMITH"},{"data":"Seek","floor":45,"key":"SMITH"},{"data":"Streamline","floor":49,"key":"SMITH"}],"neow_cost":"NONE","seed_source_timestamp":50661141642622,"circlet_count":0,"master_deck":["AscendersBane","Defend_B","Defend_B+1","Defend_B","Zap+1","Dualcast+1","Sunder+1","Sweeping Beam","Ball Lightning","Self Repair+1","Compile Driver","Glacier","Streamline+1","Core Surge","Leap","Electrodynamics","Coolheaded+1","Capacitor+1","Bite","Bite","Bite","Bite","Bite","Rainbow+1","Glacier","Parasite","Go for the Eyes","Fission+1","Shame","Hologram+1","Echo Form","White Noise+1","Hologram+1","Sweeping Beam+1","Normality","Parasite","Seek+1","BootSequence"],"relics":["Cracked Core","Happy Flower","Bag of Marbles","Vajra","Pen Nib","Dead Branch","Question Card","Juzu Bracelet","Odd Mushroom","Cursed Key","Nunchaku","Bag of Preparation","War Paint","Darkstone Periapt","Calipers","Snecko Eye","Emotion Chip","Mango","StoneCalendar","PreservedInsect","Ornamental Fan"],"potions_floor_usage":[6,8,16,23,25,27,33,44,50],"damage_taken":[{"damage":0,"enemies":"Cultist","floor":1,"turns":4},{"damage":2,"enemies":"Jaw Worm","floor":4,"turns":2},{"damage":16,"enemies":"Gremlin Nob","floor":6,"turns":3},{"damage":15,"enemies":"3 Sentries","floor":8,"turns":6},{"damage":30,"enemies":"Lagavulin","floor":13,"turns":5},{"damage":13,"enemies":"The Mushroom Lair","floor":14,"turns":3},{"damage":27,"enemies":"Slime Boss","floor":16,"turns":5},{"damage":18,"enemies":"2 Thieves","floor":18,"turns":3},{"damage":2,"enemies":"Chosen","floor":20,"turns":4},{"damage":6,"enemies":"Snecko","floor":22,"turns":4},{"damage":23,"enemies":"Slavers","floor":23,"turns":3},{"damage":28,"enemies":"Gremlin Leader","floor":25,"turns":6},{"damage":12,"enemies":"Slavers","floor":27,"turns":6},{"damage":25,"enemies":"Shelled Parasite and Fungi","floor":28,"turns":6},{"damage":2,"enemies":"3 Cultists","floor":31,"turns":3},{"damage":47,"enemies":"Collector","floor":33,"turns":12},{"damage":24,"enemies":"3 Darklings","floor":35,"turns":3},{"damage":0,"enemies":"Mind Bloom Boss Battle","floor":38,"turns":5},{"damage":0,"enemies":"3 Shapes","floor":39,"turns":1},{"damage":29,"enemies":"Nemesis","floor":41,"turns":9},{"damage":17,"enemies":"Writhing Mass","floor":44,"turns":6},{"damage":18,"enemies":"Maw","floor":46,"turns":7},{"damage":10,"enemies":"3 Darklings","floor":47,"turns":4},{"damage":26,"enemies":"Giant Head","floor":48,"turns":9},{"damage":104,"enemies":"Time Eater","floor":50,"turns":12}],"seed_played":"6550557618405132748","potions_obtained":[{"floor":1,"key":"Poison Potion"},{"floor":6,"key":"SpeedPotion"},{"floor":8,"key":"GamblersBrew"},{"floor":16,"key":"GamblersBrew"},{"floor":25,"key":"GamblersBrew"},{"floor":28,"key":"Energy Potion"},{"floor":31,"key":"Explosive Potion"},{"floor":39,"key":"Ancient Potion"},{"floor":44,"key":"AttackPotion"}],"is_trial":false,"path_per_floor":["M","?","T","M","?","E","R","E","T","R","$","R","E","?","R","B",null,"M","$","M","?","M","E","R","E","T","E","M","T","R","M","R","B",null,"M","$","?","?","M","R","E","R","T","M","R","M","M","E","R","B"],"character_chosen":"DEFECT","items_purchased":["Compile Driver","Explosive Potion","Electrodynamics","Coolheaded","SpeedPotion","Emotion Chip"],"campfire_rested":2,"item_purchase_floors":[11,11,19,19,19,36],"current_hp_per_floor":[68,68,68,66,59,43,43,28,28,50,50,50,30,27,49,32,64,56,56,54,52,52,31,31,27,27,37,32,38,38,50,50,33,52,44,44,44,72,72,72,63,63,69,76,76,82,80,84,84,0],"gold":328,"neow_bonus":"RANDOM_COMMON_RELIC","is_prod":false,"is_daily":false,"chose_seed":false,"campfire_upgraded":9,"win_rate":0,"timestamp":1561759316,"path_taken":["M","?","?","M","?","E","R","E","T","R","$","R","E","?","R","BOSS","M","$","M","?","M","E","R","E","T","E","M","?","R","M","R","BOSS","M","$","?","?","M","R","E","R","T","M","R","M","M","E","R","BOSS"],"build_version":"2019-01-23","purchased_purges":1,"victory":false,"max_hp_per_floor":[75,75,75,75,75,75,75,75,75,75,75,75,75,75,75,75,75,75,75,75,52,52,52,52,52,52,52,52,58,58,58,58,58,58,58,58,58,72,72,72,72,72,78,84,84,84,84,84,84,84],"card_choices":[{"not_picked":["Storm","Rebound"],"picked":"Sunder","floor":1},{"not_picked":["Leap","Rebound"],"picked":"Sweeping Beam","floor":4},{"not_picked":["Turbo","Steam"],"picked":"Ball Lightning","floor":6},{"not_picked":["Scrape","Force Field"],"picked":"Self Repair","floor":8},{"not_picked":["Coolheaded","Go for the Eyes","Reboot"],"picked":"Glacier","floor":13},{"not_picked":["Doom and Gloom","Stack","Steam"],"picked":"Streamline","floor":14},{"not_picked":["Fission","Biased Cognition","Hyperbeam"],"picked":"Core Surge","floor":16},{"not_picked":["Compile Driver","Storm+1","Glacier"],"picked":"Leap","floor":18},{"not_picked":["Gash","Sweeping Beam+1","Chill"],"picked":"Capacitor+1","floor":20},{"not_picked":["Hello World","Gash","Leap","Tempest"],"picked":"SKIP","floor":22},{"not_picked":["Hello World","Gash","Leap","Tempest"],"picked":"SKIP","floor":22},{"not_picked":["Amplify","BootSequence","Streamline"],"picked":"Rainbow","floor":23},{"not_picked":["Darkness","Ball Lightning","Leap"],"picked":"Glacier","floor":25},{"not_picked":["Lockon+1","Sweeping Beam","Ball Lightning"],"picked":"Go for the Eyes","floor":27},{"not_picked":["Rip and Tear","Capacitor","Compile Driver"],"picked":"Fission","floor":28},{"not_picked":["Compile Driver+1","Turbo","Gash"],"picked":"Hologram","floor":31},{"not_picked":["Creative AI","Electrodynamics","Core Surge"],"picked":"Echo Form","floor":33},{"not_picked":["Defragment","Chaos+1","Heatsinks"],"picked":"White Noise+1","floor":35},{"not_picked":["Turbo+1","Conserve Battery","Beam Cell"],"picked":"Hologram+1","floor":39},{"not_picked":["BootSequence","Go for the Eyes","Coolheaded+1"],"picked":"Sweeping Beam+1","floor":41},{"not_picked":["FTL","Recycle","Gash+1"],"picked":"Seek","floor":44},{"not_picked":["Beam Cell","Darkness+1","Rebound"],"picked":"BootSequence","floor":46},{"not_picked":["Turbo","Compile Driver","Rip and Tear+1","Barrage"],"picked":"SKIP","floor":47},{"not_picked":["Barrage","Hologram","Lockon","Steam"],"picked":"SKIP","floor":48}],"player_experience":875580,"relics_obtained":[{"floor":3,"key":"Bag of Marbles"},{"floor":6,"key":"Pen Nib"},{"floor":8,"key":"Dead Branch"},{"floor":9,"key":"Question Card"},{"floor":13,"key":"Juzu Bracelet"},{"floor":14,"key":"Odd Mushroom"},{"floor":23,"key":"Nunchaku"},{"floor":25,"key":"Bag of Preparation"},{"floor":26,"key":"War Paint"},{"floor":27,"key":"Darkstone Periapt"},{"floor":29,"key":"Calipers"},{"floor":38,"key":"Mango"},{"floor":41,"key":"StoneCalendar"},{"floor":43,"key":"PreservedInsect"},{"floor":48,"key":"Ornamental Fan"}],"event_choices":[{"damage_healed":0,"gold_gain":50,"player_choice":"Gained Gold","damage_taken":0,"max_hp_gain":0,"max_hp_loss":0,"event_name":"Golden Wing","floor":2,"gold_loss":0},{"damage_healed":0,"gold_gain":0,"player_choice":"Success","damage_taken":7,"relics_obtained":["Vajra"],"max_hp_gain":0,"max_hp_loss":0,"event_name":"Scrap Ooze","floor":5,"gold_loss":0},{"damage_healed":0,"gold_gain":0,"player_choice":"Fought Mushrooms","damage_taken":0,"max_hp_gain":0,"max_hp_loss":0,"event_name":"Mushrooms","floor":14,"gold_loss":0},{"damage_healed":0,"gold_gain":0,"player_choice":"Became a vampire","damage_taken":0,"max_hp_gain":0,"max_hp_loss":23,"event_name":"Vampires","floor":21,"gold_loss":0,"cards_obtained":["Bite","Bite","Bite","Bite","Bite"]},{"cards_removed":["Defend_B"],"damage_healed":0,"gold_gain":0,"player_choice":"Removed Skill","damage_taken":0,"max_hp_gain":0,"max_hp_loss":0,"event_name":"Falling","floor":37,"gold_loss":0},{"damage_healed":0,"gold_gain":0,"player_choice":"Fight","damage_taken":0,"max_hp_gain":0,"max_hp_loss":0,"event_name":"MindBloom","floor":38,"gold_loss":0}],"is_beta":false,"boss_relics":[{"not_picked":["Ectoplasm","Lizard Tail"],"picked":"Cursed Key"},{"not_picked":["White Beast Statue","Eternal Feather"],"picked":"Snecko Eye"}],"items_purged_floors":[11],"is_endless":false,"potions_floor_spawned":[1,6,8,16,25,28,31,39,41,44,47],"killed_by":"Time Eater","ascension_level":11}