{"gold_per_floor":[159,159,234,234,258,258,291,27,77,91,111,111,111,146,146,146],"floor_reached":16,"playtime":819,"items_purged":[],"score":173,"play_id":"a52fe157-c4f9-4414-a5ab-3c788e63c453","local_time":"20190702174620","is_ascension_mode":true,"campfire_choices":[{"data":"Neutralize","floor":6,"key":"SMITH"},{"floor":12,"key":"REST"},{"floor":15,"key":"REST"}],"neow_cost":"NONE","seed_source_timestamp":10012606651378,"circlet_count":0,"master_deck":["AscendersBane","Strike_G+1","Strike_G","Strike_G","Strike_G","Defend_G","Defend_G","Defend_G","Defend_G","Defend_G","Survivor","Neutralize+1","Endless Agony","Quick Slash","Injury","Backstab","Dagger Throw","Blur","Dash","Backflip","Dodge and Roll"],"relics":["Tiny House","Golden Idol","Matryoshka","Medical Kit","Darkstone Periapt","Smiling Mask","Blue Candle"],"potions_floor_usage":[14,16],"damage_taken":[{"damage":1,"enemies":"Cultist","floor":1,"turns":5},{"damage":3,"enemies":"Jaw Worm","floor":5,"turns":5},{"damage":34,"enemies":"3 Sentries","floor":7,"turns":13},{"damage":3,"enemies":"2 Louse","floor":10,"turns":2},{"damage":3,"enemies":"Blue Slaver","floor":11,"turns":5},{"damage":8,"enemies":"Gremlin Nob","floor":14,"turns":5},{"damage":55,"enemies":"Hexaghost","floor":16,"turns":23}],"seed_played":"-9087691912306989467","potions_obtained":[{"floor":0,"key":"FearPotion"},{"floor":1,"key":"FearPotion"},{"floor":7,"key":"Energy Potion"}],"is_trial":false,"path_per_floor":["M","?","?","?","M","R","E","$","T","M","M","R","?","E","R","B"],"character_chosen":"THE_SILENT","items_purchased":["Medical Kit","Blur"],"campfire_rested":2,"item_purchase_floors":[8,8],"current_hp_per_floor":[67,67,56,56,53,53,19,19,19,16,13,35,35,27,49,0],"gold":146,"neow_bonus":"BOSS_RELIC","is_prod":false,"is_daily":false,"chose_seed":false,"campfire_upgraded":1,"win_rate":0,"timestamp":1562053580,"path_taken":["M","?","?","?","M","R","E","?","T","?","M","R","?","E","R","BOSS"],"build_version":"2019-07-01","purchased_purges":0,"victory":false,"max_hp_per_floor":[75,75,75,75,75,75,75,75,75,75,75,75,75,75,75,75],"card_choices":[{"not_picked":["Blade Dance","Setup"],"picked":"Endless Agony","floor":0},{"not_picked":["Prepared","Distraction"],"picked":"Quick Slash","floor":1},{"not_picked":["Acrobatics","Escape Plan"],"picked":"Backstab","floor":5},{"not_picked":["Bane","Flying Knee"],"picked":"Dagger Throw","floor":7},{"not_picked":["Backstab","Infinite Blades"],"picked":"Dash","floor":10},{"not_picked":["Setup","A Thousand Cuts"],"picked":"Backflip","floor":11},{"not_picked":["Skewer","Concentrate"],"picked":"Dodge and Roll","floor":14}],"player_experience":894271,"relics_obtained":[{"floor":7,"key":"Matryoshka"},{"floor":9,"key":"Darkstone Periapt"},{"floor":9,"key":"Smiling Mask"},{"floor":14,"key":"Blue Candle"}],"event_choices":[{"cards_removed":["Strike_G"],"damage_healed":0,"gold_gain":0,"player_choice":"Forget","damage_taken":0,"max_hp_gain":0,"max_hp_loss":0,"event_name":"Living Wall","floor":2,"gold_loss":0},{"damage_healed":0,"gold_gain":75,"player_choice":"Gather Gold","damage_taken":11,"max_hp_gain":0,"max_hp_loss":0,"event_name":"World of Goop","floor":3,"gold_loss":0},{"damage_healed":0,"gold_gain":0,"player_choice":"Take Wound","damage_taken":0,"relics_obtained":["Golden Idol"],"max_hp_gain":0,"max_hp_loss":0,"event_name":"Golden Idol","floor":4,"gold_loss":0,"cards_obtained":["Injury"]},{"damage_healed":0,"gold_gain":0,"player_choice":"Ignored","damage_taken":0,"max_hp_gain":0,"max_hp_loss":0,"event_name":"Shining Light","floor":13,"gold_loss":0}],"is_beta":false,"boss_relics":[],"items_purged_floors":[],"is_endless":false,"potions_floor_spawned":[1,7],"killed_by":"Hexaghost","ascension_level":12}