{"gold_per_floor":[111,111,36,50,50,50,78,78,78,153,164,179,204,222,222,317,317,337,337,354,372,125,125,125],"floor_reached":24,"playtime":777,"items_purged":["Strike_R","Strike_R"],"score":237,"play_id":"9e4541ba-f1f3-4ff8-a466-a345bea72151","local_time":"20190119155306","is_ascension_mode":true,"campfire_choices":[{"data":"Headbutt","floor":6,"key":"SMITH"},{"floor":8,"key":"REST"},{"floor":15,"key":"REST"},{"data":"Searing Blow","floor":23,"key":"SMITH"}],"neow_cost":"PERCENT_DAMAGE","seed_source_timestamp":190074553439631,"circlet_count":0,"master_deck":["Defend_R","Defend_R","Defend_R","Bash","Headbutt+1","Searing Blow+1","Demon Form"],"relics":["Burning Blood","Happy Flower","Dodecahedron","Potion Belt","Busted Crown","Vajra"],"potions_floor_usage":[7,13,18,24,24],"damage_taken":[{"damage":12,"enemies":"Small Slimes","floor":1,"turns":3},{"damage":5,"enemies":"Cultist","floor":4,"turns":4},{"damage":31,"enemies":"Gremlin Nob","floor":7,"turns":5},{"damage":2,"enemies":"2 Louse","floor":11,"turns":2},{"damage":0,"enemies":"Large Slime","floor":12,"turns":4},{"damage":35,"enemies":"3 Sentries","floor":13,"turns":9},{"damage":4,"enemies":"Red Slaver","floor":14,"turns":5},{"damage":38,"enemies":"Slime Boss","floor":16,"turns":10},{"damage":23,"enemies":"2 Thieves","floor":18,"turns":3},{"damage":27,"enemies":"Shell Parasite","floor":20,"turns":5},{"damage":26,"enemies":"Centurion and Healer","floor":21,"turns":5},{"damage":28,"enemies":"Snake Plant","floor":24,"turns":2}],"seed_played":"-7877001023640296107","potions_obtained":[{"floor":1,"key":"SpeedPotion"},{"floor":7,"key":"Poison Potion"},{"floor":14,"key":"Poison Potion"},{"floor":20,"key":"AttackPotion"},{"floor":21,"key":"PowerPotion"}],"is_trial":false,"path_per_floor":["M","?","$","M","$","R","E","R","T","?","M","M","E","M","R","B",null,"M","?","M","M","$","R","M"],"character_chosen":"IRONCLAD","items_purchased":["Vajra"],"campfire_rested":2,"item_purchase_floors":[22],"current_hp_per_floor":[50,50,50,51,51,51,26,50,50,39,43,49,20,22,46,14,80,63,63,42,22,22,22,0],"gold":125,"neow_bonus":"REMOVE_TWO","is_prod":false,"is_daily":false,"chose_seed":false,"campfire_upgraded":2,"win_rate":0,"timestamp":1547931186,"path_taken":["M","?","$","M","?","R","E","R","T","?","M","M","E","M","R","BOSS","M","?","M","?","$","R","M"],"build_version":"2019-01-17v2","purchased_purges":2,"victory":false,"max_hp_per_floor":[80,80,80,80,80,80,80,80,80,80,80,80,80,80,80,80,80,80,80,80,80,80,80,80],"card_choices":[{"not_picked":["Combust","Clothesline"],"picked":"Headbutt","floor":1},{"not_picked":["Armaments","Cleave","Thunderclap"],"picked":"SKIP","floor":4},{"not_picked":["Fire Breathing","Blood for Blood","Clothesline"],"picked":"SKIP","floor":7},{"not_picked":["Twin Strike","Intimidate"],"picked":"Searing Blow","floor":11},{"not_picked":["Carnage","Shockwave","Cleave"],"picked":"SKIP","floor":12},{"not_picked":["Infernal Blade","Fire Breathing","Havoc"],"picked":"SKIP","floor":13},{"not_picked":["Pummel","Cleave","Havoc"],"picked":"SKIP","floor":14},{"not_picked":["Bludgeon","Barricade"],"picked":"Demon Form","floor":16},{"not_picked":["Heavy Blade"],"picked":"SKIP","floor":18},{"not_picked":["Anger"],"picked":"SKIP","floor":20},{"not_picked":["Havoc"],"picked":"SKIP","floor":21}],"player_experience":89733,"relics_obtained":[{"floor":7,"key":"Happy Flower"},{"floor":9,"key":"Dodecahedron"},{"floor":13,"key":"Potion Belt"}],"event_choices":[{"cards_removed":["Strike_R"],"damage_healed":0,"gold_gain":0,"player_choice":"Offered Basic","damage_taken":0,"max_hp_gain":0,"max_hp_loss":0,"event_name":"Bonfire Elementals","floor":2,"gold_loss":0},{"damage_healed":0,"gold_gain":75,"player_choice":"Gather Gold","damage_taken":11,"max_hp_gain":0,"max_hp_loss":0,"event_name":"World of Goop","floor":10,"gold_loss":0},{"cards_removed":["Strike_R"],"damage_healed":0,"gold_gain":0,"player_choice":"Purged","damage_taken":0,"max_hp_gain":0,"max_hp_loss":0,"event_name":"Purifier","floor":19,"gold_loss":0}],"is_beta":false,"boss_relics":[{"not_picked":["Fusion Hammer","Eternal Feather"],"picked":"Busted Crown"}],"items_purged_floors":[3,22],"is_endless":false,"potions_floor_spawned":[1,7,14,20,21],"killed_by":"Snake Plant","ascension_level":3}