{"gold_per_floor":[369,15,34,53,71,71,101,101,101,121,143,60,91,91,91,189,189,210,19,19,19,29,29,63,63,63,113,131,143,176,255,255,329,329,349,349,106,117,117],"floor_reached":39,"playtime":1926,"items_purged":["Strike_G"],"score":954,"play_id":"edfc9eec-e4d6-45cb-9f7b-1d84eb5fcd85","local_time":"20190710203825","is_ascension_mode":true,"campfire_choices":[{"data":"Neutralize","floor":6.0,"key":"SMITH"},{"floor":8.0,"key":"REST"},{"data":"Bouncing Flask","floor":15.0,"key":"SMITH"},{"data":"Apotheosis","floor":23.0,"key":"SMITH"},{"floor":25,"key":"REST"},{"data":"Well Laid Plans","floor":32,"key":"SMITH"}],"neow_cost":"PERCENT_DAMAGE","seed_source_timestamp":0,"circlet_count":0,"master_deck":["AscendersBane","Strike_G","Strike_G","Strike_G","Strike_G","Defend_G","Defend_G","Defend_G","Defend_G","Defend_G","Survivor","Neutralize+1","Well Laid Plans+1","Catalyst","PiercingWail","Bane","Poisoned Stab","Deflect","Poisoned Stab","Bouncing Flask+1","Cloak And Dagger","Deflect","Corpse Explosion","Burst","Dodge and Roll+1","Apotheosis+1","Reflex","Backstab+1","Blur","Malaise","Crippling Poison","Flash of Steel+1","Master of Strategy","Concentrate+1"],"special_seed":0,"relics":["Ring of the Snake","Snake Skull","Gremlin Horn","Bottled Lightning","Odd Mushroom","Pantograph","Bloody Idol","Runic Dome","Molten Egg 2","Strawberry","Pen Nib","Coffee Dripper","Vajra"],"potions_floor_usage":[24,30],"damage_taken":[{"damage":1.0,"enemies":"Cultist","floor":1.0,"turns":4.0},{"damage":5.0,"enemies":"2 Louse","floor":3.0,"turns":3.0},{"damage":0.0,"enemies":"Jaw Worm","floor":4.0,"turns":3.0},{"damage":0.0,"enemies":"3 Louse","floor":5.0,"turns":1.0},{"damage":22.0,"enemies":"Gremlin Nob","floor":7.0,"turns":4.0},{"damage":5.0,"enemies":"2 Fungi Beasts","floor":10.0,"turns":3.0},{"damage":5.0,"enemies":"The Mushroom Lair","floor":11.0,"turns":4.0},{"damage":8.0,"enemies":"3 Sentries","floor":13.0,"turns":7.0},{"damage":0.0,"enemies":"The Guardian","floor":16.0,"turns":7.0},{"damage":0.0,"enemies":"Spheric Guardian","floor":18.0,"turns":1.0},{"damage":23.0,"enemies":"2 Thieves","floor":22.0,"turns":3.0},{"damage":3,"enemies":"Slavers","floor":24,"turns":3},{"damage":39,"enemies":"Shelled Parasite and Fungi","floor":28,"turns":5},{"damage":8,"enemies":"Snecko","floor":29,"turns":3},{"damage":23,"enemies":"Book of Stabbing","floor":30,"turns":5},{"damage":38,"enemies":"Collector","floor":33,"turns":8},{"damage":27,"enemies":"3 Darklings","floor":35,"turns":3},{"damage":15,"enemies":"3 Shapes","floor":38,"turns":6},{"damage":13,"enemies":"Maw","floor":39,"turns":2}],"seed_played":"908556972219050","potions_obtained":[{"floor":1.0,"key":"Energy Potion"},{"floor":4.0,"key":"Explosive Potion"},{"floor":5.0,"key":"GamblersBrew"},{"floor":22.0,"key":"GhostInAJar"},{"floor":29,"key":"Dexterity Potion"},{"floor":33,"key":"Weak Potion"}],"is_trial":false,"path_per_floor":["M","$","M","M","M","R","E","R","T","M","?","$","E","?","R","B",null,"M","$","?","?","M","R","E","R","T","?","M","M","E","T","R","B",null,"M","?","$","M","M"],"character_chosen":"THE_SILENT","items_purchased":["Snake Skull","Catalyst","PiercingWail","Bane","GhostInAJar","Apotheosis","Vajra"],"campfire_rested":2,"item_purchase_floors":[2,2,2,2,12,19,37],"current_hp_per_floor":[43,43,38,38,38,38,16,35,35,30,25,25,17,17,17,42,56,56,56,56,56,43,43,45,60,67,67,33,30,12,17,17,9,53,31,21,21,11,0],"gold":117,"neow_bonus":"TWO_FIFTY_GOLD","is_prod":false,"is_daily":false,"chose_seed":false,"campfire_upgraded":4,"win_rate":0,"timestamp":1562805505,"path_taken":["M","$","M","M","M","R","E","R","T","?","?","$","E","?","R","BOSS","M","$","?","?","M","R","E","R","T","?","M","?","E","?","R","BOSS","M","?","$","M","M"],"build_version":"2019-07-03","purchased_purges":1,"victory":false,"max_hp_per_floor":[66,66,66,66,66,66,66,66,66,66,66,66,66,60,60,60,60,60,60,60,60,60,60,60,60,67,67,67,67,67,67,67,67,67,67,67,67,67,67],"card_choices":[{"not_picked":["Endless Agony","Poisoned Stab"],"picked":"Well Laid Plans","floor":1.0},{"not_picked":["Terror","Concentrate"],"picked":"Poisoned Stab","floor":3.0},{"not_picked":["Blade Dance","Dodge and Roll"],"picked":"Deflect","floor":4.0},{"not_picked":["Dodge and Roll","Outmaneuver"],"picked":"Poisoned Stab","floor":5.0},{"not_picked":["Predator","Reflex"],"picked":"Bouncing Flask","floor":7.0},{"not_picked":["Flying Knee","Sucker Punch"],"picked":"Cloak And Dagger","floor":10.0},{"not_picked":["Deadly Poison","Prepared"],"picked":"Deflect","floor":11.0},{"not_picked":["Choke","Caltrops"],"picked":"Corpse Explosion","floor":13.0},{"not_picked":["Bullet Time","A Thousand Cuts"],"picked":"Burst","floor":16.0},{"not_picked":["Underhanded Strike","Acrobatics+1"],"picked":"Dodge and Roll+1","floor":18.0},{"not_picked":["Outmaneuver","Slice"],"picked":"Reflex","floor":22.0},{"not_picked":["Quick Slash+1","Dagger Throw","Setup"],"picked":"SKIP","floor":24},{"not_picked":["Dagger Spray+1","Outmaneuver+1"],"picked":"Backstab+1","floor":28},{"not_picked":["Setup","Underhanded Strike+1"],"picked":"Blur","floor":29},{"not_picked":["Blade Dance","All Out Attack+1","Underhanded Strike+1"],"picked":"SKIP","floor":30},{"not_picked":["Adrenaline","Burst"],"picked":"Malaise","floor":33},{"not_picked":["Well Laid Plans","Skewer+1"],"picked":"Crippling Poison","floor":35},{"not_picked":["Dramatic Entrance+1","PanicButton"],"picked":"Flash of Steel+1","floor":36},{"not_picked":["Dramatic Entrance+1","Purity"],"picked":"Master of Strategy","floor":36},{"not_picked":["Setup","Backstab+1"],"picked":"Concentrate+1","floor":38}],"player_experience":3195027,"relics_obtained":[{"floor":7.0,"key":"Gremlin Horn"},{"floor":9.0,"key":"Bottled Lightning"},{"floor":11.0,"key":"Odd Mushroom"},{"floor":13.0,"key":"Pantograph"},{"floor":24,"key":"Molten Egg 2"},{"floor":26,"key":"Strawberry"},{"floor":30,"key":"Pen Nib"}],"event_choices":[{"damage_healed":0.0,"max_hp_gain":0.0,"max_hp_loss":0.0,"gold_gain":0.0,"event_name":"Mushrooms","player_choice":"Fought Mushrooms","floor":11.0,"gold_loss":0.0,"damage_taken":0.0},{"damage_healed":0.0,"max_hp_gain":0.0,"max_hp_loss":6.0,"gold_gain":0.0,"event_name":"Golden Idol","player_choice":"Lose Max HP","floor":14.0,"gold_loss":0.0,"damage_taken":0.0,"relics_obtained":["Golden Idol"]},{"damage_healed":0.0,"max_hp_gain":0.0,"max_hp_loss":0.0,"gold_gain":0.0,"event_name":"Forgotten Altar","player_choice":"Gave Idol","floor":20.0,"relics_lost":["Golden Idol"],"gold_loss":0.0,"damage_taken":0.0,"relics_obtained":["Bloody Idol"]},{"damage_healed":0.0,"max_hp_gain":0.0,"max_hp_loss":0.0,"gold_gain":0.0,"event_name":"Cursed Tome","player_choice":"Ignored","floor":21.0,"gold_loss":0.0,"damage_taken":0.0},{"damage_healed":0,"gold_gain":50,"player_choice":"Pray","damage_taken":0,"max_hp_gain":0,"max_hp_loss":0,"event_name":"Golden Shrine","floor":27,"gold_loss":0},{"damage_healed":0,"gold_gain":0,"player_choice":"Memory 3","damage_taken":10,"max_hp_gain":0,"max_hp_loss":0,"event_name":"SensoryStone","floor":36,"gold_loss":0}],"is_beta":true,"boss_relics":[{"not_picked":["Empty Cage","Lizard Tail"],"picked":"Runic Dome"},{"not_picked":["Runic Pyramid","Busted Crown"],"picked":"Coffee Dripper"}],"items_purged_floors":[37],"is_endless":false,"potions_floor_spawned":[1,4,5,22,29,33,38],"killed_by":"Maw","ascension_level":20}