{"gold_per_floor":[118,293,313,137,137,137,148,166,166,177,77,94,94,106,106,207,207,223,23,23,39,66,66,97,97,147,173,185,197,170,182,182,286,286,301,301,523,533,103,103,103,129,129,148,161,161,161,177,177,177],"floor_reached":51,"playtime":5057,"items_purged":["Doubt","Strike_G","Strike_G"],"score":753,"play_id":"8ed520bb-fa9e-44f9-a4f1-96b352694b97","local_time":"20190717160032","is_ascension_mode":true,"campfire_choices":[{"data":"Backflip","floor":6.0,"key":"SMITH"},{"data":"Survivor","floor":15.0,"key":"SMITH"},{"data":"Defend_G","floor":23.0,"key":"SMITH"},{"data":"Defend_G","floor":28.0,"key":"SMITH"},{"data":"Caltrops","floor":32.0,"key":"SMITH"},{"data":"After Image","floor":40.0,"key":"SMITH"},{"data":"Caltrops","floor":41.0,"key":"SMITH"},{"data":"Catalyst","floor":47,"key":"SMITH"},{"data":"Well Laid Plans","floor":49,"key":"SMITH"}],"neow_cost":"NONE","seed_source_timestamp":15679199708216,"circlet_count":0,"master_deck":["Defend_G+1","Defend_G","Defend_G+1","Defend_G+1","Survivor+1","Neutralize","Catalyst+1","Deadly Poison","Crippling Poison","Backflip+1","Expertise","Poisoned Stab","After Image+1","Caltrops+1","Malaise","Outmaneuver+1","Well Laid Plans+1","Backstab","Caltrops+1","After Image+1","Prepared+1","PiercingWail","Deadly Poison+1","Deadly Poison+1"],"special_seed":0,"relics":["Ring of the Snake","Juzu Bracelet","Paper Crane","GremlinMask","Velvet Choker","Red Mask","WingedGreaves","Nilry\u0027s Codex","MawBank","Empty Cage","Oddly Smooth Stone","Incense Burner","Bronze Scales","Pantograph"],"potions_floor_usage":[50,50],"damage_taken":[{"damage":0.0,"enemies":"2 Louse","floor":1.0,"turns":4.0},{"damage":9.0,"enemies":"Jaw Worm","floor":3.0,"turns":6.0},{"damage":0.0,"enemies":"Cultist","floor":7.0,"turns":4.0},{"damage":0.0,"enemies":"2 Fungi Beasts","floor":8.0,"turns":3.0},{"damage":0.0,"enemies":"Large Slime","floor":10.0,"turns":6.0},{"damage":9.0,"enemies":"Exordium Thugs","floor":12.0,"turns":6.0},{"damage":3.0,"enemies":"Gremlin Gang","floor":14.0,"turns":4.0},{"damage":2.0,"enemies":"Hexaghost","floor":16.0,"turns":9.0},{"damage":3.0,"enemies":"Chosen","floor":18.0,"turns":6.0},{"damage":0.0,"enemies":"Shell Parasite","floor":21.0,"turns":5.0},{"damage":19.0,"enemies":"Masked Bandits","floor":22.0,"turns":6.0},{"damage":1.0,"enemies":"Book of Stabbing","floor":24.0,"turns":6.0},{"damage":0.0,"enemies":"3 Cultists","floor":27.0,"turns":5.0},{"damage":0.0,"enemies":"Snake Plant","floor":31.0,"turns":4.0},{"damage":4.0,"enemies":"Champ","floor":33.0,"turns":12.0},{"damage":4.0,"enemies":"3 Shapes","floor":35.0,"turns":7.0},{"damage":10.0,"enemies":"3 Darklings","floor":38.0,"turns":5.0},{"damage":1.0,"enemies":"Nemesis","floor":42.0,"turns":5.0},{"damage":4.0,"enemies":"Transient","floor":44.0,"turns":5.0},{"damage":0.0,"enemies":"4 Shapes","floor":45.0,"turns":5.0},{"damage":5,"enemies":"3 Darklings","floor":48,"turns":4},{"damage":17,"enemies":"Time Eater","floor":50,"turns":6}],"seed_played":"2710174343558309685","potions_obtained":[{"floor":7.0,"key":"SkillPotion"},{"floor":8.0,"key":"Ancient Potion"},{"floor":14.0,"key":"SteroidPotion"},{"floor":16.0,"key":"SkillPotion"},{"floor":21.0,"key":"Weak Potion"},{"floor":22.0,"key":"Swift Potion"},{"floor":33.0,"key":"Ancient Potion"},{"floor":35.0,"key":"SkillPotion"},{"floor":44.0,"key":"Poison Potion"},{"floor":45,"key":"SpeedPotion"}],"is_trial":false,"path_per_floor":["M","?","M","$","?","R","M","M","T","M","$","M","?","M","R","B",null,"M","$","?","M","?","R","E","?","T","M","R","?","$","M","R","B",null,"M","?","?","M","$","R","R","E","T","M","M","?","R","M","R","B",null],"character_chosen":"THE_SILENT","items_purchased":["Crippling Poison","Backflip","Well Laid Plans","Caltrops","Oddly Smooth Stone","Incense Burner"],"campfire_rested":0,"item_purchase_floors":[4,4,19,30,39,39],"current_hp_per_floor":[70,70,61,61,61,61,61,61,61,61,61,52,52,49,49,47,70,67,67,67,67,48,48,47,31,31,31,31,31,31,31,31,27,70,66,66,66,56,56,56,56,55,55,51,51,51,51,46,46,53],"gold":177,"neow_bonus":"RANDOM_COMMON_RELIC","is_prod":false,"is_daily":false,"chose_seed":false,"campfire_upgraded":9,"win_rate":0,"timestamp":1563350432,"path_taken":["M","?","M","$","?","R","M","M","T","M","$","M","?","M","R","BOSS","M","$","?","M","?","R","E","?","T","M","R","?","$","M","R","BOSS","M","?","?","M","$","R","R","E","T","M","M","?","R","M","R","BOSS"],"build_version":"2019-07-05","purchased_purges":3,"victory":true,"max_hp_per_floor":[70,70,70,70,70,70,70,70,70,70,70,70,70,70,70,70,70,70,70,70,70,70,70,70,70,70,70,70,70,70,70,70,70,70,70,70,70,70,70,70,70,70,70,70,70,70,70,70,70,70],"card_choices":[{"not_picked":["Deflect","Sucker Punch"],"picked":"Catalyst","floor":1.0},{"not_picked":["Prepared","Distraction"],"picked":"Deadly Poison","floor":3.0},{"not_picked":["Flying Knee","Dagger Spray"],"picked":"Expertise","floor":7.0},{"not_picked":["Blade Dance","Leg Sweep"],"picked":"Poisoned Stab","floor":8.0},{"not_picked":["Prepared","All Out Attack"],"picked":"After Image","floor":10.0},{"not_picked":["Backflip","Choke"],"picked":"Caltrops","floor":12.0},{"not_picked":["Backflip","Endless Agony","Dagger Throw"],"picked":"SKIP","floor":14.0},{"not_picked":["Wraith Form v2","Storm of Steel"],"picked":"Malaise","floor":16.0},{"not_picked":["Underhanded Strike","Dagger Throw"],"picked":"Outmaneuver+1","floor":18.0},{"not_picked":["Flying Knee","Dagger Throw"],"picked":"Backstab","floor":21.0},{"not_picked":["Underhanded Strike","Reflex","Sucker Punch+1"],"picked":"SKIP","floor":24.0},{"not_picked":["Slice","Cloak And Dagger","PiercingWail"],"picked":"SKIP","floor":27.0},{"not_picked":["Terror","Outmaneuver","Cloak And Dagger"],"picked":"SKIP","floor":31.0},{"not_picked":["Unload","Tools of the Trade"],"picked":"After Image","floor":33.0},{"not_picked":["Dagger Throw","Backflip"],"picked":"Prepared+1","floor":35.0},{"not_picked":["Deflect+1","Finisher","Acrobatics"],"picked":"SKIP","floor":38.0},{"not_picked":["Sucker Punch","Flechettes+1"],"picked":"Deadly Poison+1","floor":42.0},{"not_picked":["Acrobatics","Expertise","Deflect+1"],"picked":"SKIP","floor":44.0},{"not_picked":["Blade Dance","Bane+1"],"picked":"Deadly Poison+1","floor":45},{"not_picked":["Heel Hook","Dodge and Roll","Masterful Stab"],"picked":"SKIP","floor":48}],"player_experience":31816,"relics_obtained":[{"floor":9.0,"key":"Paper Crane"},{"floor":22.0,"key":"Red Mask"},{"floor":24.0,"key":"WingedGreaves"},{"floor":25.0,"key":"Nilry\u0027s Codex"},{"floor":26.0,"key":"MawBank"},{"floor":42.0,"key":"Bronze Scales"},{"floor":43.0,"key":"Pantograph"}],"event_choices":[{"damage_healed":0.0,"max_hp_gain":0.0,"max_hp_loss":0.0,"gold_gain":175.0,"event_name":"Liars Game","player_choice":"AGREE","floor":2.0,"gold_loss":0.0,"damage_taken":0.0,"cards_obtained":["Doubt"]},{"cards_removed":["Strike_G"],"damage_healed":0.0,"max_hp_gain":0.0,"max_hp_loss":0.0,"gold_gain":0.0,"event_name":"Living Wall","player_choice":"Forget","floor":5.0,"gold_loss":0.0,"damage_taken":0.0},{"damage_healed":0.0,"max_hp_gain":0.0,"max_hp_loss":0.0,"gold_gain":0.0,"event_name":"FaceTrader","player_choice":"Trade","floor":13.0,"gold_loss":0.0,"damage_taken":0.0,"relics_obtained":["GremlinMask"]},{"damage_healed":0.0,"max_hp_gain":0.0,"max_hp_loss":0.0,"gold_gain":0.0,"event_name":"The Mausoleum","player_choice":"Ignored","floor":20.0,"gold_loss":0.0,"damage_taken":0.0},{"damage_healed":0.0,"max_hp_gain":0.0,"max_hp_loss":0.0,"gold_gain":0.0,"event_name":"Masked Bandits","player_choice":"Fought Bandits","floor":22.0,"gold_loss":0.0,"damage_taken":0.0},{"damage_healed":0.0,"max_hp_gain":0.0,"max_hp_loss":0.0,"gold_gain":0.0,"event_name":"Cursed Tome","player_choice":"Obtained Book","floor":25.0,"gold_loss":0.0,"damage_taken":16.0},{"damage_healed":0.0,"max_hp_gain":0.0,"max_hp_loss":0.0,"gold_gain":0.0,"event_name":"Accursed Blacksmith","player_choice":"Forge","floor":29.0,"gold_loss":0.0,"damage_taken":0.0,"cards_upgraded":["After Image"]},{"damage_healed":0.0,"max_hp_gain":0.0,"max_hp_loss":0.0,"gold_gain":0.0,"cards_transformed":["Defend_G"],"event_name":"Transmorgrifier","player_choice":"Transformed","floor":36.0,"gold_loss":0.0,"damage_taken":0.0,"cards_obtained":["PiercingWail"]},{"damage_healed":0.0,"max_hp_gain":0.0,"max_hp_loss":0.0,"gold_gain":222.0,"event_name":"Tomb of Lord Red Mask","player_choice":"Wore Mask","floor":37.0,"gold_loss":0.0,"damage_taken":0.0},{"damage_healed":0,"gold_gain":0,"player_choice":"Upgraded","damage_taken":0,"max_hp_gain":0,"max_hp_loss":0,"event_name":"Upgrade Shrine","floor":46,"gold_loss":0,"cards_upgraded":["Defend_G"]}],"is_beta":false,"boss_relics":[{"not_picked":["Coffee Dripper","Ectoplasm"],"picked":"Velvet Choker"},{"not_picked":["HoveringKite","Ring of the Serpent"],"picked":"Empty Cage"}],"items_purged_floors":[4,11,19],"is_endless":false,"potions_floor_spawned":[7,8,14,16,21,22,33,35,44,45],"ascension_level":2}