{"gold_per_floor":[112,112,130,130,130,159,159,173,223,223,233,233,121,136,136,235,235,251,261,176,176,187,215,215,215,215,58,58,75,75],"floor_reached":30,"playtime":2695,"items_purged":["Strike_B"],"score":410,"play_id":"be052ec6-d927-444f-a1b4-2deb80cb0fe2","local_time":"20190704150916","is_ascension_mode":true,"campfire_choices":[{"data":"Gash","floor":7.0,"key":"SMITH"},{"data":"Defend_B","floor":10.0,"key":"SMITH"},{"data":"Scrape","floor":12.0,"key":"SMITH"},{"data":"Gash","floor":15.0,"key":"SMITH"},{"floor":24.0,"key":"REST"}],"neow_cost":"NONE","seed_source_timestamp":97708488943101,"circlet_count":0,"master_deck":["AscendersBane","Defend_B+1","Defend_B","Defend_B","Defend_B","Zap+1","Dualcast+1","Gash+1","Scrape+1","Defragment","Gash+1","Reboot","Loop","Self Repair+1","All For One","White Noise"],"special_seed":0,"relics":["Cracked Core","NeowsBlessing","Centennial Puzzle","Dodecahedron","War Paint","Empty Cage","Symbiotic Virus","Pantograph","Boot","Omamori"],"potions_floor_usage":[30,30],"damage_taken":[{"damage":0.0,"enemies":"Small Slimes","floor":1.0,"turns":1.0},{"damage":0.0,"enemies":"Jaw Worm","floor":3.0,"turns":1.0},{"damage":0.0,"enemies":"3 Sentries","floor":6.0,"turns":2.0},{"damage":0.0,"enemies":"2 Louse","floor":8.0,"turns":2.0},{"damage":0.0,"enemies":"Lots of Slimes","floor":11.0,"turns":2.0},{"damage":6.0,"enemies":"Looter","floor":14.0,"turns":2.0},{"damage":14.0,"enemies":"The Guardian","floor":16.0,"turns":5.0},{"damage":1.0,"enemies":"3 Byrds","floor":18.0,"turns":3.0},{"damage":13.0,"enemies":"Shell Parasite","floor":19.0,"turns":3.0},{"damage":0.0,"enemies":"Cultist and Chosen","floor":22.0,"turns":4.0},{"damage":33.0,"enemies":"Gremlin Leader","floor":23.0,"turns":4.0},{"damage":19.0,"enemies":"Snecko","floor":29.0,"turns":5.0},{"damage":34,"enemies":"Slavers","floor":30,"turns":1}],"seed_played":"-4017584999291799600","potions_obtained":[{"floor":3.0,"key":"Dexterity Potion"},{"floor":5.0,"key":"Block Potion"},{"floor":5.0,"key":"Explosive Potion"},{"floor":5.0,"key":"FocusPotion"},{"floor":8.0,"key":"Swift Potion"},{"floor":14.0,"key":"GamblersBrew"},{"floor":18.0,"key":"Strength Potion"},{"floor":29.0,"key":"FocusPotion"}],"is_trial":false,"path_per_floor":["M","?","M","?","?","E","R","M","T","R","M","R","$","M","R","B",null,"M","M","?","T","M","E","R","?","T","$","?","M","E"],"character_chosen":"DEFECT","items_purchased":["Defragment","All For One"],"campfire_rested":1,"item_purchase_floors":[13,27],"current_hp_per_floor":[68,61,61,61,61,61,61,61,61,61,61,61,61,55,55,41,67,66,53,53,53,53,30,52,52,52,52,38,29,0],"gold":75,"neow_bonus":"THREE_ENEMY_KILL","is_prod":false,"is_daily":false,"chose_seed":false,"campfire_upgraded":4,"win_rate":0,"timestamp":1562270956,"path_taken":["M","?","M","?","?","E","R","M","T","R","M","R","$","M","R","BOSS","M","?","?","?","M","E","R","?","T","?","?","?","E"],"build_version":"2019-07-01","purchased_purges":1,"victory":false,"max_hp_per_floor":[75,75,75,75,75,75,75,75,75,75,75,75,75,75,75,75,75,75,75,75,75,75,75,75,75,75,75,80,80,80],"card_choices":[{"not_picked":["Beam Cell","Recycle","Stack"],"picked":"SKIP","floor":1.0},{"not_picked":["Chaos","Redo","Compile Driver"],"picked":"SKIP","floor":3.0},{"not_picked":["Blizzard","FTL"],"picked":"Gash","floor":6.0},{"not_picked":["Beam Cell","Rebound","Turbo"],"picked":"SKIP","floor":8.0},{"not_picked":["Beam Cell","Ball Lightning"],"picked":"Scrape","floor":11.0},{"not_picked":["Amplify","Rebound"],"picked":"Gash","floor":14.0},{"not_picked":["Hyperbeam","Multi-Cast"],"picked":"Reboot","floor":16.0},{"not_picked":["Rebound","Blizzard"],"picked":"Loop","floor":18.0},{"not_picked":["Steam","Cold Snap","Go for the Eyes"],"picked":"SKIP","floor":19.0},{"not_picked":["Barrage","Genetic Algorithm"],"picked":"Self Repair+1","floor":22.0},{"not_picked":["Force Field","Conserve Battery","Sunder+1"],"picked":"SKIP","floor":23.0},{"not_picked":["Consume","Redo"],"picked":"White Noise","floor":29.0}],"player_experience":513510,"relics_obtained":[{"floor":6.0,"key":"Dodecahedron"},{"floor":9.0,"key":"War Paint"},{"floor":21.0,"key":"Pantograph"},{"floor":23.0,"key":"Boot"},{"floor":26.0,"key":"Omamori"}],"event_choices":[{"damage_healed":0.0,"max_hp_gain":0.0,"max_hp_loss":0.0,"gold_gain":0.0,"event_name":"Scrap Ooze","player_choice":"Success","floor":2.0,"gold_loss":0.0,"damage_taken":7.0,"relics_obtained":["Centennial Puzzle"]},{"cards_removed":["Strike_B"],"damage_healed":0.0,"max_hp_gain":0.0,"max_hp_loss":0.0,"gold_gain":0.0,"event_name":"Living Wall","player_choice":"Forget","floor":4.0,"gold_loss":0.0,"damage_taken":0.0},{"damage_healed":0.0,"max_hp_gain":0.0,"max_hp_loss":0.0,"gold_gain":0.0,"event_name":"Lab","player_choice":"Got Potions","floor":5.0,"gold_loss":0.0,"damage_taken":0.0},{"damage_healed":0.0,"max_hp_gain":0.0,"max_hp_loss":0.0,"gold_gain":0.0,"event_name":"Addict","player_choice":"Obtained Relic","floor":20.0,"gold_loss":85.0,"damage_taken":0.0,"relics_obtained":["Symbiotic Virus"]},{"damage_healed":0.0,"max_hp_gain":0.0,"max_hp_loss":0.0,"gold_gain":0.0,"event_name":"Ghosts","player_choice":"Ignored","floor":25.0,"gold_loss":0.0,"damage_taken":0.0},{"damage_healed":0.0,"max_hp_gain":5.0,"max_hp_loss":0.0,"gold_gain":0.0,"event_name":"Forgotten Altar","player_choice":"Shed Blood","floor":28.0,"gold_loss":0.0,"damage_taken":19.0}],"is_beta":false,"boss_relics":[{"not_picked":["Philosopher\u0027s Stone","Inserter"],"picked":"Empty Cage"}],"items_purged_floors":[13],"is_endless":false,"potions_floor_spawned":[3,8,14,18,29],"killed_by":"Slavers","ascension_level":10}