{"gold_per_floor":[111,111,130,147,165,199,215,215,215,227,227],"floor_reached":11,"playtime":667,"items_purged":[],"score":131,"play_id":"c9701a3c-0b17-43b8-b64e-670d8ce76ed6","local_time":"20190709013856","is_ascension_mode":true,"campfire_choices":[{"floor":8,"key":"REST"}],"neow_cost":"CURSE","seed_source_timestamp":1847093354860,"circlet_count":0,"master_deck":["AscendersBane","Strike_G","Strike_G","Strike_G","Strike_G","Defend_G","Defend_G","Defend_G","Defend_G","Defend_G","Survivor","Neutralize","Doubt","Tools of the Trade","Poisoned Stab","Dodge and Roll","Flying Knee","Well Laid Plans","Quick Slash","Deadly Poison","Sucker Punch"],"relics":["Ring of the Snake","Shovel","Matryoshka"],"potions_floor_usage":[6,10,11],"damage_taken":[{"damage":0,"enemies":"2 Louse","floor":1,"turns":3},{"damage":0,"enemies":"Cultist","floor":3,"turns":5},{"damage":9,"enemies":"Small Slimes","floor":4,"turns":5},{"damage":12,"enemies":"Exordium Thugs","floor":5,"turns":6},{"damage":13,"enemies":"3 Sentries","floor":6,"turns":9},{"damage":20,"enemies":"Lots of Slimes","floor":7,"turns":6},{"damage":5,"enemies":"Red Slaver","floor":10,"turns":3},{"damage":22,"enemies":"Exordium Thugs","floor":11,"turns":2}],"seed_played":"534037362301493546","potions_obtained":[{"floor":4,"key":"Fire Potion"},{"floor":6,"key":"GamblersBrew"},{"floor":10,"key":"Dexterity Potion"}],"is_trial":false,"path_per_floor":["M","?","M","M","M","E","M","R","T","M","M"],"character_chosen":"THE_SILENT","items_purchased":[],"campfire_rested":1,"item_purchase_floors":[],"current_hp_per_floor":[59,59,59,50,38,25,5,24,24,19,0],"gold":227,"neow_bonus":"THREE_RARE_CARDS","is_prod":false,"is_daily":false,"chose_seed":false,"campfire_upgraded":0,"win_rate":0,"timestamp":1562600336,"path_taken":["M","?","?","M","M","E","M","R","T","M","?"],"build_version":"2019-07-05","purchased_purges":0,"victory":false,"max_hp_per_floor":[66,66,66,66,66,66,66,66,66,66,66],"card_choices":[{"not_picked":["Venomology","Burst"],"picked":"Tools of the Trade","floor":0},{"not_picked":["Endless Agony","Quick Slash"],"picked":"Poisoned Stab","floor":1},{"not_picked":["Deflect","Endless Agony"],"picked":"Flying Knee","floor":3},{"not_picked":["Dodge and Roll","Infinite Blades"],"picked":"Well Laid Plans","floor":4},{"not_picked":["Choke","Dash"],"picked":"Quick Slash","floor":5},{"not_picked":["Concentrate","Accuracy"],"picked":"Deadly Poison","floor":6},{"not_picked":["Flying Knee","Choke"],"picked":"Sucker Punch","floor":7},{"not_picked":["Dash","Calculated Gamble","Blade Dance"],"picked":"SKIP","floor":10}],"player_experience":955008,"relics_obtained":[{"floor":6,"key":"Shovel"},{"floor":9,"key":"Matryoshka"}],"event_choices":[{"damage_healed":0,"gold_gain":0,"cards_transformed":["Strike_G"],"player_choice":"Transformed","damage_taken":0,"max_hp_gain":0,"max_hp_loss":0,"event_name":"Transmorgrifier","floor":2,"gold_loss":0,"cards_obtained":["Dodge and Roll"]}],"is_beta":false,"boss_relics":[],"items_purged_floors":[],"is_endless":false,"potions_floor_spawned":[4,6,10],"killed_by":"Exordium Thugs","ascension_level":14}