{"gold_per_floor":[119,119,44,44,5,39,39,59,59,84,84,104,122,122,122,122],"floor_reached":16,"playtime":628,"items_purged":["Strike_B"],"score":175,"play_id":"286499a7-19d1-449a-a32e-7d2d14b4b8ca","local_time":"20190315235413","is_ascension_mode":true,"campfire_choices":[{"data":"Steam","floor":7,"key":"SMITH"},{"data":"Dualcast","floor":15,"key":"SMITH"}],"neow_cost":"NONE","seed_source_timestamp":257545599248049,"circlet_count":0,"master_deck":["Strike_B","Strike_B","Defend_B","Defend_B","Defend_B","Zap+1","Dualcast+1","Scrape","Steam+1","Scrape"],"relics":["Cracked Core","NeowsBlessing","Golden Idol","Gremlin Horn","Bird Faced Urn"],"potions_floor_usage":[13],"damage_taken":[{"damage":0,"enemies":"Small Slimes","floor":1,"turns":1},{"damage":0,"enemies":"3 Sentries","floor":6,"turns":1},{"damage":0,"enemies":"Jaw Worm","floor":8,"turns":1},{"damage":0,"enemies":"Cultist","floor":10,"turns":3},{"damage":0,"enemies":"Looter","floor":12,"turns":3},{"damage":0,"enemies":"Gremlin Gang","floor":13,"turns":2},{"damage":70,"enemies":"Hexaghost","floor":16,"turns":10}],"seed_played":"8579143167624685721","potions_obtained":[{"floor":6,"key":"SpeedPotion"},{"floor":8,"key":"AttackPotion"},{"floor":10,"key":"Poison Potion"}],"is_trial":false,"path_per_floor":["M","?","$","?","$","E","R","M","T","M","?","M","M","?","R","B"],"character_chosen":"DEFECT","items_purchased":["Scrape"],"campfire_rested":0,"item_purchase_floors":[5],"current_hp_per_floor":[68,68,68,68,68,68,68,68,68,68,68,68,68,68,68,0],"gold":122,"neow_bonus":"THREE_ENEMY_KILL","is_prod":false,"is_daily":false,"chose_seed":false,"campfire_upgraded":2,"win_rate":0,"timestamp":1552712053,"path_taken":["M","?","$","?","$","E","R","M","T","M","?","?","M","?","R","BOSS"],"build_version":"2019-01-23","purchased_purges":1,"victory":false,"max_hp_per_floor":[75,69,69,69,69,69,69,69,69,69,69,69,69,69,69,69],"card_choices":[{"not_picked":["Cold Snap","Ball Lightning","Barrage"],"picked":"SKIP","floor":1},{"not_picked":["Steam","Stack","Compile Driver"],"picked":"SKIP","floor":6},{"not_picked":["Stack","Compile Driver"],"picked":"Steam","floor":6},{"not_picked":["Sweeping Beam","Force Field","Blizzard"],"picked":"SKIP","floor":8},{"not_picked":["Consume","Barrage","Sweeping Beam"],"picked":"SKIP","floor":10},{"not_picked":["Coolheaded","Turbo","Compile Driver"],"picked":"SKIP","floor":12},{"not_picked":["Storm","Go for the Eyes"],"picked":"Scrape","floor":13}],"player_experience":469020,"relics_obtained":[{"floor":6,"key":"Gremlin Horn"},{"floor":9,"key":"Bird Faced Urn"}],"event_choices":[{"damage_healed":0,"gold_gain":0,"player_choice":"Lose Max HP","damage_taken":0,"relics_obtained":["Golden Idol"],"max_hp_gain":0,"max_hp_loss":6,"event_name":"Golden Idol","floor":2,"gold_loss":0},{"cards_removed":["Defend_B"],"damage_healed":0,"gold_gain":0,"player_choice":"Forget","damage_taken":0,"max_hp_gain":0,"max_hp_loss":0,"event_name":"Living Wall","floor":4,"gold_loss":0},{"damage_healed":0,"gold_gain":0,"player_choice":"Upgraded","damage_taken":0,"max_hp_gain":0,"max_hp_loss":0,"event_name":"Upgrade Shrine","floor":11,"gold_loss":0,"cards_upgraded":["Zap"]},{"cards_removed":["Strike_B"],"damage_healed":0,"gold_gain":0,"player_choice":"Offered Basic","damage_taken":0,"max_hp_gain":0,"max_hp_loss":0,"event_name":"Bonfire Elementals","floor":14,"gold_loss":0}],"is_beta":false,"boss_relics":[],"items_purged_floors":[3],"is_endless":false,"potions_floor_spawned":[6,8,10],"killed_by":"Hexaghost","ascension_level":8}