{"gold_per_floor":[360,376,395,395,18,18,32,32,56,68,79,79,96,96,108,224,236,263,275,300,312,324],"floor_reached":22,"playtime":939,"items_purged":[],"score":223,"play_id":"a2b8bc53-ecd9-47a8-8443-9afcd1a9fa2a","local_time":"20190514104553","is_ascension_mode":true,"campfire_choices":[{"data":"Cloak And Dagger","floor":6,"key":"SMITH"},{"data":"Sucker Punch","floor":8,"key":"SMITH"},{"floor":12,"key":"REST"},{"data":"Neutralize","floor":15,"key":"SMITH"}],"neow_cost":"TEN_PERCENT_HP_LOSS","seed_source_timestamp":13726920848056,"circlet_count":0,"master_deck":["Defend_G","Defend_G","Defend_G","Defend_G","Defend_G","Strike_G","Strike_G","Strike_G","Strike_G","Survivor","Neutralize+1","Dagger Spray","Poisoned Stab","Choke","Calculated Gamble","Cloak And Dagger+1","Dagger Throw","Sucker Punch+1","Quick Slash","Deflect","Well Laid Plans","Burst","Flying Knee","Neutralize","Forethought","Finisher"],"relics":["Ring of the Snake","Ice Cream","Juzu Bracelet","MawBank","WristBlade","Enchiridion"],"potions_floor_usage":[10,16,16],"damage_taken":[{"damage":7,"enemies":"2 Louse","floor":1,"turns":3},{"damage":0,"enemies":"Jaw Worm","floor":2,"turns":5},{"damage":2,"enemies":"Cultist","floor":3,"turns":4},{"damage":3,"enemies":"Blue Slaver","floor":7,"turns":3},{"damage":2,"enemies":"Lots of Slimes","floor":10,"turns":2},{"damage":10,"enemies":"Exordium Thugs","floor":11,"turns":3},{"damage":2,"enemies":"Red Slaver","floor":13,"turns":3},{"damage":31,"enemies":"The Guardian","floor":16,"turns":14},{"damage":8,"enemies":"3 Byrds","floor":18,"turns":6},{"damage":20,"enemies":"Shell Parasite","floor":20,"turns":5},{"damage":25,"enemies":"Snecko","floor":22,"turns":3}],"seed_played":"5647154375107161621","potions_obtained":[{"floor":3,"key":"FearPotion"},{"floor":7,"key":"SteroidPotion"},{"floor":11,"key":"Weak Potion"}],"is_trial":false,"path_per_floor":["M","M","M","?","$","R","M","R","T","M","M","R","M","?","R","B",null,"M","?","M","?","M"],"character_chosen":"THE_SILENT","items_purchased":["Ice Cream","Cloak And Dagger","Dagger Throw"],"campfire_rested":1,"item_purchase_floors":[5,5,5],"current_hp_per_floor":[56,56,54,54,54,54,51,51,51,49,39,57,55,52,52,21,53,45,45,25,9,0],"gold":324,"neow_bonus":"TWO_FIFTY_GOLD","is_prod":false,"is_daily":false,"chose_seed":false,"campfire_upgraded":3,"win_rate":0,"timestamp":1557794753,"path_taken":["M","M","M","?","$","R","M","R","T","M","M","R","M","?","R","BOSS","M","?","M","?","M"],"build_version":"2019-01-23","purchased_purges":0,"victory":false,"max_hp_per_floor":[63,63,63,63,63,63,63,63,63,63,63,63,63,63,63,63,63,63,63,63,63,63],"card_choices":[{"not_picked":["Deadly Poison","Eviscerate"],"picked":"Dagger Spray","floor":1},{"not_picked":["Deflect","Distraction"],"picked":"Poisoned Stab","floor":2},{"not_picked":["Reflex","Sucker Punch"],"picked":"Choke","floor":3},{"not_picked":["Backflip","Cloak And Dagger"],"picked":"Sucker Punch","floor":7},{"not_picked":["Footwork","Flechettes"],"picked":"Quick Slash","floor":10},{"not_picked":["Footwork","Acrobatics"],"picked":"Deflect","floor":11},{"not_picked":["Crippling Poison","Backflip"],"picked":"Well Laid Plans","floor":13},{"not_picked":["Unload","Malaise"],"picked":"Burst","floor":16},{"not_picked":["Expertise","Cloak And Dagger+1"],"picked":"Flying Knee","floor":18},{"not_picked":["Acrobatics","Deadly Poison"],"picked":"Finisher","floor":20}],"player_experience":609539,"relics_obtained":[{"floor":9,"key":"Juzu Bracelet"},{"floor":21,"key":"Enchiridion"}],"event_choices":[{"damage_healed":0,"gold_gain":0,"cards_transformed":["Strike_G"],"player_choice":"Change","damage_taken":0,"max_hp_gain":0,"max_hp_loss":0,"event_name":"Living Wall","floor":4,"gold_loss":0,"cards_obtained":["Calculated Gamble"]},{"damage_healed":0,"gold_gain":0,"player_choice":"Success","damage_taken":3,"relics_obtained":["MawBank"],"max_hp_gain":0,"max_hp_loss":0,"event_name":"Scrap Ooze","floor":14,"gold_loss":0},{"damage_healed":0,"gold_gain":0,"player_choice":"2 cards matched","damage_taken":0,"max_hp_gain":0,"max_hp_loss":0,"event_name":"Match and Keep!","floor":19,"gold_loss":0,"cards_obtained":["Neutralize","Forethought"]},{"damage_healed":0,"gold_gain":0,"player_choice":"Obtained Book","damage_taken":16,"max_hp_gain":0,"max_hp_loss":0,"event_name":"Cursed Tome","floor":21,"gold_loss":0}],"is_beta":false,"boss_relics":[{"not_picked":["Lizard Tail","HoveringKite"],"picked":"WristBlade"}],"items_purged_floors":[],"is_endless":false,"potions_floor_spawned":[3,7,11],"killed_by":"Snecko","ascension_level":5}