{"gold_per_floor":[115,115,127,48,123,156,156,184,184,184,198,209,209,209,209,304,304,324,324,29,29,41,41,67,81,104,104,104,104,133,62,62,167,167,183,183,194,208,208,243,243,256,256,22,22],"floor_reached":45,"playtime":2121,"items_purged":[],"score":562,"play_id":"69f1d1c4-3eac-4dcf-9af9-4aa7eabe31f2","local_time":"20190327184132","is_ascension_mode":false,"campfire_choices":[{"floor":7,"key":"REST"},{"floor":10,"key":"REST"},{"data":"Armaments","floor":13,"key":"SMITH"},{"data":"Shockwave","floor":15,"key":"SMITH"},{"data":"Heavy Blade","floor":23,"key":"SMITH"},{"data":"Berserk","floor":27,"key":"SMITH"},{"data":"J.A.X.","floor":29,"key":"SMITH"},{"data":"Shrug It Off","floor":32,"key":"SMITH"},{"floor":41,"key":"REST"}],"neow_cost":"NONE","seed_source_timestamp":27749306416025,"circlet_count":0,"master_deck":["Strike_R+1","Strike_R","Strike_R","Strike_R","Defend_R","Defend_R+1","Defend_R+1","Defend_R+1","Bash","Heavy Blade+1","Anger","Feed","Wild Strike","Armaments+1","Headbutt","Shockwave+1","Exhume","Anger","Feed","Shrug It Off+1","Anger","Berserk+1","Flex","J.A.X.+1","Metallicize+1","Second Wind","Bludgeon","Warcry+1","Dark Shackles","Rage","Blood for Blood+1","Seeing Red+1","Wild Strike+1","Uppercut","Burning Pact"],"relics":["Black Blood","Sundial","Orichalcum","Happy Flower","Eternal Feather","Shuriken","Mummified Hand","War Paint","Dream Catcher","Frozen Egg 2","Lantern","Red Skull"],"potions_floor_usage":[16,22,25,30,35,42],"damage_taken":[{"damage":0,"enemies":"Small Slimes","floor":1,"turns":4},{"damage":1,"enemies":"Cultist","floor":3,"turns":3},{"damage":36,"enemies":"Gremlin Nob","floor":6,"turns":5},{"damage":15,"enemies":"3 Sentries","floor":8,"turns":7},{"damage":5,"enemies":"2 Louse","floor":11,"turns":2},{"damage":2,"enemies":"Looter","floor":12,"turns":3},{"damage":21,"enemies":"Slime Boss","floor":16,"turns":11},{"damage":7,"enemies":"Shell Parasite","floor":18,"turns":6},{"damage":14,"enemies":"Spheric Guardian","floor":22,"turns":6},{"damage":38,"enemies":"Gremlin Leader","floor":24,"turns":10},{"damage":7,"enemies":"Cultist and Chosen","floor":25,"turns":6},{"damage":39,"enemies":"Book of Stabbing","floor":30,"turns":5},{"damage":76,"enemies":"Collector","floor":33,"turns":10},{"damage":21,"enemies":"3 Darklings","floor":35,"turns":6},{"damage":5,"enemies":"3 Shapes","floor":37,"turns":6},{"damage":63,"enemies":"Writhing Mass","floor":38,"turns":8},{"damage":51,"enemies":"Nemesis","floor":40,"turns":7},{"damage":18,"enemies":"4 Shapes","floor":42,"turns":5},{"damage":66,"enemies":"Spire Growth","floor":45,"turns":3}],"seed_played":"3757389459836354370","potions_obtained":[{"floor":11,"key":"Explosive Potion"},{"floor":12,"key":"Strength Potion"},{"floor":16,"key":"Block Potion"},{"floor":25,"key":"Dexterity Potion"},{"floor":33,"key":"Swift Potion"},{"floor":40,"key":"Fire Potion"}],"is_trial":false,"path_per_floor":["M","?","M","$","?","E","R","E","T","R","M","M","R","?","R","B",null,"M","?","$","?","M","R","E","M","T","R","?","R","E","$","R","B",null,"M","?","M","M","?","E","R","M","T","$","M"],"character_chosen":"IRONCLAD","items_purchased":["Feed","Shuriken","Shrug It Off","Second Wind","Red Skull","Burning Pact"],"campfire_rested":3,"item_purchase_floors":[4,20,20,31,44,44],"current_hp_per_floor":[88,70,75,75,64,37,64,58,58,86,90,94,94,94,94,83,101,103,103,103,103,99,108,76,75,75,87,87,99,66,66,81,11,108,97,97,102,53,53,12,63,59,59,59,0],"gold":22,"neow_bonus":"TEN_PERCENT_HP_BONUS","is_prod":false,"is_daily":false,"chose_seed":false,"campfire_upgraded":6,"win_rate":0,"timestamp":1553676092,"path_taken":["M","?","M","$","?","E","R","E","T","R","M","M","R","?","R","BOSS","M","?","?","?","M","R","E","?","T","R","?","R","E","$","R","BOSS","M","?","?","?","?","E","R","M","T","$","M"],"build_version":"2019-01-23","purchased_purges":0,"victory":false,"max_hp_per_floor":[88,88,88,88,88,91,91,94,94,94,97,97,97,97,97,101,101,104,104,104,104,108,108,108,108,108,108,108,108,108,108,108,108,108,108,108,108,112,112,112,112,116,116,116,116],"card_choices":[{"not_picked":["Clash","Twin Strike"],"picked":"Heavy Blade","floor":1},{"not_picked":["Clash","Rupture"],"picked":"Anger","floor":3},{"not_picked":["Clash","Dark Embrace"],"picked":"Wild Strike","floor":6},{"not_picked":["Corruption","Fire Breathing"],"picked":"Whirlwind","floor":8},{"not_picked":["Wild Strike","Ghostly Armor"],"picked":"Armaments","floor":11},{"not_picked":["Sword Boomerang","Combust"],"picked":"Headbutt","floor":12},{"not_picked":["Limit Break","Berserk"],"picked":"Exhume","floor":16},{"not_picked":["Rage","Sword Boomerang"],"picked":"Anger","floor":18},{"not_picked":["Bloodletting","Body Slam"],"picked":"Anger","floor":22},{"not_picked":["Iron Wave","Heavy Blade"],"picked":"Berserk","floor":24},{"not_picked":["Cleave","Clothesline"],"picked":"Flex","floor":25},{"not_picked":["Disarm","Shockwave"],"picked":"Metallicize+1","floor":30},{"not_picked":["Offering","Juggernaut"],"picked":"Bludgeon","floor":33},{"not_picked":["Twin Strike","Sword Boomerang"],"picked":"Warcry+1","floor":35},{"not_picked":["Wild Strike","Reckless Charge+1"],"picked":"Rage","floor":37},{"not_picked":["Rage","Shrug It Off"],"picked":"Blood for Blood+1","floor":38},{"not_picked":["Battle Trance","Berserk"],"picked":"Seeing Red+1","floor":40},{"not_picked":["Hemokinesis+1","Seeing Red"],"picked":"Wild Strike+1","floor":41},{"not_picked":["Perfected Strike+1","Reckless Charge"],"picked":"Uppercut","floor":42}],"player_experience":201993,"relics_obtained":[{"floor":6,"key":"Sundial"},{"floor":8,"key":"Orichalcum"},{"floor":9,"key":"Happy Flower"},{"floor":24,"key":"Mummified Hand"},{"floor":26,"key":"War Paint"},{"floor":30,"key":"Dream Catcher"},{"floor":40,"key":"Frozen Egg 2"},{"floor":43,"key":"Lantern"}],"event_choices":[{"damage_healed":0,"gold_gain":0,"player_choice":"Entered Light","damage_taken":18,"max_hp_gain":0,"max_hp_loss":0,"event_name":"Shining Light","floor":2,"gold_loss":0,"cards_upgraded":["Defend_R","Strike_R"]},{"damage_healed":0,"gold_gain":75,"player_choice":"Gather Gold","damage_taken":11,"max_hp_gain":0,"max_hp_loss":0,"event_name":"World of Goop","floor":5,"gold_loss":0},{"damage_healed":0,"gold_gain":0,"cards_transformed":["Whirlwind"],"player_choice":"Transformed","damage_taken":0,"max_hp_gain":0,"max_hp_loss":0,"event_name":"Transmorgrifier","floor":14,"gold_loss":0,"cards_obtained":["Shockwave"]},{"damage_healed":0,"gold_gain":0,"player_choice":"Copied","damage_taken":0,"max_hp_gain":0,"max_hp_loss":0,"event_name":"Duplicator","floor":19,"gold_loss":0,"cards_obtained":["Feed"]},{"cards_removed":["Strike_R"],"damage_healed":0,"gold_gain":0,"player_choice":"Purged","damage_taken":0,"max_hp_gain":0,"max_hp_loss":0,"event_name":"Purifier","floor":21,"gold_loss":0},{"damage_healed":0,"gold_gain":0,"player_choice":"Obtain J.A.X.","damage_taken":0,"max_hp_gain":0,"max_hp_loss":0,"event_name":"Drug Dealer","floor":28,"gold_loss":0,"cards_obtained":["J.A.X."]},{"damage_healed":0,"gold_gain":0,"player_choice":"1 cards matched","damage_taken":0,"max_hp_gain":0,"max_hp_loss":0,"event_name":"Match and Keep!","floor":36,"gold_loss":0,"cards_obtained":["Dark Shackles"]},{"damage_healed":0,"gold_gain":0,"player_choice":"Ignored","damage_taken":0,"max_hp_gain":0,"max_hp_loss":0,"event_name":"Tomb of Lord Red Mask","floor":39,"gold_loss":0}],"is_beta":false,"boss_relics":[{"not_picked":["Ectoplasm","White Beast Statue"],"picked":"Eternal Feather"},{"not_picked":["Runic Cube","Black Star"],"picked":"Black Blood"}],"items_purged_floors":[],"is_endless":false,"potions_floor_spawned":[11,12,16,25,33,40],"killed_by":"Spire Growth","ascension_level":0}