{"gold_per_floor":[114,131,0,12,12,12,28,28,28,28,28,28,46,46,46,120,120,139,39,55,0,0,0,15,34,60,60,73,96,96,96,96,173,173,190,190,11,11,11,11,29,0,54,54,67,85,95,95,95,95,95],"floor_reached":52,"playtime":1359,"items_purged":["Strike_R","Strike_R","Defend_R"],"score":1680,"play_id":"a188c9e8-6f34-4625-a608-787c5d3d1e0b","local_time":"20190717175221","is_ascension_mode":true,"campfire_choices":[{"data":"Searing Blow","floor":6.0,"key":"SMITH"},{"data":"Searing Blow+1","floor":8.0,"key":"SMITH"},{"data":"Searing Blow+2","floor":10.0,"key":"SMITH"},{"data":"Searing Blow+3","floor":12.0,"key":"SMITH"},{"data":"Searing Blow+4","floor":15.0,"key":"SMITH"},{"data":"Searing Blow+5","floor":23.0,"key":"SMITH"},{"data":"Searing Blow+6","floor":27.0,"key":"SMITH"},{"floor":30.0,"key":"REST"},{"data":"Entrench","floor":32.0,"key":"SMITH"},{"data":"Armaments","floor":40.0,"key":"SMITH"},{"floor":44.0,"key":"REST"},{"floor":49.0,"key":"REST"}],"neow_cost":"NONE","seed_source_timestamp":0,"circlet_count":0,"master_deck":["AscendersBane","Strike_R+1","Defend_R","Defend_R","Defend_R","Bash+1","Searing Blow+8","Seeing Red","Warcry","Battle Trance","Warcry","Entrench+1","Double Tap","Armaments+1","Madness","Madness","Second Wind","Armaments"],"special_seed":0,"relics":["Burning Blood","NeowsBlessing","Paper Frog","Busted Crown","Boot","Juzu Bracelet","Runic Pyramid","Red Mask","Whetstone"],"potions_floor_usage":[],"damage_taken":[{"damage":0.0,"enemies":"2 Louse","floor":1.0,"turns":1.0},{"damage":0.0,"enemies":"Cultist","floor":2.0,"turns":1.0},{"damage":0.0,"enemies":"Jaw Worm","floor":4.0,"turns":1.0},{"damage":22.0,"enemies":"2 Fungi Beasts","floor":7.0,"turns":4.0},{"damage":35.0,"enemies":"Gremlin Gang","floor":13.0,"turns":4.0},{"damage":28.0,"enemies":"The Guardian","floor":16.0,"turns":10.0},{"damage":15.0,"enemies":"Shell Parasite","floor":18.0,"turns":3.0},{"damage":6.0,"enemies":"Spheric Guardian","floor":20.0,"turns":3.0},{"damage":0.0,"enemies":"Snake Plant","floor":24.0,"turns":1.0},{"damage":7.0,"enemies":"Chosen and Byrds","floor":25.0,"turns":5.0},{"damage":30.0,"enemies":"3 Cultists","floor":28.0,"turns":5.0},{"damage":35.0,"enemies":"Collector","floor":33.0,"turns":3.0},{"damage":20.0,"enemies":"3 Darklings","floor":35.0,"turns":8.0},{"damage":0.0,"enemies":"Orb Walker","floor":41.0,"turns":2.0},{"damage":17.0,"enemies":"3 Darklings","floor":45.0,"turns":6.0},{"damage":19.0,"enemies":"Writhing Mass","floor":46.0,"turns":5.0},{"damage":0.0,"enemies":"Sphere and 2 Shapes","floor":47.0,"turns":5.0},{"damage":72.0,"enemies":"Awakened One","floor":50.0,"turns":6.0},{"damage":19,"enemies":"Time Eater","floor":51,"turns":5}],"seed_played":"-7943834778304755659","potions_obtained":[{"floor":4.0,"key":"Weak Potion"},{"floor":7.0,"key":"LiquidBronze"},{"floor":20.0,"key":"Energy Potion"},{"floor":25.0,"key":"Fire Potion"},{"floor":28.0,"key":"GamblersBrew"},{"floor":46.0,"key":"Regen Potion"}],"is_trial":false,"path_per_floor":["M","M","$","M","$","R","M","R","T","R","$","R","M","?","R","B",null,"M","$","M","?","?","R","M","M","T","R","M","T","R","?","R","B",null,"M","?","$","?","?","R","M","?","T","R","M","M","M","?","R","B","B",null],"character_chosen":"IRONCLAD","items_purchased":["Warcry","Armaments"],"campfire_rested":3,"item_purchase_floors":[3,37],"current_hp_per_floor":[74,75,75,75,75,75,59,59,59,59,59,59,30,30,30,8,58,49,49,49,49,28,28,34,33,33,33,9,9,33,49,49,20,65,51,51,51,51,37,37,43,43,43,67,56,43,49,49,73,21,8],"gold":95,"neow_bonus":"THREE_ENEMY_KILL","is_prod":false,"is_daily":false,"chose_seed":false,"campfire_upgraded":9,"win_rate":0,"timestamp":1563353541,"path_taken":["M","M","$","M","$","R","M","R","T","R","$","R","M","?","R","BOSS","M","$","M","?","?","R","M","M","T","R","M","?","R","?","R","BOSS","M","?","$","?","?","R","M","?","T","R","M","M","M","?","R","BOSS","BOSS"],"build_version":"2019-07-05","purchased_purges":3,"victory":true,"max_hp_per_floor":[75,75,75,75,75,75,75,75,75,75,75,75,75,75,75,75,75,75,75,75,75,80,80,80,80,80,80,80,80,80,80,80,80,80,80,80,80,80,80,80,80,80,80,80,80,80,80,80,80,80,80],"card_choices":[{"not_picked":["Flex","Twin Strike"],"picked":"Searing Blow","floor":1.0},{"not_picked":["Intimidate","Twin Strike"],"picked":"Seeing Red","floor":2.0},{"not_picked":["Rampage","Havoc"],"picked":"Battle Trance","floor":4.0},{"not_picked":["Twin Strike","Dual Wield"],"picked":"Warcry","floor":7.0},{"not_picked":["Flame Barrier","Intimidate","Bloodletting"],"picked":"SKIP","floor":13.0},{"not_picked":["Fiend Fire","Impervious"],"picked":"Double Tap","floor":16.0},{"not_picked":["Warcry"],"picked":"SKIP","floor":18.0},{"not_picked":["Twin Strike"],"picked":"SKIP","floor":20.0},{"not_picked":["Twin Strike"],"picked":"SKIP","floor":24.0},{"not_picked":["Sword Boomerang+1"],"picked":"SKIP","floor":25.0},{"not_picked":["Heavy Blade"],"picked":"SKIP","floor":28.0},{"not_picked":["Blood for Blood"],"picked":"SKIP","floor":35.0},{"not_picked":["Cleave"],"picked":"SKIP","floor":41.0},{"not_picked":[],"picked":"Second Wind","floor":45.0},{"not_picked":["Carnage+1"],"picked":"SKIP","floor":46.0},{"not_picked":["Pummel"],"picked":"SKIP","floor":47.0}],"player_experience":794651,"relics_obtained":[{"floor":9.0,"key":"Paper Frog"},{"floor":26.0,"key":"Boot"},{"floor":29.0,"key":"Juzu Bracelet"},{"floor":43.0,"key":"Whetstone"}],"event_choices":[{"damage_healed":0.0,"max_hp_gain":0.0,"max_hp_loss":0.0,"gold_gain":0.0,"cards_transformed":["Strike_R"],"event_name":"Transmorgrifier","player_choice":"Transformed","floor":14.0,"gold_loss":0.0,"damage_taken":0.0,"cards_obtained":["Entrench"]},{"damage_healed":0.0,"max_hp_gain":0.0,"max_hp_loss":0.0,"gold_gain":0.0,"event_name":"Masked Bandits","player_choice":"Paid Fearfully","floor":21.0,"gold_loss":55.0,"damage_taken":0.0},{"damage_healed":0.0,"max_hp_gain":5.0,"max_hp_loss":0.0,"gold_gain":0.0,"event_name":"Forgotten Altar","player_choice":"Shed Blood","floor":22.0,"gold_loss":0.0,"damage_taken":26.0},{"damage_healed":16.0,"max_hp_gain":0.0,"max_hp_loss":0.0,"gold_gain":0.0,"event_name":"The Library","player_choice":"Heal","floor":31.0,"gold_loss":0.0,"damage_taken":0.0},{"damage_healed":0.0,"max_hp_gain":0.0,"max_hp_loss":0.0,"gold_gain":0.0,"event_name":"Upgrade Shrine","player_choice":"Upgraded","floor":36.0,"gold_loss":0.0,"damage_taken":0.0,"cards_upgraded":["Searing Blow"]},{"damage_healed":0.0,"max_hp_gain":0.0,"max_hp_loss":0.0,"gold_gain":0.0,"event_name":"Mysterious Sphere","player_choice":"Ignored","floor":38.0,"gold_loss":0.0,"damage_taken":0.0},{"damage_healed":0.0,"max_hp_gain":0.0,"max_hp_loss":0.0,"gold_gain":0.0,"event_name":"Winding Halls","player_choice":"Embrace Madness","floor":39.0,"gold_loss":0.0,"damage_taken":14.0,"cards_obtained":["Madness","Madness"]},{"damage_healed":0.0,"max_hp_gain":0.0,"max_hp_loss":0.0,"gold_gain":0.0,"event_name":"Tomb of Lord Red Mask","player_choice":"Paid","floor":42.0,"gold_loss":29.0,"damage_taken":0.0,"relics_obtained":["Red Mask"]},{"damage_healed":0.0,"max_hp_gain":0.0,"max_hp_loss":0.0,"gold_gain":0.0,"cards_transformed":["Strike_R"],"event_name":"Transmorgrifier","player_choice":"Transformed","floor":48.0,"gold_loss":0.0,"damage_taken":0.0,"cards_obtained":["Armaments"]}],"is_beta":false,"boss_relics":[{"not_picked":["Ectoplasm","Tiny House"],"picked":"Busted Crown"},{"not_picked":["Pandora\u0027s Box","Velvet Choker"],"picked":"Runic Pyramid"}],"items_purged_floors":[3,19,37],"is_endless":false,"potions_floor_spawned":[4,7,20,25,28,46],"ascension_level":20}