{"gold_per_floor":[216,229,7,23,23,23,43,76,76,106,106,106,119,155,155,254,254,254,254,254,254,254,254,254,254],"floor_reached":25,"playtime":1244,"items_purged":[],"score":582,"play_id":"cb8de613-7372-4358-b3e7-0c272c1a7a31","local_time":"20190406220505","is_ascension_mode":true,"campfire_choices":[{"data":"Buffer","floor":6.0,"key":"SMITH"},{"data":"Creative AI","floor":15.0,"key":"SMITH"},{"floor":24,"key":"REST"}],"neow_cost":"NONE","seed_source_timestamp":0,"circlet_count":0,"master_deck":["AscendersBane","Strike_B","Strike_B","Strike_B","Defend_B","Defend_B","Defend_B","Defend_B","Zap","Dualcast","Beam Cell","Buffer+1","Cold Snap","Streamline","Gash","Creative AI+1","Force Field","Gash","Biased Cognition","Go for the Eyes","Consume+1","Glacier","Loop+1","Core Surge"],"special_seed":0,"relics":["Cracked Core","Vajra","Singing Bowl","Bottled Tornado","Pear","Golden Idol","Letter Opener","Nunchaku","Ectoplasm","Happy Flower"],"potions_floor_usage":[23,23],"damage_taken":[{"damage":8.0,"enemies":"2 Louse","floor":1.0,"turns":3.0},{"damage":7.0,"enemies":"Jaw Worm","floor":2.0,"turns":3.0},{"damage":0.0,"enemies":"Small Slimes","floor":4.0,"turns":3.0},{"damage":5.0,"enemies":"Exordium Thugs","floor":7.0,"turns":5.0},{"damage":10.0,"enemies":"Lagavulin","floor":8.0,"turns":8.0},{"damage":0.0,"enemies":"Gremlin Nob","floor":10.0,"turns":4.0},{"damage":12.0,"enemies":"3 Louse","floor":13.0,"turns":4.0},{"damage":0.0,"enemies":"Lagavulin","floor":14.0,"turns":6.0},{"damage":22.0,"enemies":"Hexaghost","floor":16.0,"turns":9.0},{"damage":4.0,"enemies":"Shell Parasite","floor":18.0,"turns":6.0},{"damage":0.0,"enemies":"Chosen","floor":19.0,"turns":4.0},{"damage":19.0,"enemies":"Snake Plant","floor":22.0,"turns":5.0},{"damage":6,"enemies":"Book of Stabbing","floor":23,"turns":4},{"damage":48,"enemies":"Gremlin Leader","floor":25,"turns":4}],"seed_played":"25958770634828","potions_obtained":[{"floor":4.0,"key":"Explosive Potion"},{"floor":8.0,"key":"Dexterity Potion"},{"floor":10.0,"key":"PowerPotion"},{"floor":22.0,"key":"Block Potion"}],"is_trial":false,"path_per_floor":["M","M","$","M","?","R","M","E","T","E","?","?","M","E","R","B",null,"M","M","?","?","M","E","R","E"],"character_chosen":"DEFECT","items_purchased":["Vajra","Gash"],"campfire_rested":1,"item_purchase_floors":[3,3],"current_hp_per_floor":[56,49,49,49,42,42,37,27,27,37,37,37,25,25,25,3,56,52,52,52,52,33,27,48,0],"gold":254,"neow_bonus":"HUNDRED_GOLD","is_prod":false,"is_daily":false,"chose_seed":false,"campfire_upgraded":2,"win_rate":0,"timestamp":1554602705,"path_taken":["M","M","$","M","?","R","M","E","T","E","?","?","M","E","R","BOSS","M","M","?","?","M","E","R","E"],"build_version":"2019-04-04","purchased_purges":0,"victory":false,"max_hp_per_floor":[71,71,71,71,71,71,71,71,71,81,73,73,73,73,73,73,73,73,73,73,73,73,73,73,73],"card_choices":[{"not_picked":["Rebound","Hologram"],"picked":"Beam Cell","floor":1.0},{"not_picked":["Loop","Leap"],"picked":"Buffer","floor":2.0},{"not_picked":["Doom and Gloom","Blizzard"],"picked":"Cold Snap","floor":4.0},{"not_picked":["Stack","Static Discharge"],"picked":"Streamline","floor":7.0},{"not_picked":["Leap","Lockon"],"picked":"Gash","floor":8.0},{"not_picked":["Redo","Glacier"],"picked":"Creative AI","floor":10.0},{"not_picked":["Barrage","Stack"],"picked":"Force Field","floor":13.0},{"not_picked":["Capacitor","Leap"],"picked":"Gash","floor":14.0},{"not_picked":["Creative AI","Fission"],"picked":"Biased Cognition","floor":16.0},{"not_picked":["Leap","Turbo"],"picked":"Go for the Eyes","floor":18.0},{"not_picked":["Leap","Beam Cell"],"picked":"Consume","floor":19.0},{"not_picked":["Consume","Steam"],"picked":"Loop+1","floor":22.0},{"not_picked":["Redo+1","Ball Lightning"],"picked":"Core Surge","floor":23}],"player_experience":2748502,"relics_obtained":[{"floor":8.0,"key":"Singing Bowl"},{"floor":9.0,"key":"Bottled Tornado"},{"floor":10.0,"key":"Pear"},{"floor":14.0,"key":"Nunchaku"},{"floor":23,"key":"Happy Flower"}],"event_choices":[{"cards_removed":["Strike_B"],"damage_healed":0.0,"max_hp_gain":0.0,"max_hp_loss":0.0,"gold_gain":0.0,"event_name":"Golden Wing","player_choice":"Card Removal","floor":5.0,"gold_loss":0.0,"damage_taken":7.0},{"damage_healed":0.0,"max_hp_gain":0.0,"max_hp_loss":8.0,"gold_gain":0.0,"event_name":"Golden Idol","player_choice":"Lose Max HP","floor":11.0,"gold_loss":0.0,"damage_taken":0.0,"relics_obtained":["Golden Idol"]},{"cards_removed":["Gash"],"damage_healed":0.0,"max_hp_gain":0.0,"max_hp_loss":0.0,"gold_gain":0.0,"event_name":"WeMeetAgain","player_choice":"Gave Card","floor":12.0,"gold_loss":0.0,"damage_taken":0.0,"relics_obtained":["Letter Opener"]},{"damage_healed":0.0,"max_hp_gain":0.0,"max_hp_loss":0.0,"gold_gain":0.0,"event_name":"The Library","player_choice":"Read","floor":20.0,"gold_loss":0.0,"damage_taken":0.0,"cards_obtained":["Glacier"]},{"damage_healed":0.0,"max_hp_gain":0.0,"max_hp_loss":0.0,"gold_gain":0.0,"event_name":"Upgrade Shrine","player_choice":"Upgraded","floor":21.0,"gold_loss":0.0,"damage_taken":0.0,"cards_upgraded":["Consume"]}],"is_beta":true,"boss_relics":[{"not_picked":["Tiny House","White Beast Statue"],"picked":"Ectoplasm"}],"items_purged_floors":[],"is_endless":false,"potions_floor_spawned":[4,8,10,16,19,22],"killed_by":"Gremlin Leader","ascension_level":20}