{"gold_per_floor":[111,111,36,54,70,105,119,119,119,119,144,160,160,27,27,129,129,143,163,179,189,199,232,232,157,211,211,211,211,241,253,253,350,350,366,377,43,58,77,77,91,103,103,103,103,0,10,27,27,27],"floor_reached":51,"playtime":9897,"items_purged":["Parasite","Strike_B","Regret"],"score":703,"play_id":"ba867972-9082-4cf8-9896-3e5c02a8f499","local_time":"20190709211839","is_ascension_mode":false,"campfire_choices":[{"data":"Sunder","floor":8,"key":"SMITH"},{"data":"Conserve Battery","floor":10,"key":"SMITH"},{"data":"Creative AI","floor":13,"key":"SMITH"},{"floor":15,"key":"REST"},{"floor":24,"key":"REST"},{"data":"Tempest","floor":27,"key":"SMITH"},{"floor":32,"key":"REST"},{"data":"Recycle","floor":40,"key":"SMITH"},{"data":"White Noise","floor":44,"key":"SMITH"},{"floor":49,"key":"REST"}],"neow_cost":"CURSE","seed_source_timestamp":4720261230300,"circlet_count":0,"master_deck":["Strike_B","Defend_B+1","Defend_B","Defend_B","Zap","Dualcast","Finesse","Sadistic Nature","Coolheaded","Rip and Tear","Coolheaded","Sunder+1","Conserve Battery+1","Cold Snap","Creative AI+1","Chill","BootSequence","Seek+1","Leap","Defragment+1","Compile Driver+1","Go for the Eyes+1","Tempest+1","Capacitor+1","Recycle+1","Echo Form","Stack+1","Ball Lightning+1","White Noise+1","Fusion+1","Magnetism","Leap","Glacier","Glacier","Leap","White Noise+1","Reprogram","Parasite","Self Repair","Redo+1","Regret","Turbo+1","Darkness+1","White Noise"],"relics":["Cracked Core","Question Card","Letter Opener","Molten Egg 2","Cursed Key","Prayer Wheel","War Paint","Oddly Smooth Stone","Runic Pyramid","Frozen Egg 2","Red Mask"],"potions_floor_usage":[6,11,19,20,21,23,23,33,33,42,45],"damage_taken":[{"damage":0,"enemies":"2 Louse","floor":1,"turns":3},{"damage":0,"enemies":"Cultist","floor":4,"turns":3},{"damage":3,"enemies":"Small Slimes","floor":5,"turns":4},{"damage":12,"enemies":"3 Sentries","floor":6,"turns":8},{"damage":0,"enemies":"Blue Slaver","floor":7,"turns":4},{"damage":10,"enemies":"Gremlin Nob","floor":11,"turns":4},{"damage":0,"enemies":"Large Slime","floor":12,"turns":5},{"damage":49,"enemies":"Hexaghost","floor":16,"turns":16},{"damage":1,"enemies":"3 Byrds","floor":18,"turns":4},{"damage":0,"enemies":"Chosen","floor":19,"turns":7},{"damage":7,"enemies":"Snake Plant","floor":20,"turns":5},{"damage":0,"enemies":"Shelled Parasite and Fungi","floor":21,"turns":6},{"damage":0,"enemies":"Chosen and Byrds","floor":22,"turns":5},{"damage":31,"enemies":"Slavers","floor":23,"turns":7},{"damage":2,"enemies":"Book of Stabbing","floor":30,"turns":5},{"damage":2,"enemies":"Snake Plant","floor":31,"turns":4},{"damage":33,"enemies":"Collector","floor":33,"turns":10},{"damage":7,"enemies":"3 Darklings","floor":35,"turns":6},{"damage":0,"enemies":"3 Shapes","floor":36,"turns":4},{"damage":2,"enemies":"Sphere and 2 Shapes","floor":38,"turns":5},{"damage":0,"enemies":"Maw","floor":39,"turns":7},{"damage":1,"enemies":"Spire Growth","floor":41,"turns":8},{"damage":0,"enemies":"Writhing Mass","floor":42,"turns":9},{"damage":23,"enemies":"2 Orb Walkers","floor":45,"turns":3},{"damage":7,"enemies":"Sphere and 2 Shapes","floor":47,"turns":7},{"damage":25,"enemies":"4 Shapes","floor":48,"turns":6},{"damage":12,"enemies":"Donu and Deca","floor":50,"turns":7}],"seed_played":"3026503855627065701","potions_obtained":[{"floor":1,"key":"Dexterity Potion"},{"floor":4,"key":"PowerPotion"},{"floor":11,"key":"Ancient Potion"},{"floor":16,"key":"Regen Potion"},{"floor":18,"key":"PowerPotion"},{"floor":19,"key":"SkillPotion"},{"floor":20,"key":"EssenceOfSteel"},{"floor":30,"key":"Poison Potion"},{"floor":31,"key":"Block Potion"},{"floor":35,"key":"Explosive Potion"},{"floor":36,"key":"Dexterity Potion"},{"floor":38,"key":"SmokeBomb"},{"floor":48,"key":"Explosive Potion"}],"is_trial":false,"path_per_floor":["M","?","$","M","M","E","M","R","T","R","E","M","R","$","R","B",null,"M","M","M","M","M","E","R","?","T","R","?","?","E","M","R","B",null,"M","M","$","M","M","R","M","M","T","R","?","?","M","M","R","B",null],"character_chosen":"DEFECT","items_purchased":["BootSequence","Magnetism","Leap"],"campfire_rested":4,"item_purchase_floors":[14,37,37],"current_hp_per_floor":[75,75,72,72,69,57,57,57,57,57,47,47,47,47,68,19,72,71,71,64,64,64,48,69,69,69,69,56,56,54,52,75,42,77,70,70,70,68,68,68,67,67,67,67,44,44,44,33,56,51],"gold":27,"neow_bonus":"RANDOM_COLORLESS_2","is_prod":false,"is_daily":false,"chose_seed":false,"campfire_upgraded":6,"win_rate":0.0,"timestamp":1562696319,"path_taken":["M","?","$","M","M","E","?","R","T","R","E","?","R","$","R","BOSS","M","M","M","M","M","E","R","?","T","R","?","?","E","M","R","BOSS","M","M","$","M","M","R","?","M","T","R","?","?","M","M","R","BOSS"],"build_version":"2019-07-05","purchased_purges":3,"victory":true,"max_hp_per_floor":[75,75,72,72,72,72,72,72,72,72,72,72,72,72,72,72,72,72,72,72,72,72,72,72,72,72,72,77,77,77,77,77,77,77,77,77,77,77,77,77,77,77,77,77,77,77,77,77,77,77],"card_choices":[{"not_picked":["Barrage","Turbo"],"picked":"Coolheaded","floor":1},{"not_picked":["Auto Shields","Steam"],"picked":"Coolheaded","floor":4},{"not_picked":["Undo","Compile Driver"],"picked":"Sunder","floor":5},{"not_picked":["Sunder","Reboot"],"picked":"Conserve Battery","floor":6},{"not_picked":["Stack","Redo","Rebound"],"picked":"Cold Snap","floor":7},{"not_picked":["Double Energy","Self Repair","Rebound"],"picked":"Creative AI","floor":11},{"not_picked":["Redo","Coolheaded","Sunder+1"],"picked":"Chill","floor":12},{"not_picked":["Creative AI","Reboot","Multi-Cast"],"picked":"Seek","floor":16},{"not_picked":["Undo","Rebound+1","Gash+1"],"picked":"Leap","floor":18},{"not_picked":["Compile Driver+1","Chaos+1","Rebound+1"],"picked":"Defragment+1","floor":19},{"not_picked":["Rebound+1","Sweeping Beam+1","Gash+1"],"picked":"Compile Driver+1","floor":20},{"not_picked":["Steam","Stack","Gash+1","Scrape+1"],"picked":"SKIP","floor":21},{"not_picked":["Sweeping Beam+1","Steam+1","Conserve Battery"],"picked":"Go for the Eyes+1","floor":22},{"not_picked":["Go for the Eyes+1","Steam","Gash+1"],"picked":"Tempest","floor":23},{"not_picked":["Rip and Tear+1","Streamline+1","Barrage+1","Biased Cognition"],"picked":"SKIP","floor":30},{"not_picked":["Undo","Conserve Battery","Cold Snap+1"],"picked":"Capacitor+1","floor":31},{"not_picked":["Coolheaded","Loop+1","Cold Snap+1"],"picked":"Recycle","floor":31},{"not_picked":["Fission","All For One+1","Amplify"],"picked":"Echo Form","floor":33},{"not_picked":["Streamline+1","Static Discharge","Hello World"],"picked":"Stack+1","floor":35},{"not_picked":["Steam Power","Sweeping Beam+1","Undo+1"],"picked":"Ball Lightning+1","floor":35},{"not_picked":["Reinforced Body+1","Sweeping Beam+1","Coolheaded+1"],"picked":"White Noise+1","floor":36},{"not_picked":["Chill","Compile Driver+1","Redo+1"],"picked":"Fusion+1","floor":36},{"not_picked":["Multi-Cast","Recycle+1","Sweeping Beam+1"],"picked":"Glacier","floor":38},{"not_picked":["Cold Snap+1","Coolheaded+1","Sunder+1"],"picked":"Glacier","floor":38},{"not_picked":["Gash+1","Tempest+1","Buffer"],"picked":"Leap","floor":39},{"not_picked":["Gash+1","Sweeping Beam+1","Heatsinks+1","Ball Lightning+1"],"picked":"SKIP","floor":39},{"not_picked":["Beam Cell+1","Compile Driver+1","Loop+1"],"picked":"White Noise","floor":41},{"not_picked":["Rip and Tear+1","Streamline+1","Gash+1"],"picked":"Reprogram","floor":41},{"not_picked":["Steam Power+1","Stack+1","Rebound+1"],"picked":"Self Repair","floor":42},{"not_picked":["Hologram+1","Scrape+1","Lockon+1"],"picked":"Redo+1","floor":42},{"not_picked":["Barrage+1","Rebound+1","Storm+1"],"picked":"Turbo+1","floor":47},{"not_picked":["Streamline+1","Cold Snap+1","Scrape+1","Rainbow"],"picked":"SKIP","floor":47},{"not_picked":["Self Repair+1","Rebound+1","Conserve Battery"],"picked":"Darkness+1","floor":48},{"not_picked":["Melter+1","Double Energy","Compile Driver+1"],"picked":"White Noise","floor":48}],"player_experience":115493,"relics_obtained":[{"floor":6,"key":"Question Card"},{"floor":9,"key":"Letter Opener"},{"floor":11,"key":"Molten Egg 2"},{"floor":23,"key":"Prayer Wheel"},{"floor":26,"key":"War Paint"},{"floor":30,"key":"Oddly Smooth Stone"},{"floor":43,"key":"Frozen Egg 2"}],"event_choices":[{"damage_healed":0,"gold_gain":0,"cards_transformed":["Strike_B"],"player_choice":"Transformed","damage_taken":0,"max_hp_gain":0,"max_hp_loss":0,"event_name":"Transmorgrifier","floor":2,"gold_loss":0,"cards_obtained":["Rip and Tear"]},{"cards_removed":["Strike_B"],"damage_healed":0,"gold_gain":0,"player_choice":"Gave Gold","damage_taken":0,"max_hp_gain":0,"max_hp_loss":0,"event_name":"Beggar","floor":25,"gold_loss":75},{"damage_healed":0,"gold_gain":0,"player_choice":"Shed Blood","damage_taken":18,"max_hp_gain":5,"max_hp_loss":0,"event_name":"Forgotten Altar","floor":28,"gold_loss":0},{"cards_removed":["Defend_B"],"damage_healed":0,"gold_gain":0,"player_choice":"Purged","damage_taken":0,"max_hp_gain":0,"max_hp_loss":0,"event_name":"Purifier","floor":29,"gold_loss":0},{"damage_healed":0,"gold_gain":0,"player_choice":"Fight","damage_taken":0,"max_hp_gain":0,"max_hp_loss":0,"event_name":"Mysterious Sphere","floor":45,"gold_loss":0},{"damage_healed":0,"gold_gain":0,"player_choice":"Paid","damage_taken":0,"relics_obtained":["Red Mask"],"max_hp_gain":0,"max_hp_loss":0,"event_name":"Tomb of Lord Red Mask","floor":46,"gold_loss":103}],"is_beta":false,"boss_relics":[{"not_picked":["Snecko Eye","Philosopher\u0027s Stone"],"picked":"Cursed Key"},{"not_picked":["Black Star","Coffee Dripper"],"picked":"Runic Pyramid"}],"items_purged_floors":[3,14,37],"is_endless":false,"potions_floor_spawned":[1,4,11,16,18,19,20,30,31,35,36,38,48],"ascension_level":0}