{"gold_per_floor":[209,159,171,6,6,35,35,35,35,35,60,60,60,75,75,180,180,198,214,231,141,13,31,0,0,0,0,26,26,26,26,26,26],"floor_reached":33,"playtime":3232,"items_purged":["Strike_G"],"score":412,"play_id":"cc2701cf-5645-48b2-b4fa-fc1d1063bbb4","local_time":"20190601193202","is_ascension_mode":true,"campfire_choices":[{"floor":7,"key":"REST"},{"data":"Neutralize","floor":10,"key":"SMITH"},{"floor":13,"key":"REST"},{"floor":15,"key":"REST"},{"floor":25,"key":"REST"},{"floor":27,"key":"REST"},{"floor":29,"key":"REST"},{"floor":32,"key":"REST"}],"neow_cost":"NONE","seed_source_timestamp":1468547368822,"circlet_count":0,"master_deck":["Defend_G","Defend_G","Defend_G","Defend_G","Defend_G+1","Strike_G+1","Survivor","Neutralize+1","Poisoned Stab","Dagger Spray","Bandage Up","Bouncing Flask","Cloak And Dagger","Crippling Poison","Cloak And Dagger","Corpse Explosion","Dash","Deflect","PiercingWail+1","Acrobatics","Footwork","Deflect"],"relics":["Ring of the Snake","Darkstone Periapt","Shuriken","PreservedInsect","Fusion Hammer","Bottled Tornado","Sundial"],"potions_floor_usage":[16,16,23,28],"damage_taken":[{"damage":4,"enemies":"Small Slimes","floor":1,"turns":4},{"damage":0,"enemies":"2 Louse","floor":3,"turns":3},{"damage":40,"enemies":"3 Sentries","floor":6,"turns":10},{"damage":31,"enemies":"Gremlin Nob","floor":11,"turns":4},{"damage":0,"enemies":"Cultist","floor":14,"turns":3},{"damage":39,"enemies":"Slime Boss","floor":16,"turns":10},{"damage":4,"enemies":"3 Byrds","floor":18,"turns":3},{"damage":6,"enemies":"Chosen","floor":19,"turns":5},{"damage":41,"enemies":"Shelled Parasite and Fungi","floor":20,"turns":5},{"damage":12,"enemies":"Centurion and Healer","floor":23,"turns":7},{"damage":27,"enemies":"Slavers","floor":28,"turns":2},{"damage":97,"enemies":"Automaton","floor":33,"turns":12}],"seed_played":"4030914622875677637","potions_obtained":[{"floor":11,"key":"SteroidPotion"},{"floor":14,"key":"SkillPotion"},{"floor":18,"key":"SteroidPotion"},{"floor":23,"key":"Explosive Potion"}],"is_trial":false,"path_per_floor":["M","?","M","$","?","E","R","?","T","R","E","?","R","M","R","B",null,"M","M","M","?","$","M","?","R","T","R","E","R","$","?","R","B"],"character_chosen":"THE_SILENT","items_purchased":["Bandage Up","Bouncing Flask","Acrobatics"],"campfire_rested":7,"item_purchase_floors":[4,4,22],"current_hp_per_floor":[59,59,59,59,45,9,30,53,53,53,26,19,40,44,65,30,60,60,58,21,21,21,13,13,34,34,55,28,49,49,49,70,0],"gold":26,"neow_bonus":"HUNDRED_GOLD","is_prod":false,"is_daily":false,"chose_seed":false,"campfire_upgraded":1,"win_rate":0,"timestamp":1559381522,"path_taken":["M","?","M","$","?","E","R","?","T","R","E","?","R","M","R","BOSS","M","M","M","?","?","?","?","R","T","R","E","R","?","?","R","BOSS"],"build_version":"2019-01-23","purchased_purges":1,"victory":false,"max_hp_per_floor":[70,70,70,70,70,70,70,70,70,70,70,70,70,70,70,70,70,70,70,70,70,70,70,70,70,70,70,70,70,70,70,70,70],"card_choices":[{"not_picked":["Setup","Deadly Poison"],"picked":"Poisoned Stab","floor":1},{"not_picked":["Prepared","Noxious Fumes"],"picked":"Dagger Spray","floor":3},{"not_picked":["Predator","Flechettes"],"picked":"Cloak And Dagger","floor":6},{"not_picked":["Underhanded Strike","Slice"],"picked":"Crippling Poison","floor":11},{"not_picked":["Choke","Bane"],"picked":"Cloak And Dagger","floor":14},{"not_picked":["Burst","After Image"],"picked":"Corpse Explosion","floor":16},{"not_picked":["Deflect","All Out Attack"],"picked":"Dash","floor":18},{"not_picked":["Terror","Outmaneuver+1"],"picked":"Deflect","floor":19},{"not_picked":["Deflect","Prepared"],"picked":"PiercingWail","floor":20},{"not_picked":["Prepared","Quick Slash+1"],"picked":"Footwork","floor":23},{"not_picked":["Poisoned Stab","Riddle With Holes"],"picked":"Deflect","floor":28}],"player_experience":769225,"relics_obtained":[{"floor":6,"key":"Darkstone Periapt"},{"floor":9,"key":"Shuriken"},{"floor":11,"key":"PreservedInsect"},{"floor":26,"key":"Bottled Tornado"},{"floor":28,"key":"Sundial"}],"event_choices":[{"cards_removed":["Strike_G"],"damage_healed":0,"gold_gain":0,"player_choice":"Card Removal","damage_taken":0,"max_hp_gain":0,"max_hp_loss":0,"event_name":"The Cleric","floor":2,"gold_loss":50},{"damage_healed":0,"gold_gain":0,"player_choice":"Entered Light","damage_taken":14,"max_hp_gain":0,"max_hp_loss":0,"event_name":"Shining Light","floor":5,"gold_loss":0,"cards_upgraded":["Defend_G","Strike_G"]},{"damage_healed":23,"gold_gain":0,"player_choice":"Banana","damage_taken":0,"max_hp_gain":0,"max_hp_loss":0,"event_name":"Big Fish","floor":8,"gold_loss":0},{"cards_removed":["Strike_G"],"damage_healed":0,"gold_gain":0,"player_choice":"Card Removal","damage_taken":7,"max_hp_gain":0,"max_hp_loss":0,"event_name":"Golden Wing","floor":12,"gold_loss":0},{"cards_removed":["Strike_G"],"damage_healed":0,"gold_gain":0,"player_choice":"Upgrade and Remove","damage_taken":0,"max_hp_gain":0,"max_hp_loss":0,"event_name":"Designer","floor":21,"gold_loss":90,"cards_upgraded":["PiercingWail"]},{"damage_healed":0,"gold_gain":0,"player_choice":"Paid Fearfully","damage_taken":0,"max_hp_gain":0,"max_hp_loss":0,"event_name":"Masked Bandits","floor":24,"gold_loss":31},{"damage_healed":0,"gold_gain":0,"player_choice":"Ignored","damage_taken":0,"max_hp_gain":0,"max_hp_loss":0,"event_name":"Beggar","floor":31,"gold_loss":0}],"is_beta":false,"boss_relics":[{"not_picked":["Busted Crown","Black Star"],"picked":"Fusion Hammer"}],"items_purged_floors":[22],"is_endless":false,"potions_floor_spawned":[11,14,18,23],"killed_by":"Automaton","ascension_level":8}