{"gold_per_floor":[110,125,139,149,166,200,200,218,287,306,306,335,335,345,345,444,444,459,459,471,123,223,223,238,238,238,258,270,270,2,28,28,126,126,140,156,170,181,32,32,49,67,67,67,98,98,98,118,118,118],"floor_reached":51,"playtime":3703,"items_purged":["Strike_G"],"score":715,"play_id":"db341257-fc80-428c-84dc-82d4dfa1f1e8","local_time":"20190422105935","is_ascension_mode":false,"campfire_choices":[{"floor":7,"key":"REST"},{"floor":11,"key":"REST"},{"data":"Envenom","floor":13,"key":"SMITH"},{"data":"After Image","floor":15,"key":"SMITH"},{"data":"Neutralize","floor":23,"key":"SMITH"},{"data":"Noxious Fumes","floor":25,"key":"SMITH"},{"floor":29,"key":"REST"},{"data":"Catalyst","floor":32,"key":"SMITH"},{"data":"Well Laid Plans","floor":40,"key":"SMITH"},{"data":"Acrobatics","floor":44,"key":"SMITH"},{"data":"Phantasmal Killer","floor":46,"key":"PURGE"},{"data":"Strike_G","floor":49,"key":"PURGE"}],"neow_cost":"NONE","seed_source_timestamp":67710426879765,"circlet_count":0,"master_deck":["Defend_G","Defend_G","Defend_G","Defend_G","Defend_G","Strike_G","Strike_G","Survivor","Neutralize+1","Envenom+1","Backflip","Deflect","Dagger Throw","PiercingWail","Deflect","After Image+1","Caltrops","Finisher","Bouncing Flask","Noxious Fumes+1","Burst","Dagger Throw","Quick Slash","Well Laid Plans+1","Poisoned Stab","Catalyst+1","PiercingWail","Leg Sweep","Noxious Fumes","Bane","Burst","Blur","Backflip+1","Catalyst+1","Deflect+1","Acrobatics+1","Apotheosis"],"relics":["Ring of the Serpent","Bird Faced Urn","Meat on the Bone","Bronze Scales","Oddly Smooth Stone","Mango","Gremlin Horn","Matryoshka","Paper Crane","Peace Pipe","Eternal Feather","Regal Pillow","Darkstone Periapt","Letter Opener","Boot"],"potions_floor_usage":[6,12,12,22,28,31,33,38,41,50],"damage_taken":[{"damage":10,"enemies":"Small Slimes","floor":1,"turns":5},{"damage":1,"enemies":"Cultist","floor":2,"turns":5},{"damage":2,"enemies":"Jaw Worm","floor":3,"turns":7},{"damage":2,"enemies":"Large Slime","floor":4,"turns":8},{"damage":4,"enemies":"Blue Slaver","floor":5,"turns":6},{"damage":41,"enemies":"Lagavulin","floor":6,"turns":10},{"damage":13,"enemies":"Exordium Thugs","floor":8,"turns":9},{"damage":4,"enemies":"Large Slime","floor":10,"turns":8},{"damage":27,"enemies":"Gremlin Nob","floor":12,"turns":5},{"damage":0,"enemies":"Looter","floor":14,"turns":4},{"damage":14,"enemies":"The Guardian","floor":16,"turns":10},{"damage":4,"enemies":"Shell Parasite","floor":18,"turns":7},{"damage":18,"enemies":"Spheric Guardian","floor":20,"turns":5},{"damage":31,"enemies":"Colosseum Slavers","floor":22,"turns":5},{"damage":31,"enemies":"Colosseum Nobs","floor":22,"turns":6},{"damage":4,"enemies":"Centurion and Healer","floor":24,"turns":6},{"damage":11,"enemies":"Snake Plant","floor":27,"turns":5},{"damage":18,"enemies":"Shelled Parasite and Fungi","floor":28,"turns":6},{"damage":10,"enemies":"Gremlin Leader","floor":31,"turns":6},{"damage":4,"enemies":"Champ","floor":33,"turns":7},{"damage":2,"enemies":"3 Darklings","floor":35,"turns":7},{"damage":8,"enemies":"Orb Walker","floor":36,"turns":2},{"damage":1,"enemies":"4 Shapes","floor":37,"turns":6},{"damage":10,"enemies":"Maw","floor":38,"turns":6},{"damage":28,"enemies":"Transient","floor":41,"turns":5},{"damage":30,"enemies":"3 Darklings","floor":42,"turns":6},{"damage":15,"enemies":"Nemesis","floor":45,"turns":7},{"damage":0,"enemies":"Jaw Worm Horde","floor":48,"turns":6},{"damage":28,"enemies":"Time Eater","floor":50,"turns":9}],"seed_played":"6586960444414378514","potions_obtained":[{"floor":3,"key":"Energy Potion"},{"floor":5,"key":"GamblersBrew"},{"floor":6,"key":"Ancient Potion"},{"floor":10,"key":"Regen Potion"},{"floor":12,"key":"Strength Potion"},{"floor":27,"key":"Explosive Potion"},{"floor":28,"key":"FairyPotion"},{"floor":31,"key":"PowerPotion"},{"floor":33,"key":"Block Potion"},{"floor":35,"key":"FearPotion"},{"floor":38,"key":"Explosive Potion"},{"floor":45,"key":"Dexterity Potion"}],"is_trial":false,"path_per_floor":["M","M","M","M","M","E","R","M","T","M","R","E","R","M","R","B",null,"M","?","M","$","?","R","M","R","T","M","M","R","$","E","R","B",null,"M","M","M","M","$","R","M","M","T","R","E","R","?","M","R","B",null],"character_chosen":"THE_SILENT","items_purchased":["Oddly Smooth Stone","Well Laid Plans","Poisoned Stab","Paper Crane","Bane","Regal Pillow"],"campfire_rested":3,"item_purchase_floors":[21,21,21,30,30,39],"current_hp_per_floor":[60,59,57,55,51,10,31,22,22,36,57,43,43,47,47,41,70,66,66,53,53,47,47,51,51,51,48,52,77,77,77,77,84,84,84,76,84,78,78,84,58,50,50,71,66,84,84,84,84,62],"gold":118,"neow_bonus":"ONE_RANDOM_RARE_CARD","is_prod":false,"is_daily":false,"chose_seed":false,"campfire_upgraded":7,"win_rate":0,"timestamp":1555894775,"path_taken":["M","M","M","M","M","E","R","M","T","M","R","E","R","M","R","BOSS","M","?","?","$","?","R","M","R","T","M","M","R","$","E","R","BOSS","M","M","M","M","$","R","M","M","T","R","E","R","?","M","R","BOSS"],"build_version":"2019-01-23","purchased_purges":1,"victory":true,"max_hp_per_floor":[70,70,70,70,70,70,70,70,70,70,70,70,70,70,70,70,70,70,70,70,70,84,84,84,84,84,84,84,84,84,84,84,84,84,84,84,84,84,84,84,84,84,84,84,84,84,84,84,84,84],"card_choices":[{"not_picked":["Skewer","Endless Agony"],"picked":"Backflip","floor":1},{"not_picked":["Deadly Poison","Quick Slash"],"picked":"Deflect","floor":2},{"not_picked":["Outmaneuver","Blade Dance"],"picked":"Dagger Throw","floor":3},{"not_picked":["Underhanded Strike","Slice"],"picked":"PiercingWail","floor":4},{"not_picked":["Deadly Poison","Backflip"],"picked":"Deflect","floor":5},{"not_picked":["Flying Knee","Accuracy"],"picked":"After Image","floor":6},{"not_picked":["Blade Dance","Flying Knee"],"picked":"Caltrops","floor":8},{"not_picked":["Flying Knee","Escape Plan"],"picked":"Finisher","floor":10},{"not_picked":["Dash","Eviscerate"],"picked":"Bouncing Flask","floor":12},{"not_picked":["PiercingWail","Concentrate"],"picked":"Noxious Fumes","floor":14},{"not_picked":["Grand Finale","Phantasmal Killer"],"picked":"Burst","floor":16},{"not_picked":["Deflect","Masterful Stab"],"picked":"Dagger Throw","floor":18},{"not_picked":["Slice","Endless Agony"],"picked":"Quick Slash","floor":20},{"not_picked":["Concentrate+1","Choke"],"picked":"Catalyst","floor":22},{"not_picked":["Slice","Masterful Stab+1"],"picked":"PiercingWail","floor":24},{"not_picked":["Terror","Flying Knee"],"picked":"Leg Sweep","floor":27},{"not_picked":["Terror+1","Backflip"],"picked":"Noxious Fumes","floor":28},{"not_picked":["PiercingWail","Accuracy"],"picked":"Phantasmal Killer","floor":31},{"not_picked":["Venomology","Doppelganger"],"picked":"Burst","floor":33},{"not_picked":["Accuracy","Eviscerate+1"],"picked":"Blur","floor":35},{"not_picked":["Deadly Poison","Flying Knee+1"],"picked":"Backflip+1","floor":36},{"not_picked":["Expertise+1","Dagger Throw+1"],"picked":"Catalyst+1","floor":37},{"not_picked":["Tactician","Underhanded Strike+1","Flying Knee+1"],"picked":"SKIP","floor":38},{"not_picked":["Doppelganger","Skewer+1"],"picked":"Deflect+1","floor":41},{"not_picked":["Slice+1","Endless Agony"],"picked":"Acrobatics","floor":42},{"not_picked":["Accuracy","Dodge and Roll","Caltrops"],"picked":"SKIP","floor":45},{"not_picked":["Impatience","Metamorphosis"],"picked":"Apotheosis","floor":47},{"not_picked":["Bane+1","Poisoned Stab","Dagger Spray+1"],"picked":"SKIP","floor":48}],"player_experience":437657,"relics_obtained":[{"floor":6,"key":"Bird Faced Urn"},{"floor":9,"key":"Meat on the Bone"},{"floor":12,"key":"Bronze Scales"},{"floor":22,"key":"Mango"},{"floor":22,"key":"Gremlin Horn"},{"floor":26,"key":"Matryoshka"},{"floor":31,"key":"Peace Pipe"},{"floor":43,"key":"Darkstone Periapt"},{"floor":43,"key":"Letter Opener"},{"floor":45,"key":"Boot"}],"event_choices":[{"cards_removed":["Strike_G"],"damage_healed":0,"gold_gain":0,"player_choice":"Offered Basic","damage_taken":0,"max_hp_gain":0,"max_hp_loss":0,"event_name":"Bonfire Elementals","floor":19,"gold_loss":0},{"damage_healed":0,"gold_gain":0,"player_choice":"Fight","damage_taken":0,"max_hp_gain":0,"max_hp_loss":0,"event_name":"Colosseum","floor":22,"gold_loss":0},{"damage_healed":0,"gold_gain":0,"player_choice":"Fought Nobs","damage_taken":0,"max_hp_gain":0,"max_hp_loss":0,"event_name":"Colosseum","floor":22,"gold_loss":0},{"damage_healed":0,"gold_gain":0,"player_choice":"Memory 1","damage_taken":0,"max_hp_gain":0,"max_hp_loss":0,"event_name":"SensoryStone","floor":47,"gold_loss":0}],"is_beta":false,"boss_relics":[{"not_picked":["Velvet Choker","Cursed Key"],"picked":"Ring of the Serpent"},{"not_picked":["Runic Dome","Busted Crown"],"picked":"Eternal Feather"}],"items_purged_floors":[21],"is_endless":false,"potions_floor_spawned":[3,5,6,10,12,27,28,31,33,35,38,45,48],"ascension_level":0}