{"gold_per_floor":[118,2,177,177,41,56,331,331,385,113,113,148,148,171,171,296,296,310,330,330],"floor_reached":20,"playtime":633,"items_purged":["Regret"],"score":215,"play_id":"0d675d39-2582-4f84-8c08-f56877d11a4a","local_time":"20190421183656","is_ascension_mode":true,"campfire_choices":[{"data":"Feed","floor":8,"key":"SMITH"},{"data":"Armaments","floor":11,"key":"SMITH"},{"data":"Berserk","floor":13,"key":"SMITH"},{"data":"Metallicize","floor":15,"key":"SMITH"}],"neow_cost":"NONE","seed_source_timestamp":11844624092523,"circlet_count":0,"master_deck":["Strike_R","Strike_R","Strike_R","Strike_R","Strike_R","Defend_R","Defend_R","Defend_R","Defend_R","Bash","Spot Weakness","Armaments+1","Warcry","Anger","Doubt","Injury","Wild Strike","Metallicize+1","Shrug It Off","Feed+1","Feed+1","Berserk+1","Flex","Limit Break","Heavy Blade","Bloodletting+1"],"relics":["Burning Blood","NeowsBlessing","Golden Idol","Orichalcum","DollysMirror","Vajra","Eternal Feather"],"potions_floor_usage":[14,16,18],"damage_taken":[{"damage":0,"enemies":"Cultist","floor":1,"turns":1},{"damage":0,"enemies":"2 Louse","floor":6,"turns":1},{"damage":0,"enemies":"Gremlin Nob","floor":12,"turns":1},{"damage":3,"enemies":"Jaw Worm","floor":14,"turns":2},{"damage":55,"enemies":"Hexaghost","floor":16,"turns":9},{"damage":52,"enemies":"Spheric Guardian","floor":18,"turns":7},{"damage":0,"enemies":"Chosen","floor":19,"turns":3},{"damage":64,"enemies":"Snake Plant","floor":20,"turns":5}],"seed_played":"4279985451156346673","potions_obtained":[{"floor":6,"key":"Energy Potion"},{"floor":14,"key":"PowerPotion"},{"floor":16,"key":"Regen Potion"}],"is_trial":false,"path_per_floor":["M","$","?","?","$","M","?","R","T","$","R","E","R","M","R","B",null,"M","M","M"],"character_chosen":"IRONCLAD","items_purchased":["Armaments","Warcry","Anger","Wild Strike","Metallicize","Shrug It Off","DollysMirror"],"campfire_rested":0,"item_purchase_floors":[2,2,2,5,5,5,10],"current_hp_per_floor":[80,80,80,80,80,80,80,80,80,80,80,80,80,80,80,31,80,50,60,0],"gold":330,"neow_bonus":"THREE_ENEMY_KILL","is_prod":false,"is_daily":false,"chose_seed":false,"campfire_upgraded":4,"win_rate":0,"timestamp":1555835816,"path_taken":["M","$","?","?","?","?","?","R","T","?","R","E","R","M","R","BOSS","M","M","M"],"build_version":"2019-01-23","purchased_purges":1,"victory":false,"max_hp_per_floor":[80,80,80,80,80,80,80,80,80,80,80,80,80,80,80,80,80,84,88,88],"card_choices":[{"not_picked":["Perfected Strike","Pommel Strike"],"picked":"Spot Weakness","floor":1},{"not_picked":["Cleave","Wild Strike"],"picked":"Feed","floor":6},{"not_picked":["Bloodletting","True Grit"],"picked":"Berserk","floor":12},{"not_picked":["Searing Blow","Dropkick"],"picked":"Flex","floor":14},{"not_picked":["Bludgeon","Brutality"],"picked":"Limit Break","floor":16},{"not_picked":["Shockwave","Anger"],"picked":"Heavy Blade","floor":18},{"not_picked":["Clothesline","Havoc"],"picked":"Bloodletting+1","floor":19}],"player_experience":390549,"relics_obtained":[{"floor":9,"key":"Orichalcum"},{"floor":12,"key":"Vajra"}],"event_choices":[{"damage_healed":0,"gold_gain":175,"player_choice":"AGREE","damage_taken":0,"max_hp_gain":0,"max_hp_loss":0,"event_name":"Liars Game","floor":3,"gold_loss":0,"cards_obtained":["Doubt"]},{"damage_healed":0,"gold_gain":0,"player_choice":"Take Wound","damage_taken":0,"relics_obtained":["Golden Idol"],"max_hp_gain":0,"max_hp_loss":0,"event_name":"Golden Idol","floor":4,"gold_loss":0,"cards_obtained":["Injury"]},{"damage_healed":0,"gold_gain":275,"player_choice":"Desecrate","damage_taken":0,"max_hp_gain":0,"max_hp_loss":0,"event_name":"Golden Shrine","floor":7,"gold_loss":0,"cards_obtained":["Regret"]}],"is_beta":false,"boss_relics":[{"not_picked":["Fusion Hammer","Coffee Dripper"],"picked":"Eternal Feather"}],"items_purged_floors":[10],"is_endless":false,"potions_floor_spawned":[6,14,16],"killed_by":"Snake Plant","ascension_level":2}