{"gold_per_floor":[109,109,14,25,25,25,51,51,77,77,77,107,107,162,162,241,241,261,186,203,118,118,150,150,150,150,150,168,194,26,46,46,123,123,136,0,11,22,22,22,57,57,102,134,146,192,204,216,228,240,252,264,276,44,44],"floor_reached":55,"playtime":3063,"items_purged":["Strike_B+1"],"score":1961,"play_id":"59a73dad-a51e-4796-a1f9-46c6f9191227","local_time":"20190420190910","is_ascension_mode":true,"campfire_choices":[{"data":"Zap","floor":6.0,"key":"SMITH"},{"data":"Scrape","floor":8.0,"key":"SMITH"},{"floor":11.0,"key":"REST"},{"floor":15,"key":"REST"},{"floor":24,"key":"REST"},{"data":"Glacier","floor":27,"key":"SMITH"},{"data":"Defragment","floor":32,"key":"SMITH"},{"floor":40,"key":"RECALL"},{"floor":42,"key":"REST"},{"floor":45,"key":"REST"},{"floor":47,"key":"REST"},{"floor":49,"key":"REST"},{"floor":53,"key":"REST"}],"neow_cost":"NONE","seed_source_timestamp":0,"circlet_count":0,"master_deck":["AscendersBane","Strike_B+1","Strike_B+1","Defend_B+1","Defend_B+1","Defend_B+1","Defend_B+1","Zap+1","Dualcast","Scrape+1","Genetic Algorithm+1","Compile Driver","Gash","Gash","Glacier+1","FTL","Echo Form","Turbo","Ball Lightning","RitualDagger","Compile Driver","Go for the Eyes","Defragment+1","Gash","Creative AI","Skim+1","Gash","Capacitor","Cold Snap","Chaos+1"],"special_seed":0,"relics":["Cracked Core","Bag of Marbles","Blood Vial","War Paint","DataDisk","Orichalcum","Nuclear Battery","Pen Nib","Turnip","Symbiotic Virus","Shuriken","Fusion Hammer","Red Mask","Singing Bowl","MawBank","Bronze Scales","Oddly Smooth Stone"],"potions_floor_usage":[14,23,23,28,51,51,51,55],"damage_taken":[{"damage":0.0,"enemies":"Cultist","floor":1.0,"turns":3.0},{"damage":6.0,"enemies":"Jaw Worm","floor":4.0,"turns":5.0},{"damage":22.0,"enemies":"Lagavulin","floor":7.0,"turns":6.0},{"damage":31.0,"enemies":"Gremlin Nob","floor":12.0,"turns":4.0},{"damage":3,"enemies":"Gremlin Nob","floor":14,"turns":3},{"damage":16,"enemies":"Slime Boss","floor":16,"turns":9},{"damage":5,"enemies":"2 Thieves","floor":18,"turns":2},{"damage":0,"enemies":"Spheric Guardian","floor":20,"turns":3},{"damage":26,"enemies":"Book of Stabbing","floor":23,"turns":5},{"damage":3,"enemies":"Shelled Parasite and Fungi","floor":28,"turns":4},{"damage":14,"enemies":"Slavers","floor":29,"turns":5},{"damage":0,"enemies":"Centurion and Healer","floor":31,"turns":5},{"damage":7,"enemies":"Champ","floor":33,"turns":8},{"damage":8,"enemies":"3 Shapes","floor":35,"turns":3},{"damage":0,"enemies":"Orb Walker","floor":37,"turns":2},{"damage":0,"enemies":"Spire Growth","floor":38,"turns":3},{"damage":0,"enemies":"Reptomancer","floor":41,"turns":8},{"damage":16,"enemies":"Giant Head","floor":44,"turns":9},{"damage":26,"enemies":"Reptomancer","floor":46,"turns":6},{"damage":61,"enemies":"Awakened One","floor":50,"turns":12},{"damage":2,"enemies":"Donu and Deca","floor":51,"turns":8},{"damage":88,"enemies":"Shield and Spear","floor":55,"turns":4}],"seed_played":"25958770634831","potions_obtained":[{"floor":4.0,"key":"EssenceOfSteel"},{"floor":7.0,"key":"Regen Potion"},{"floor":18,"key":"Swift Potion"},{"floor":20,"key":"LiquidBronze"},{"floor":23,"key":"Block Potion"},{"floor":29,"key":"Block Potion"},{"floor":37,"key":"GamblersBrew"},{"floor":44,"key":"FocusPotion"},{"floor":48,"key":"EntropicBrew"}],"is_trial":false,"path_per_floor":["M","?","$","M","$","R","E","R","T","?","R","E","?","?","R","B",null,"M","?","M","?","?","E","R","?","T","R","M","E","$","M","R","B",null,"M","?","M","M","$","R","E","R","T","E","R","E","R","?","R","B","B",null,"R","$","E"],"character_chosen":"DEFECT","items_purchased":["Genetic Algorithm","Compile Driver","Go for the Eyes","Defragment","Oddly Smooth Stone","Regen Potion"],"campfire_rested":8,"item_purchase_floors":[3,3,30,30,54,54],"current_hp_per_floor":[64,64,64,58,58,58,36,36,36,15,36,7,7,15,36,22,59,56,56,58,58,52,28,49,49,49,49,48,36,36,38,38,33,62,56,56,58,60,60,60,62,71,71,55,71,47,68,68,73,12,12,58,73,73,0],"gold":44,"neow_bonus":"RANDOM_COMMON_RELIC","is_prod":false,"is_daily":false,"chose_seed":false,"campfire_upgraded":4,"win_rate":0,"timestamp":1555801750,"path_taken":["M","?","$","M","$","R","E","R","T","?","R","E","?","?","R","BOSS","M","?","M","?","?","E","R","?","T","R","M","E","?","?","R","BOSS","M","?","M","M","$","R","E","R","T","E","R","E","R","?","R","BOSS","BOSS","R","$","E"],"build_version":"2019-04-20","purchased_purges":1,"victory":false,"max_hp_per_floor":[71,71,71,71,71,71,71,71,71,71,71,71,71,71,71,71,71,71,71,71,71,71,71,71,71,71,71,71,71,71,71,71,71,71,71,71,71,71,71,71,71,71,71,71,71,73,73,73,73,73,73,73,73,73,73],"card_choices":[{"not_picked":["Rebound","Doom and Gloom"],"picked":"Scrape","floor":1.0},{"not_picked":["Leap","Self Repair"],"picked":"Gash","floor":4.0},{"not_picked":["Conserve Battery","Amplify"],"picked":"Gash","floor":7.0},{"not_picked":["Steam","Melter"],"picked":"Glacier","floor":12.0},{"not_picked":["Cold Snap","Sweeping Beam"],"picked":"FTL","floor":14},{"not_picked":["Core Surge","Rainbow"],"picked":"Echo Form","floor":16},{"not_picked":["Darkness","Chaos"],"picked":"Turbo","floor":18},{"not_picked":["Rip and Tear","Storm"],"picked":"Ball Lightning","floor":20},{"not_picked":["Steam Power","Leap","Heatsinks"],"picked":"SKIP","floor":23},{"not_picked":["Auto Shields","Steam Power","Ball Lightning"],"picked":"SKIP","floor":28},{"not_picked":["Aggregate","Heatsinks"],"picked":"Compile Driver","floor":29},{"not_picked":["Rebound","Leap"],"picked":"Gash","floor":31},{"not_picked":["Amplify","Biased Cognition"],"picked":"Creative AI","floor":33},{"not_picked":["Undo","Sweeping Beam+1"],"picked":"Skim+1","floor":35},{"not_picked":["Rebound+1","Double Energy+1"],"picked":"Gash","floor":37},{"not_picked":["Go for the Eyes","Cold Snap"],"picked":"Capacitor","floor":38},{"not_picked":["Amplify","Chill"],"picked":"Cold Snap","floor":41},{"not_picked":["BootSequence","Sweeping Beam"],"picked":"Chaos+1","floor":44},{"not_picked":["Undo","Darkness","Electrodynamics"],"picked":"Singing Bowl","floor":46}],"player_experience":2769505,"relics_obtained":[{"floor":7.0,"key":"Blood Vial"},{"floor":9.0,"key":"War Paint"},{"floor":12.0,"key":"DataDisk"},{"floor":14,"key":"Orichalcum"},{"floor":23,"key":"Turnip"},{"floor":26,"key":"Symbiotic Virus"},{"floor":29,"key":"Shuriken"},{"floor":41,"key":"Singing Bowl"},{"floor":44,"key":"MawBank"},{"floor":46,"key":"Bronze Scales"}],"event_choices":[{"damage_healed":0.0,"max_hp_gain":0.0,"max_hp_loss":0.0,"gold_gain":0.0,"event_name":"The Cleric","player_choice":"Leave","floor":2.0,"gold_loss":0.0,"damage_taken":0.0},{"damage_healed":0.0,"max_hp_gain":0.0,"max_hp_loss":0.0,"gold_gain":0.0,"event_name":"Shining Light","player_choice":"Entered Light","floor":10.0,"gold_loss":0.0,"damage_taken":21.0,"cards_upgraded":["Genetic Algorithm","Strike_B"]},{"damage_healed":0.0,"max_hp_gain":0.0,"max_hp_loss":0.0,"gold_gain":0.0,"event_name":"Liars Game","player_choice":"Ignored","floor":13.0,"gold_loss":0.0,"damage_taken":0.0},{"damage_healed":0,"gold_gain":0,"player_choice":"Searched \u00272\u0027 times","damage_taken":0,"max_hp_gain":0,"max_hp_loss":0,"event_name":"Dead Adventurer","floor":14,"gold_loss":0},{"cards_removed":["Strike_B"],"damage_healed":0,"gold_gain":0,"player_choice":"Gave Gold","damage_taken":0,"max_hp_gain":0,"max_hp_loss":0,"event_name":"Beggar","floor":19,"gold_loss":75},{"damage_healed":0,"gold_gain":0,"player_choice":"Obtained Relic","damage_taken":0,"relics_obtained":["Pen Nib"],"max_hp_gain":0,"max_hp_loss":0,"event_name":"Addict","floor":21,"gold_loss":85},{"damage_healed":0,"gold_gain":0,"player_choice":"Joined the Cult","damage_taken":6,"max_hp_gain":0,"max_hp_loss":0,"event_name":"Nest","floor":22,"gold_loss":0,"cards_obtained":["RitualDagger"]},{"damage_healed":0,"gold_gain":0,"player_choice":"Simplicity","damage_taken":0,"max_hp_gain":0,"max_hp_loss":0,"event_name":"Back to Basics","floor":25,"gold_loss":0,"cards_upgraded":["Strike_B","Strike_B","Defend_B","Defend_B"]},{"damage_healed":0,"gold_gain":0,"player_choice":"Paid","damage_taken":0,"relics_obtained":["Red Mask"],"max_hp_gain":0,"max_hp_loss":0,"event_name":"Tomb of Lord Red Mask","floor":36,"gold_loss":136},{"damage_healed":0,"gold_gain":0,"player_choice":"Got Potions","damage_taken":0,"max_hp_gain":0,"max_hp_loss":0,"event_name":"Lab","floor":48,"gold_loss":0}],"is_beta":true,"boss_relics":[{"not_picked":["Snecko Eye","Runic Pyramid"],"picked":"Nuclear Battery"},{"not_picked":["Black Star","Velvet Choker"],"picked":"Fusion Hammer"}],"items_purged_floors":[30],"is_endless":false,"potions_floor_spawned":[4,7,18,20,23,29,37,38,44],"killed_by":"Shield and Spear","ascension_level":20}