{"gold_per_floor":[109,109,127,138,138,171,10,37,83,83,83,94,94,128,128,205,205,219,231,231,231,241,267,267,297,297,297,308,308,324,335,335,414,414,424,441,716,726,736,767,767,797,797,797,808,149,182,282,282,282,282,282,282,55,90,90],"floor_reached":57,"playtime":4668,"items_purged":["Regret"],"score":2875,"play_id":"596121c4-56f7-43b8-bb03-1a391dbdf4ca","local_time":"20190705102235","is_ascension_mode":true,"campfire_choices":[{"data":"Zap","floor":11.0,"key":"SMITH"},{"data":"Dualcast","floor":15.0,"key":"SMITH"},{"data":"Go for the Eyes","floor":24,"key":"SMITH"},{"data":"Steam","floor":27,"key":"SMITH"},{"data":"Glacier","floor":29,"key":"SMITH"},{"floor":32,"key":"RECALL"},{"data":"Beam Cell","floor":41,"key":"SMITH"},{"data":"Amplify","floor":49,"key":"SMITH"},{"floor":53,"key":"REST"}],"neow_cost":"TEN_PERCENT_HP_LOSS","seed_source_timestamp":0,"circlet_count":0,"master_deck":["AscendersBane","Defend_B","Defend_B","Defend_B","Defend_B","Zap+1","Dualcast+1","Ball Lightning","Glacier+1","FTL","FTL+1","All For One","Steam+1","Compile Driver+1","All For One","All For One","Glacier","Go for the Eyes+1","Reprogram","Self Repair","Stack","Electrodynamics","Steam+1","Steam","Glacier+1","Amplify+1","Storm+1","Genetic Algorithm+1","Machine Learning+1","Stack","Force Field","Stack","Turbo","Beam Cell+1","Beam Cell+1","Flash of Steel","Good Instincts","Hologram+1","Steam","Madness","Steam","Steam"],"special_seed":0,"relics":["Cracked Core","Bird Faced Urn","Strawberry","Matryoshka","Art of War","Potion Belt","DataDisk","Lantern","White Beast Statue","Enchiridion","Shuriken","PreservedInsect","Bag of Preparation","Pantograph","Astrolabe","Whetstone","Vajra","Bag of Marbles","Meat on the Bone","Pen Nib","FossilizedHelix","Toy Ornithopter","Calipers"],"potions_floor_usage":[16,19,23,23,25,25,25,33,42,50,56,56,56,56,56,56,56],"damage_taken":[{"damage":0.0,"enemies":"Cultist","floor":1.0,"turns":4.0},{"damage":7.0,"enemies":"Jaw Worm","floor":3.0,"turns":3.0},{"damage":6.0,"enemies":"2 Louse","floor":4.0,"turns":2.0},{"damage":31.0,"enemies":"Lagavulin","floor":6.0,"turns":9.0},{"damage":15.0,"enemies":"3 Sentries","floor":8.0,"turns":8.0},{"damage":4.0,"enemies":"Large Slime","floor":12.0,"turns":4.0},{"damage":3.0,"enemies":"Lagavulin","floor":14.0,"turns":8.0},{"damage":15,"enemies":"Slime Boss","floor":16,"turns":6},{"damage":18,"enemies":"Shell Parasite","floor":18,"turns":3},{"damage":11,"enemies":"2 Thieves","floor":19,"turns":4},{"damage":0,"enemies":"3 Cultists","floor":22,"turns":5},{"damage":0,"enemies":"Gremlin Leader","floor":23,"turns":5},{"damage":16,"enemies":"Slavers","floor":25,"turns":7},{"damage":2,"enemies":"Centurion and Healer","floor":28,"turns":5},{"damage":0,"enemies":"Snecko","floor":30,"turns":5},{"damage":1,"enemies":"3 Cultists","floor":31,"turns":5},{"damage":40,"enemies":"Automaton","floor":33,"turns":9},{"damage":19,"enemies":"3 Darklings","floor":35,"turns":4},{"damage":0,"enemies":"Orb Walker","floor":36,"turns":3},{"damage":14,"enemies":"4 Shapes","floor":38,"turns":10},{"damage":31,"enemies":"3 Darklings","floor":39,"turns":5},{"damage":46,"enemies":"Giant Head","floor":40,"turns":8},{"damage":34,"enemies":"Reptomancer","floor":42,"turns":6},{"damage":22,"enemies":"Transient","floor":45,"turns":6},{"damage":0,"enemies":"Giant Head","floor":47,"turns":6},{"damage":0,"enemies":"Mind Bloom Boss Battle","floor":48,"turns":3},{"damage":50,"enemies":"Awakened One","floor":50,"turns":21},{"damage":85,"enemies":"Time Eater","floor":51,"turns":12},{"damage":21,"enemies":"Shield and Spear","floor":55,"turns":6},{"damage":51,"enemies":"The Heart","floor":56,"turns":9}],"seed_played":"908556972219017","potions_obtained":[{"floor":3.0,"key":"Swift Potion"},{"floor":4.0,"key":"Block Potion"},{"floor":6.0,"key":"Regen Potion"},{"floor":14.0,"key":"FocusPotion"},{"floor":16,"key":"Regen Potion"},{"floor":18,"key":"SkillPotion"},{"floor":19,"key":"Poison Potion"},{"floor":22,"key":"Block Potion"},{"floor":23,"key":"Poison Potion"},{"floor":25,"key":"SteroidPotion"},{"floor":28,"key":"GamblersBrew"},{"floor":30,"key":"Regen Potion"},{"floor":31,"key":"AttackPotion"},{"floor":33,"key":"FairyPotion"},{"floor":35,"key":"Swift Potion"},{"floor":36,"key":"EntropicBrew"},{"floor":38,"key":"Strength Potion"},{"floor":42,"key":"EssenceOfSteel"},{"floor":45,"key":"Block Potion"},{"floor":55,"key":"Energy Potion"}],"is_trial":false,"path_per_floor":["M","T","M","M","?","E","$","E","T","?","R","M","?","E","R","B",null,"M","M","?","?","M","E","R","E","T","R","M","R","M","M","R","B",null,"M","M","?","M","M","E","R","E","T","?","M","$","E","?","R","B","B",null,"R","$","E","B",null],"character_chosen":"DEFECT","items_purchased":["All For One","Steam","Madness","Bag of Marbles","Meat on the Bone","Toy Ornithopter"],"campfire_rested":1,"item_purchase_floors":[7,46,46,46,46,54],"current_hp_per_floor":[64,71,64,58,58,27,27,27,27,27,27,23,28,25,25,10,60,42,31,10,10,12,23,23,24,24,24,35,35,48,58,58,43,68,73,76,76,71,56,38,38,50,50,40,35,35,50,76,76,51,25,63,76,76,66,50],"gold":90,"neow_bonus":"ONE_RARE_RELIC","is_prod":false,"is_daily":false,"chose_seed":false,"campfire_upgraded":7,"win_rate":0,"timestamp":1562336555,"path_taken":["M","?","M","M","?","E","?","E","T","?","R","M","?","E","R","BOSS","M","M","?","?","M","E","R","E","T","R","M","R","M","M","R","BOSS","M","?","?","?","M","E","R","E","T","?","M","$","E","?","R","BOSS","BOSS","R","$","E","BOSS"],"build_version":"2019-06-30","purchased_purges":1,"victory":true,"max_hp_per_floor":[64,71,71,71,71,71,71,71,71,71,71,71,76,76,76,76,76,76,76,76,76,76,76,76,76,76,76,76,76,76,76,76,76,76,76,76,76,76,76,76,76,76,76,76,76,76,76,76,76,76,76,76,76,76,76,76],"card_choices":[{"not_picked":["Steam","Go for the Eyes"],"picked":"Ball Lightning","floor":1.0},{"not_picked":["Sunder","Heatsinks"],"picked":"Glacier","floor":3.0},{"not_picked":["Hello World","Steam"],"picked":"FTL","floor":4.0},{"not_picked":["Coolheaded","Rebound"],"picked":"FTL","floor":6.0},{"not_picked":["Recycle","Tempest"],"picked":"Steam","floor":8.0},{"not_picked":["Cold Snap","Rebound"],"picked":"Compile Driver","floor":12.0},{"not_picked":["Undo","Scrape"],"picked":"All For One","floor":14.0},{"not_picked":["Core Surge","Machine Learning"],"picked":"All For One","floor":16},{"not_picked":["Self Repair","Blizzard+1"],"picked":"Glacier","floor":18},{"not_picked":["Storm","Beam Cell"],"picked":"Go for the Eyes","floor":19},{"not_picked":["Go for the Eyes","Gash"],"picked":"Self Repair","floor":22},{"not_picked":["Hello World","Rebound"],"picked":"Stack","floor":23},{"not_picked":["Chill","Self Repair"],"picked":"Electrodynamics","floor":25},{"not_picked":["Leap","Chaos"],"picked":"Steam+1","floor":28},{"not_picked":["Double Energy","Coolheaded"],"picked":"Steam","floor":30},{"not_picked":["Sweeping Beam","Barrage"],"picked":"Glacier+1","floor":31},{"not_picked":["Hyperbeam","Meteor Strike"],"picked":"Amplify","floor":33},{"not_picked":["Barrage+1","Coolheaded+1"],"picked":"Stack","floor":35},{"not_picked":["Stack","Lockon"],"picked":"Force Field","floor":36},{"not_picked":["Rebound","Streamline"],"picked":"Stack","floor":38},{"not_picked":["Steam Power","Streamline"],"picked":"Turbo","floor":39},{"not_picked":["Static Discharge","Recycle"],"picked":"Beam Cell","floor":40},{"not_picked":["Loop","Streamline"],"picked":"Beam Cell+1","floor":42},{"not_picked":["Sadistic Nature","HandOfGreed"],"picked":"Flash of Steel","floor":44},{"not_picked":["Master of Strategy","Enlightenment"],"picked":"Good Instincts","floor":44},{"not_picked":["Cold Snap","Coolheaded+1"],"picked":"Hologram+1","floor":45},{"not_picked":["Fusion","Steam Power","Darkness+1"],"picked":"SKIP","floor":47},{"not_picked":["Coolheaded+1","Static Discharge"],"picked":"Steam","floor":48},{"not_picked":["Glacier","Sunder"],"picked":"Steam","floor":55}],"player_experience":3144362,"relics_obtained":[{"floor":2.0,"key":"Strawberry"},{"floor":6.0,"key":"Matryoshka"},{"floor":8.0,"key":"Art of War"},{"floor":9.0,"key":"Potion Belt"},{"floor":9.0,"key":"DataDisk"},{"floor":14.0,"key":"Lantern"},{"floor":20,"key":"Enchiridion"},{"floor":23,"key":"Shuriken"},{"floor":25,"key":"PreservedInsect"},{"floor":26,"key":"Bag of Preparation"},{"floor":26,"key":"Pantograph"},{"floor":40,"key":"Whetstone"},{"floor":42,"key":"Vajra"},{"floor":47,"key":"Pen Nib"},{"floor":48,"key":"FossilizedHelix"},{"floor":55,"key":"Calipers"}],"event_choices":[{"damage_healed":0.0,"max_hp_gain":0.0,"max_hp_loss":0.0,"gold_gain":0.0,"event_name":"The Cleric","player_choice":"Leave","floor":5.0,"gold_loss":0.0,"damage_taken":0.0},{"damage_healed":0.0,"max_hp_gain":0.0,"max_hp_loss":0.0,"gold_gain":0.0,"event_name":"Liars Game","player_choice":"Ignored","floor":10.0,"gold_loss":0.0,"damage_taken":0.0},{"damage_healed":0.0,"max_hp_gain":5.0,"max_hp_loss":0.0,"gold_gain":0.0,"event_name":"Big Fish","player_choice":"Donut","floor":13.0,"gold_loss":0.0,"damage_taken":0.0},{"damage_healed":0,"gold_gain":0,"player_choice":"Obtained Book","damage_taken":21,"max_hp_gain":0,"max_hp_loss":0,"event_name":"Cursed Tome","floor":20,"gold_loss":0},{"damage_healed":0,"gold_gain":0,"cards_transformed":["Strike_B"],"player_choice":"Transformed","damage_taken":0,"max_hp_gain":0,"max_hp_loss":0,"event_name":"Transmorgrifier","floor":21,"gold_loss":0,"cards_obtained":["Reprogram"]},{"damage_healed":0,"gold_gain":275,"player_choice":"Desecrate","damage_taken":0,"max_hp_gain":0,"max_hp_loss":0,"event_name":"Golden Shrine","floor":37,"gold_loss":0,"cards_obtained":["Regret"]},{"damage_healed":0,"gold_gain":0,"player_choice":"Memory 3","damage_taken":10,"max_hp_gain":0,"max_hp_loss":0,"event_name":"SensoryStone","floor":44,"gold_loss":0},{"damage_healed":0,"gold_gain":0,"player_choice":"Fight","damage_taken":0,"max_hp_gain":0,"max_hp_loss":0,"event_name":"MindBloom","floor":48,"gold_loss":0}],"is_beta":true,"boss_relics":[{"not_picked":["Empty Cage","Orrery"],"picked":"White Beast Statue"},{"not_picked":["Pandora\u0027s Box","Tiny House"],"picked":"Astrolabe"}],"items_purged_floors":[46],"is_endless":false,"potions_floor_spawned":[3,4,6,14,16,18,19,22,23,25,28,30,31,33,35,36,38,39,40,42,45,47,48,55],"ascension_level":20}