{"gold_per_floor":[20,33,50,68,80,80,100,100,123,123,123,134,154,184,184,280,280,296,311,311,324,324,324,344,344,344,344,371,321,321,356,356,458,458,476,530,545,557,571,571,602,602,602,602,617,632,647,662,662,662],"floor_reached":51,"playtime":3092,"items_purged":[],"score":750,"play_id":"66c9f676-f2c7-4e2d-b706-ae0fa494c50f","local_time":"20190430095340","is_ascension_mode":false,"campfire_choices":[{"data":"Metallicize","floor":6,"key":"SMITH"},{"data":"Flame Barrier","floor":8,"key":"SMITH"},{"data":"Barricade","floor":11,"key":"SMITH"},{"floor":15,"key":"REST"},{"floor":23,"key":"REST"},{"data":"RitualDagger","floor":25,"key":"SMITH"},{"floor":27,"key":"REST"},{"floor":30,"key":"REST"},{"data":"Double Tap","floor":32,"key":"SMITH"},{"data":"Offering","floor":40,"key":"SMITH"},{"data":"Entrench","floor":42,"key":"SMITH"},{"data":"Shockwave","floor":44,"key":"SMITH"},{"floor":49,"key":"REST"}],"neow_cost":"NO_GOLD","seed_source_timestamp":4712700698743,"circlet_count":0,"master_deck":["Strike_R","Strike_R","Strike_R","Strike_R","Defend_R","Defend_R+1","Defend_R","Defend_R","Bash","Headbutt","Corruption","Battle Trance","Shockwave+1","Barricade+1","Anger","Heavy Blade","Sentinel","Bloodletting+1","Metallicize+1","Bloodletting","Flame Barrier+1","Rampage","Second Wind","Clothesline","Pummel","Double Tap+1","Burning Pact+1","Ghostly Armor","Pommel Strike+1","Body Slam+1","RitualDagger+1","Inflame+1","Sentinel+1","Sentinel","Fiend Fire","Seeing Red","Flex+1","Offering+1","Cleave","Shrug It Off+1","Blood for Blood","Havoc","Pommel Strike+1","Entrench+1","Armaments+1","Metallicize+1","Spot Weakness+1","Inflame+1","Pommel Strike+1","Heavy Blade+1","Wild Strike","Disarm+1"],"relics":["Burning Blood","Prayer Wheel","War Paint","Dodecahedron","Sozu","Frozen Egg 2","Incense Burner","Dream Catcher","Pen Nib","Lizard Tail","Orichalcum","Red Skull","Letter Opener"],"potions_floor_usage":[28,33,33],"damage_taken":[{"damage":1,"enemies":"Cultist","floor":1,"turns":3},{"damage":0,"enemies":"2 Louse","floor":2,"turns":3},{"damage":10,"enemies":"Jaw Worm","floor":3,"turns":4},{"damage":10,"enemies":"2 Fungi Beasts","floor":4,"turns":4},{"damage":6,"enemies":"Red Slaver","floor":5,"turns":3},{"damage":8,"enemies":"Looter","floor":7,"turns":4},{"damage":6,"enemies":"Blue Slaver","floor":12,"turns":5},{"damage":16,"enemies":"Gremlin Gang","floor":13,"turns":8},{"damage":21,"enemies":"Lagavulin","floor":14,"turns":7},{"damage":21,"enemies":"The Guardian","floor":16,"turns":16},{"damage":0,"enemies":"3 Byrds","floor":18,"turns":3},{"damage":0,"enemies":"Chosen","floor":19,"turns":7},{"damage":49,"enemies":"3 Cultists","floor":21,"turns":7},{"damage":25,"enemies":"Centurion and Healer","floor":24,"turns":7},{"damage":21,"enemies":"Slavers","floor":28,"turns":5},{"damage":13,"enemies":"Book of Stabbing","floor":31,"turns":7},{"damage":28,"enemies":"Collector","floor":33,"turns":12},{"damage":2,"enemies":"3 Darklings","floor":35,"turns":6},{"damage":3,"enemies":"3 Shapes","floor":37,"turns":4},{"damage":11,"enemies":"Sphere and 2 Shapes","floor":38,"turns":4},{"damage":6,"enemies":"Jaw Worm Horde","floor":39,"turns":4},{"damage":31,"enemies":"Nemesis","floor":41,"turns":11},{"damage":20,"enemies":"3 Darklings","floor":45,"turns":5},{"damage":1,"enemies":"Spire Growth","floor":46,"turns":3},{"damage":25,"enemies":"4 Shapes","floor":47,"turns":7},{"damage":30,"enemies":"Writhing Mass","floor":48,"turns":5},{"damage":41,"enemies":"Donu and Deca","floor":50,"turns":8}],"seed_played":"3765950552745000432","potions_obtained":[{"floor":3,"key":"EssenceOfSteel"},{"floor":4,"key":"Swift Potion"},{"floor":7,"key":"Swift Potion"},{"floor":12,"key":"EntropicBrew"}],"is_trial":false,"path_per_floor":["M","M","M","M","M","R","M","R","T","?","R","M","M","E","R","B",null,"M","M","?","M","T","R","M","R","T","R","E","?","R","E","R","B",null,"M","T","M","M","M","R","E","R","T","R","M","M","M","M","R","B",null],"character_chosen":"IRONCLAD","items_purchased":[],"campfire_rested":5,"item_purchase_floors":[],"current_hp_per_floor":[80,80,76,72,72,72,70,70,70,70,70,70,60,45,69,54,80,80,80,74,31,31,55,36,36,36,60,45,45,69,62,62,40,80,80,80,80,75,75,75,50,50,50,50,36,41,22,46,70,35],"gold":662,"neow_bonus":"ONE_RARE_RELIC","is_prod":false,"is_daily":false,"chose_seed":false,"campfire_upgraded":8,"win_rate":0,"timestamp":1556582020,"path_taken":["M","M","M","M","M","R","M","R","T","?","R","M","M","E","R","BOSS","M","M","?","M","?","R","M","R","T","R","E","?","R","E","R","BOSS","M","?","M","M","M","R","E","R","T","R","M","M","M","M","R","BOSS"],"build_version":"2019-01-23","purchased_purges":0,"victory":true,"max_hp_per_floor":[80,80,80,80,80,80,80,80,80,80,80,80,80,80,80,80,80,80,80,80,80,80,80,80,80,80,80,80,80,80,80,80,80,80,80,80,80,80,80,80,80,80,80,80,80,80,80,80,80,80],"card_choices":[{"not_picked":["Warcry","Sever Soul"],"picked":"Headbutt","floor":1},{"not_picked":["Feel No Pain","Heavy Blade"],"picked":"Corruption","floor":1},{"not_picked":["Heavy Blade","Sword Boomerang"],"picked":"Battle Trance","floor":2},{"not_picked":["Twin Strike","Clash"],"picked":"Shockwave","floor":2},{"not_picked":["Disarm","Searing Blow"],"picked":"Barricade","floor":3},{"not_picked":["Intimidate","Cleave","Anger"],"picked":"SKIP","floor":3},{"not_picked":["Intimidate","Cleave"],"picked":"Anger","floor":3},{"not_picked":["Havoc","Thunderclap"],"picked":"Heavy Blade","floor":4},{"not_picked":["Iron Wave","Wild Strike"],"picked":"Sentinel","floor":4},{"not_picked":["Heavy Blade","Whirlwind"],"picked":"Bloodletting","floor":5},{"not_picked":["Cleave","Double Tap"],"picked":"Metallicize","floor":5},{"not_picked":["Ghostly Armor","Clothesline"],"picked":"Bloodletting","floor":7},{"not_picked":["Shockwave","Iron Wave"],"picked":"Flame Barrier","floor":7},{"not_picked":["Sword Boomerang","Iron Wave"],"picked":"Rampage","floor":12},{"not_picked":["Headbutt","Combust"],"picked":"Second Wind","floor":12},{"not_picked":["Headbutt","Evolve"],"picked":"Clothesline","floor":13},{"not_picked":["Anger","Combust","Thunderclap"],"picked":"SKIP","floor":13},{"not_picked":["Twin Strike","Barricade"],"picked":"Pummel","floor":14},{"not_picked":["Berserk","Feed"],"picked":"Double Tap","floor":16},{"not_picked":["Flex","Clash+1"],"picked":"Burning Pact+1","floor":18},{"not_picked":["Whirlwind","Burning Pact"],"picked":"Ghostly Armor","floor":18},{"not_picked":["Havoc+1","Flex"],"picked":"Pommel Strike+1","floor":19},{"not_picked":["Clothesline","Wild Strike"],"picked":"Body Slam+1","floor":19},{"not_picked":["Shrug It Off","Ghostly Armor"],"picked":"Inflame+1","floor":21},{"not_picked":["Clash","Anger"],"picked":"Sentinel+1","floor":21},{"not_picked":["Clash","Reckless Charge+1"],"picked":"Sentinel","floor":24},{"not_picked":["Burning Pact+1","Warcry"],"picked":"Fiend Fire","floor":24},{"not_picked":["Entrench","Battle Trance"],"picked":"Seeing Red","floor":28},{"not_picked":["Sword Boomerang","Clash"],"picked":"Flex+1","floor":31},{"not_picked":["Fiend Fire","Bludgeon"],"picked":"Offering","floor":33},{"not_picked":["Seeing Red","Pummel"],"picked":"Cleave","floor":35},{"not_picked":["Disarm","Perfected Strike+1"],"picked":"Shrug It Off+1","floor":35},{"not_picked":["Headbutt+1","Searing Blow+1"],"picked":"Blood for Blood","floor":37},{"not_picked":["Cleave","Clothesline+1"],"picked":"Havoc","floor":37},{"not_picked":["Corruption+1","Iron Wave"],"picked":"Pommel Strike+1","floor":38},{"not_picked":["Thunderclap+1","Twin Strike"],"picked":"Entrench","floor":38},{"not_picked":["Wild Strike","Ghostly Armor+1"],"picked":"Armaments+1","floor":39},{"not_picked":["Body Slam+1","Fiend Fire"],"picked":"Metallicize+1","floor":39},{"not_picked":["Heavy Blade+1","Headbutt+1"],"picked":"Spot Weakness+1","floor":41},{"not_picked":["Cleave+1","Havoc"],"picked":"Inflame+1","floor":45},{"not_picked":["Headbutt","Infernal Blade+1"],"picked":"Pommel Strike+1","floor":45},{"not_picked":["Cleave","Hemokinesis"],"picked":"Heavy Blade+1","floor":46},{"not_picked":["Battle Trance+1","Corruption+1","Evolve+1"],"picked":"SKIP","floor":46},{"not_picked":["Carnage","Warcry"],"picked":"Wild Strike","floor":47},{"not_picked":["Anger+1","Armaments+1"],"picked":"Disarm+1","floor":47},{"not_picked":["Thunderclap+1","Havoc","Sword Boomerang"],"picked":"SKIP","floor":48},{"not_picked":["Flex","Twin Strike+1","Corruption+1"],"picked":"SKIP","floor":48}],"player_experience":513672,"relics_obtained":[{"floor":9,"key":"War Paint"},{"floor":14,"key":"Dodecahedron"},{"floor":22,"key":"Frozen Egg 2"},{"floor":26,"key":"Incense Burner"},{"floor":28,"key":"Dream Catcher"},{"floor":31,"key":"Pen Nib"},{"floor":36,"key":"Orichalcum"},{"floor":41,"key":"Red Skull"},{"floor":43,"key":"Letter Opener"}],"event_choices":[{"cards_removed":["Strike_R"],"damage_healed":0,"gold_gain":0,"player_choice":"Forget","damage_taken":0,"max_hp_gain":0,"max_hp_loss":0,"event_name":"Living Wall","floor":10,"gold_loss":0},{"damage_healed":0,"gold_gain":0,"player_choice":"Joined the Cult","damage_taken":6,"max_hp_gain":0,"max_hp_loss":0,"event_name":"Nest","floor":20,"gold_loss":0,"cards_obtained":["RitualDagger"]},{"damage_healed":0,"gold_gain":0,"player_choice":"Bet on Murderer","damage_taken":0,"max_hp_gain":0,"max_hp_loss":0,"event_name":"The Joust","floor":29,"gold_loss":50}],"is_beta":false,"boss_relics":[{"not_picked":["Runic Pyramid","Velvet Choker"],"picked":"Sozu"},{"not_picked":["Philosopher\u0027s Stone","Empty Cage"],"picked":"Lizard Tail"}],"items_purged_floors":[],"is_endless":false,"potions_floor_spawned":[3,4,7,12,13,14,24,28,31,35,39,46,47,48],"ascension_level":0}