{"gold_per_floor":[116,128,138,156,156,156,156,173,200,200],"floor_reached":10,"playtime":369,"items_purged":[],"score":87,"play_id":"ba7cad08-e457-4c53-9ef6-1aef935eaade","local_time":"20190602224518","is_ascension_mode":true,"campfire_choices":[{"floor":6,"key":"REST"}],"neow_cost":"CURSE","seed_source_timestamp":20283750307324,"circlet_count":0,"master_deck":["Strike_B","Strike_B","Strike_B","Strike_B","Defend_B","Defend_B","Defend_B","Defend_B","Zap","Dualcast","Leap","Blizzard","Redo","Stack","Pain","Self Repair"],"relics":["Cracked Core","Mango","WarpedTongs","Potion Belt"],"potions_floor_usage":[4,10],"damage_taken":[{"damage":0,"enemies":"Cultist","floor":1,"turns":4},{"damage":3,"enemies":"Jaw Worm","floor":2,"turns":3},{"damage":15,"enemies":"Small Slimes","floor":3,"turns":4},{"damage":32,"enemies":"Exordium Thugs","floor":4,"turns":6},{"damage":22,"enemies":"Large Slime","floor":8,"turns":8},{"damage":45,"enemies":"Lagavulin","floor":10,"turns":7}],"seed_played":"7370499960842560110","potions_obtained":[{"floor":3,"key":"Dexterity Potion"},{"floor":4,"key":"PowerPotion"}],"is_trial":false,"path_per_floor":["M","M","M","M","?","R","?","M","T","E"],"character_chosen":"DEFECT","items_purchased":[],"campfire_rested":1,"item_purchase_floors":[],"current_hp_per_floor":[82,79,64,32,32,58,58,36,36,0],"gold":200,"neow_bonus":"ONE_RARE_RELIC","is_prod":false,"is_daily":false,"chose_seed":false,"campfire_upgraded":0,"win_rate":0,"timestamp":1559479518,"path_taken":["M","M","?","M","?","R","?","M","T","E"],"build_version":"2019-01-23","purchased_purges":0,"victory":false,"max_hp_per_floor":[89,89,89,89,89,89,89,89,89,89],"card_choices":[{"not_picked":["Gash","Stack"],"picked":"Leap","floor":1},{"not_picked":["Leap","Gash"],"picked":"Blizzard","floor":2},{"not_picked":["Stack","Leap"],"picked":"Redo","floor":3},{"not_picked":["Rip and Tear","Steam"],"picked":"Stack","floor":4},{"not_picked":["Leap","Sweeping Beam"],"picked":"Self Repair","floor":8}],"player_experience":790963,"relics_obtained":[{"floor":9,"key":"Potion Belt"}],"event_choices":[{"cards_removed":["Shame"],"damage_healed":0,"gold_gain":0,"player_choice":"Forget","damage_taken":0,"max_hp_gain":0,"max_hp_loss":0,"event_name":"Living Wall","floor":5,"gold_loss":0},{"damage_healed":0,"gold_gain":0,"player_choice":"Rummage","damage_taken":0,"relics_obtained":["WarpedTongs"],"max_hp_gain":0,"max_hp_loss":0,"event_name":"Accursed Blacksmith","floor":7,"gold_loss":0,"cards_obtained":["Pain"]}],"is_beta":false,"boss_relics":[],"items_purged_floors":[],"is_endless":false,"potions_floor_spawned":[3,4],"killed_by":"Lagavulin","ascension_level":9}