{"gold_per_floor":[117,117,117,117,137,137,167,167,167,182,208,208,228,247,247,247],"floor_reached":16,"playtime":1046,"items_purged":[],"score":133,"play_id":"c2999ddf-6cbf-4ce1-b66c-c28d053c9bd3","local_time":"20190709040500","is_ascension_mode":false,"campfire_choices":[{"data":"True Grit","floor":6,"key":"SMITH"},{"data":"Feed","floor":8,"key":"SMITH"},{"data":"Whirlwind","floor":12,"key":"SMITH"},{"data":"Wild Strike","floor":15,"key":"SMITH"}],"neow_cost":"NONE","seed_source_timestamp":62686239026273,"circlet_count":0,"master_deck":["Strike_R","Strike_R","Strike_R+1","Strike_R+1","Strike_R","Defend_R","Defend_R","Defend_R","Bash","True Grit+1","Wild Strike+1","Feed+1","Pummel","Whirlwind+1","Burning Pact","Seeing Red"],"relics":["Burning Blood","Dodecahedron","Mummified Hand","Bag of Marbles","Odd Mushroom"],"potions_floor_usage":[7,11,13,16,16],"damage_taken":[{"damage":12,"enemies":"Small Slimes","floor":1,"turns":3},{"damage":8,"enemies":"2 Louse","floor":5,"turns":2},{"damage":31,"enemies":"Lagavulin","floor":7,"turns":6},{"damage":0,"enemies":"Cultist","floor":10,"turns":2},{"damage":21,"enemies":"3 Sentries","floor":11,"turns":8},{"damage":5,"enemies":"The Mushroom Lair","floor":13,"turns":3},{"damage":7,"enemies":"Blue Slaver","floor":14,"turns":3},{"damage":33,"enemies":"Hexaghost","floor":16,"turns":7}],"seed_played":"8866139892490118473","potions_obtained":[{"floor":4,"key":"LiquidBronze"},{"floor":4,"key":"LiquidBronze"},{"floor":4,"key":"Energy Potion"},{"floor":5,"key":"SkillPotion"},{"floor":10,"key":"Energy Potion"},{"floor":11,"key":"EssenceOfSteel"}],"is_trial":false,"path_per_floor":["M","?","?","?","M","R","E","R","T","M","E","R","?","M","R","B"],"character_chosen":"IRONCLAD","items_purchased":[],"campfire_rested":0,"item_purchase_floors":[],"current_hp_per_floor":[82,64,57,57,55,55,30,30,30,36,21,21,26,29,29,0],"gold":247,"neow_bonus":"TEN_PERCENT_HP_BONUS","is_prod":false,"is_daily":false,"chose_seed":false,"campfire_upgraded":4,"win_rate":0.0,"timestamp":1562637900,"path_taken":["M","?","?","?","?","R","E","R","T","M","E","R","?","M","R","BOSS"],"build_version":"2019-07-05","purchased_purges":0,"victory":false,"max_hp_per_floor":[88,88,88,88,88,88,88,88,88,88,88,88,92,96,96,96],"card_choices":[{"not_picked":["Warcry","Headbutt"],"picked":"True Grit","floor":1},{"not_picked":["Second Wind","Pummel"],"picked":"Wild Strike","floor":5},{"not_picked":["Shrug It Off","Pommel Strike"],"picked":"Feed","floor":7},{"not_picked":["Headbutt","Pommel Strike"],"picked":"Pummel","floor":10},{"not_picked":["Corruption","Sword Boomerang"],"picked":"Whirlwind","floor":11},{"not_picked":["Cleave","Warcry"],"picked":"Burning Pact","floor":13},{"not_picked":["Iron Wave","Warcry"],"picked":"Seeing Red","floor":14}],"player_experience":47330,"relics_obtained":[{"floor":7,"key":"Dodecahedron"},{"floor":9,"key":"Mummified Hand"},{"floor":11,"key":"Bag of Marbles"},{"floor":13,"key":"Odd Mushroom"}],"event_choices":[{"damage_healed":0,"gold_gain":0,"player_choice":"Entered Light","damage_taken":18,"max_hp_gain":0,"max_hp_loss":0,"event_name":"Shining Light","floor":2,"gold_loss":0,"cards_upgraded":["Strike_R","Strike_R"]},{"cards_removed":["Defend_R"],"damage_healed":0,"gold_gain":0,"player_choice":"Card Removal","damage_taken":7,"max_hp_gain":0,"max_hp_loss":0,"event_name":"Golden Wing","floor":3,"gold_loss":0},{"damage_healed":0,"gold_gain":0,"player_choice":"Got Potions","damage_taken":0,"max_hp_gain":0,"max_hp_loss":0,"event_name":"Lab","floor":4,"gold_loss":0},{"damage_healed":0,"gold_gain":0,"player_choice":"Fought Mushrooms","damage_taken":0,"max_hp_gain":0,"max_hp_loss":0,"event_name":"Mushrooms","floor":13,"gold_loss":0}],"is_beta":false,"boss_relics":[],"items_purged_floors":[],"is_endless":false,"potions_floor_spawned":[5,10,11],"killed_by":"Hexaghost","ascension_level":0}