{"gold_per_floor":[113,131,306,41,41,75,75,75,127,127,148,186,136,136,136,136],"floor_reached":16,"playtime":731,"items_purged":["Doubt"],"score":223,"play_id":"4f03d0d6-c62c-4425-85a9-b7ed63075dc2","local_time":"20190714202412","is_ascension_mode":true,"campfire_choices":[{"data":"Sunder","floor":10,"key":"SMITH"},{"floor":15,"key":"REST"}],"neow_cost":"NONE","seed_source_timestamp":191185302057297,"circlet_count":0,"master_deck":["AscendersBane","Strike_B","Strike_B","Defend_B","Defend_B","Defend_B","Defend_B","Zap","Dualcast","Doom and Gloom","Skim","White Noise","Sunder+1","Chill","Chill","Core Surge","Decay"],"relics":["Cracked Core","NeowsBlessing","Golden Idol","Blue Candle","Juzu Bracelet","PreservedInsect"],"potions_floor_usage":[12],"damage_taken":[{"damage":0,"enemies":"2 Louse","floor":1,"turns":1},{"damage":0,"enemies":"Small Slimes","floor":2,"turns":1},{"damage":0,"enemies":"3 Sentries","floor":6,"turns":1},{"damage":0,"enemies":"Cultist","floor":11,"turns":3},{"damage":16,"enemies":"Lagavulin","floor":12,"turns":5},{"damage":64,"enemies":"Hexaghost","floor":16,"turns":9}],"seed_played":"-1309581923168726362","potions_obtained":[{"floor":2,"key":"GamblersBrew"},{"floor":6,"key":"Energy Potion"},{"floor":11,"key":"FocusPotion"}],"is_trial":false,"path_per_floor":["M","M","?","$","?","E","?","?","T","R","M","E","?","?","R","B"],"character_chosen":"DEFECT","items_purchased":["White Noise","Sunder","Chill"],"campfire_rested":1,"item_purchase_floors":[4,4,4],"current_hp_per_floor":[64,64,64,64,64,64,57,57,57,57,57,41,41,41,60,0],"gold":136,"neow_bonus":"THREE_ENEMY_KILL","is_prod":false,"is_daily":false,"chose_seed":false,"campfire_upgraded":1,"win_rate":0,"timestamp":1563153852,"path_taken":["M","M","?","$","?","E","?","?","T","R","M","E","?","?","R","BOSS"],"build_version":"2019-07-05","purchased_purges":1,"victory":false,"max_hp_per_floor":[71,71,71,71,66,66,66,66,66,66,66,66,66,66,66,66],"card_choices":[{"not_picked":["Redo","Streamline"],"picked":"Doom and Gloom","floor":1},{"not_picked":["Ball Lightning","Cold Snap"],"picked":"Skim","floor":2},{"not_picked":["Barrage","Sweeping Beam"],"picked":"Chill","floor":6},{"not_picked":["Hello World","Chaos","Rebound"],"picked":"SKIP","floor":11},{"not_picked":["FTL","White Noise"],"picked":"Core Surge","floor":12}],"player_experience":582748,"relics_obtained":[{"floor":6,"key":"Blue Candle"},{"floor":9,"key":"Juzu Bracelet"},{"floor":12,"key":"PreservedInsect"}],"event_choices":[{"damage_healed":0,"gold_gain":175,"player_choice":"AGREE","damage_taken":0,"max_hp_gain":0,"max_hp_loss":0,"event_name":"Liars Game","floor":3,"gold_loss":0,"cards_obtained":["Doubt"]},{"damage_healed":0,"gold_gain":0,"player_choice":"Lose Max HP","damage_taken":0,"relics_obtained":["Golden Idol"],"max_hp_gain":0,"max_hp_loss":5,"event_name":"Golden Idol","floor":5,"gold_loss":0},{"cards_removed":["Strike_B"],"damage_healed":0,"gold_gain":0,"player_choice":"Card Removal","damage_taken":7,"max_hp_gain":0,"max_hp_loss":0,"event_name":"Golden Wing","floor":7,"gold_loss":0},{"damage_healed":0,"gold_gain":0,"player_choice":"Bought 0 Potions","damage_taken":0,"max_hp_gain":0,"max_hp_loss":0,"event_name":"The Woman in Blue","floor":8,"gold_loss":0},{"cards_removed":["Strike_B"],"damage_healed":0,"gold_gain":0,"player_choice":"Card Removal","damage_taken":0,"max_hp_gain":0,"max_hp_loss":0,"event_name":"The Cleric","floor":13,"gold_loss":50},{"damage_healed":0,"gold_gain":0,"player_choice":"Cursed","damage_taken":0,"max_hp_gain":0,"max_hp_loss":0,"event_name":"Wheel of Change","floor":14,"gold_loss":0,"cards_obtained":["Decay"]}],"is_beta":false,"boss_relics":[],"items_purged_floors":[4],"is_endless":false,"potions_floor_spawned":[2,6,11],"killed_by":"Hexaghost","ascension_level":14}