{"gold_per_floor":[112,112,129,31,306,332,351,351,378,19,48,136,156,167,167,267,267,283,283,283,44,60,80,80,80],"floor_reached":25,"playtime":1201,"items_purged":[],"score":236,"play_id":"7e614404-a96d-469d-b5fe-8e501ff07a8b","local_time":"20190327234805","is_ascension_mode":false,"campfire_choices":[{"data":"Cloak And Dagger","floor":8,"key":"SMITH"},{"floor":15,"key":"REST"},{"floor":24,"key":"REST"}],"neow_cost":"NONE","seed_source_timestamp":47062791410893,"circlet_count":0,"master_deck":["Survivor","Neutralize","Noxious Fumes","Dagger Throw","Footwork","Deflect","Choke","Cloak And Dagger+1","Adrenaline","Dagger Throw","Dagger Spray","Well Laid Plans","Distraction","Cloak And Dagger","Envenom","Crippling Poison","Cloak And Dagger","Acrobatics","Corpse Explosion","Heel Hook","Blur","Venomology","Accuracy","Blade Dance","Dagger Throw+1","RitualDagger","Doubt","All Out Attack","Deflect","Blade Dance"],"relics":["Ring of the Snake","NeowsBlessing","Snake Skull","Bronze Scales","Boot","Vajra","Tiny Chest","Pandora\u0027s Box","Shuriken"],"potions_floor_usage":[11,12,12,16,18,25,25],"damage_taken":[{"damage":0,"enemies":"Small Slimes","floor":1,"turns":1},{"damage":0,"enemies":"Cultist","floor":3,"turns":1},{"damage":0,"enemies":"3 Sentries","floor":6,"turns":1},{"damage":3,"enemies":"Jaw Worm","floor":7,"turns":4},{"damage":40,"enemies":"Lagavulin","floor":11,"turns":7},{"damage":6,"enemies":"Lagavulin Event","floor":12,"turns":5},{"damage":1,"enemies":"Gremlin Gang","floor":13,"turns":3},{"damage":2,"enemies":"Blue Slaver","floor":14,"turns":3},{"damage":39,"enemies":"The Guardian","floor":16,"turns":11},{"damage":5,"enemies":"Chosen","floor":18,"turns":4},{"damage":27,"enemies":"2 Thieves","floor":22,"turns":3},{"damage":18,"enemies":"3 Cultists","floor":23,"turns":4},{"damage":35,"enemies":"Slavers","floor":25,"turns":2}],"seed_played":"-5428997501308241977","potions_obtained":[{"floor":1,"key":"Weak Potion"},{"floor":2,"key":"FairyPotion"},{"floor":2,"key":"Ancient Potion"},{"floor":11,"key":"Explosive Potion"},{"floor":13,"key":"SkillPotion"},{"floor":16,"key":"GamblersBrew"}],"is_trial":false,"path_per_floor":["M","?","M","$","?","E","M","R","T","$","E","?","M","M","R","B",null,"M","?","?","$","M","M","R","E"],"character_chosen":"THE_SILENT","items_purchased":["Footwork","Deflect","Boot","Adrenaline","Dagger Throw","Shuriken"],"campfire_rested":2,"item_purchase_floors":[4,4,10,10,10,21],"current_hp_per_floor":[70,70,70,70,70,70,67,67,67,67,27,21,20,18,39,7,70,65,59,59,59,32,14,35,0],"gold":80,"neow_bonus":"THREE_ENEMY_KILL","is_prod":false,"is_daily":false,"chose_seed":false,"campfire_upgraded":1,"win_rate":0,"timestamp":1553694485,"path_taken":["M","?","M","?","?","E","?","R","T","$","E","?","M","M","R","BOSS","M","?","?","$","M","?","R","E"],"build_version":"2019-01-23","purchased_purges":0,"victory":false,"max_hp_per_floor":[70,70,70,70,70,70,70,70,70,70,70,70,70,70,70,70,70,70,70,70,70,70,70,70,70],"card_choices":[{"not_picked":["Underhanded Strike","Dagger Spray"],"picked":"Noxious Fumes","floor":1},{"not_picked":["Caltrops","Underhanded Strike"],"picked":"Dagger Throw","floor":3},{"not_picked":["Caltrops","Poisoned Stab"],"picked":"Choke","floor":6},{"not_picked":["Bouncing Flask","Deadly Poison"],"picked":"Cloak And Dagger","floor":7},{"not_picked":["Slice","Outmaneuver"],"picked":"Dagger Spray","floor":11},{"not_picked":["Leg Sweep","Masterful Stab"],"picked":"Well Laid Plans","floor":12},{"not_picked":["Bullet Time","Acrobatics"],"picked":"Distraction","floor":13},{"not_picked":["Underhanded Strike","Deflect"],"picked":"Cloak And Dagger","floor":14},{"not_picked":["Adrenaline","Wraith Form v2"],"picked":"Envenom","floor":16},{"not_picked":["Prepared+1","Sucker Punch"],"picked":"Dagger Throw+1","floor":18},{"not_picked":["Backflip","Finisher"],"picked":"Deflect","floor":22},{"not_picked":["Deadly Poison","Caltrops"],"picked":"Blade Dance","floor":23}],"player_experience":213645,"relics_obtained":[{"floor":6,"key":"Snake Skull"},{"floor":9,"key":"Bronze Scales"},{"floor":11,"key":"Vajra"},{"floor":12,"key":"Tiny Chest"}],"event_choices":[{"damage_healed":0,"gold_gain":0,"player_choice":"Got Potions","damage_taken":0,"max_hp_gain":0,"max_hp_loss":0,"event_name":"Lab","floor":2,"gold_loss":0},{"damage_healed":0,"gold_gain":275,"player_choice":"Desecrate","damage_taken":0,"max_hp_gain":0,"max_hp_loss":0,"event_name":"Golden Shrine","floor":5,"gold_loss":0,"cards_obtained":["Regret"]},{"damage_healed":0,"gold_gain":0,"player_choice":"Searched \u00271\u0027 times","damage_taken":0,"max_hp_gain":0,"max_hp_loss":0,"event_name":"Dead Adventurer","floor":12,"gold_loss":0},{"damage_healed":0,"gold_gain":0,"player_choice":"Joined the Cult","damage_taken":6,"max_hp_gain":0,"max_hp_loss":0,"event_name":"Nest","floor":19,"gold_loss":0,"cards_obtained":["RitualDagger"]},{"damage_healed":0,"gold_gain":0,"cards_transformed":["Regret","Malaise"],"player_choice":"Became Test Subject","damage_taken":0,"max_hp_gain":0,"max_hp_loss":0,"event_name":"Drug Dealer","floor":20,"gold_loss":0,"cards_obtained":["Doubt","All Out Attack"]}],"is_beta":false,"boss_relics":[{"not_picked":["Eternal Feather","WristBlade"],"picked":"Pandora\u0027s Box"}],"items_purged_floors":[],"is_endless":false,"potions_floor_spawned":[1,3,7,11,13,16],"killed_by":"Slavers","ascension_level":0}