{"gold_per_floor":[112,128,128,145,320,320,345,356,403,419,441,454,454,19,19,121,121,102,102,116,116],"floor_reached":21,"playtime":1099,"items_purged":[],"score":199,"play_id":"9ce1a1ea-5b87-4744-815e-3d9f8d4ad3b8","local_time":"20190421174137","is_ascension_mode":true,"campfire_choices":[{"data":"Armaments","floor":6,"key":"SMITH"},{"floor":13,"key":"REST"},{"floor":15,"key":"REST"}],"neow_cost":"NONE","seed_source_timestamp":8059417085072,"circlet_count":0,"master_deck":["Strike_R","Strike_R","Strike_R","Strike_R","Defend_R","Defend_R","Defend_R","Defend_R","Bash","Heavy Blade","Burning Pact","Armaments+1","Doubt","True Grit","Warcry","Dark Embrace","Bloodletting","Rupture","Inflame","Limit Break","Anger","Shrug It Off","Limit Break","Cleave","Writhe","Sword Boomerang+1"],"relics":["Burning Blood","NeowsBlessing","Blue Candle","Boot","Odd Mushroom","Dream Catcher","Mark of Pain","Vajra"],"potions_floor_usage":[7,7,11,16,16,21],"damage_taken":[{"damage":0,"enemies":"Jaw Worm","floor":1,"turns":1},{"damage":0,"enemies":"Cultist","floor":2,"turns":1},{"damage":0,"enemies":"Small Slimes","floor":4,"turns":1},{"damage":21,"enemies":"3 Sentries","floor":7,"turns":17},{"damage":1,"enemies":"2 Fungi Beasts","floor":8,"turns":4},{"damage":15,"enemies":"Exordium Wildlife","floor":10,"turns":7},{"damage":40,"enemies":"The Mushroom Lair","floor":11,"turns":8},{"damage":10,"enemies":"Looter","floor":12,"turns":4},{"damage":55,"enemies":"Slime Boss","floor":16,"turns":11},{"damage":29,"enemies":"2 Thieves","floor":18,"turns":4},{"damage":49,"enemies":"Spheric Guardian","floor":20,"turns":6},{"damage":16,"enemies":"Snake Plant","floor":21,"turns":2}],"seed_played":"4936794004546699523","potions_obtained":[{"floor":1,"key":"PowerPotion"},{"floor":4,"key":"SkillPotion"},{"floor":7,"key":"Block Potion"},{"floor":10,"key":"Swift Potion"},{"floor":12,"key":"Weak Potion"},{"floor":20,"key":"Block Potion"}],"is_trial":false,"path_per_floor":["M","M","?","M","?","R","E","M","T","M","?","M","R","$","R","B",null,"M","?","M","M"],"character_chosen":"IRONCLAD","items_purchased":["Dream Catcher","Inflame","Limit Break","Anger"],"campfire_rested":2,"item_purchase_floors":[14,14,14,14],"current_hp_per_floor":[80,80,80,80,80,80,65,70,70,61,27,23,47,47,71,22,80,57,57,14,0],"gold":116,"neow_bonus":"THREE_ENEMY_KILL","is_prod":false,"is_daily":false,"chose_seed":false,"campfire_upgraded":1,"win_rate":0,"timestamp":1555832497,"path_taken":["M","M","?","?","?","R","E","M","T","M","?","M","R","?","R","BOSS","M","?","M","M"],"build_version":"2019-01-23","purchased_purges":0,"victory":false,"max_hp_per_floor":[80,80,80,80,80,80,80,80,80,80,80,80,80,80,80,80,80,80,80,80,80],"card_choices":[{"not_picked":["Perfected Strike","Intimidate"],"picked":"Heavy Blade","floor":1},{"not_picked":["Iron Wave","Havoc"],"picked":"Burning Pact","floor":2},{"not_picked":["Anger","Sword Boomerang"],"picked":"Armaments","floor":4},{"not_picked":["Fiend Fire","Thunderclap"],"picked":"True Grit","floor":7},{"not_picked":["Perfected Strike","Shrug It Off"],"picked":"Warcry","floor":8},{"not_picked":["Sever Soul","Thunderclap"],"picked":"Dark Embrace","floor":10},{"not_picked":["Disarm","True Grit"],"picked":"Bloodletting","floor":11},{"not_picked":["Twin Strike","Intimidate"],"picked":"Rupture","floor":12},{"not_picked":["Combust","Evolve"],"picked":"Shrug It Off","floor":15},{"not_picked":["Juggernaut","Immolate"],"picked":"Limit Break","floor":16},{"not_picked":["Clothesline","Uppercut"],"picked":"Cleave","floor":18},{"not_picked":["Bloodletting+1","Shrug It Off"],"picked":"Sword Boomerang+1","floor":20}],"player_experience":386797,"relics_obtained":[{"floor":7,"key":"Blue Candle"},{"floor":9,"key":"Boot"},{"floor":11,"key":"Odd Mushroom"}],"event_choices":[{"cards_removed":["Strike_R"],"damage_healed":0,"gold_gain":0,"player_choice":"Purged","damage_taken":0,"max_hp_gain":0,"max_hp_loss":0,"event_name":"Purifier","floor":3,"gold_loss":0},{"damage_healed":0,"gold_gain":175,"player_choice":"AGREE","damage_taken":0,"max_hp_gain":0,"max_hp_loss":0,"event_name":"Liars Game","floor":5,"gold_loss":0,"cards_obtained":["Doubt"]},{"damage_healed":0,"gold_gain":0,"player_choice":"Fought Mushrooms","damage_taken":0,"max_hp_gain":0,"max_hp_loss":0,"event_name":"Mushrooms","floor":11,"gold_loss":0},{"damage_healed":0,"gold_gain":0,"player_choice":"Opened","damage_taken":0,"relics_obtained":["Vajra"],"max_hp_gain":0,"max_hp_loss":0,"event_name":"The Mausoleum","floor":19,"gold_loss":0,"cards_obtained":["Writhe"]}],"is_beta":false,"boss_relics":[{"not_picked":["Velvet Choker","Black Star"],"picked":"Mark of Pain"}],"items_purged_floors":[],"is_endless":false,"potions_floor_spawned":[1,4,7,10,12,20],"killed_by":"Snake Plant","ascension_level":2}