{"gold_per_floor":[112,262,278,12,12,47,47,57,80,112,112,112,112],"floor_reached":13,"playtime":301,"items_purged":["Doubt"],"score":203,"play_id":"fec85218-f259-4a1e-9779-9be0c34027ad","local_time":"20190704164410","is_ascension_mode":true,"campfire_choices":[{"data":"Armaments","floor":11,"key":"SMITH"}],"neow_cost":"NONE","seed_source_timestamp":1741825777083039,"circlet_count":0,"master_deck":["AscendersBane","Strike_R","Strike_R","Strike_R","Strike_R","Defend_R","Defend_R","Defend_R","Defend_R","Bash","Pummel","Limit Break","Shrug It Off","Heavy Blade","Armaments+1","Ghostly Armor"],"relics":["Burning Blood","NeowsBlessing","Omamori","Strawberry","Darkstone Periapt"],"potions_floor_usage":[],"damage_taken":[{"damage":0,"enemies":"2 Louse","floor":1,"turns":1},{"damage":0,"enemies":"Small Slimes","floor":3,"turns":1},{"damage":0,"enemies":"Lagavulin","floor":6,"turns":1},{"damage":6,"enemies":"Cultist","floor":8,"turns":3},{"damage":61,"enemies":"Gremlin Nob","floor":10,"turns":6},{"damage":0,"enemies":"Lots of Slimes","floor":13,"turns":1}],"seed_played":"-7747697014496423719","potions_obtained":[{"floor":1,"key":"Ancient Potion"},{"floor":10,"key":"Weak Potion"}],"is_trial":false,"path_per_floor":["M","?","M","$","?","E","?","M","T","E","R","$","M"],"character_chosen":"IRONCLAD","items_purchased":["Limit Break","Shrug It Off"],"campfire_rested":0,"item_purchase_floors":[4,4],"current_hp_per_floor":[74,74,75,75,80,80,80,80,87,32,32,32,32],"gold":112,"neow_bonus":"THREE_ENEMY_KILL","is_prod":false,"is_daily":false,"chose_seed":false,"campfire_upgraded":1,"win_rate":0,"timestamp":1562226250,"path_taken":["M","?","M","$","?","E","?","?","T","E","R","$","M"],"build_version":"2019-07-01","purchased_purges":1,"victory":false,"max_hp_per_floor":[75,75,75,75,80,80,80,80,87,87,87,87,87],"card_choices":[{"not_picked":["Dual Wield","Hemokinesis"],"picked":"Pummel","floor":1},{"not_picked":["Flex","Havoc","Dropkick"],"picked":"SKIP","floor":3},{"not_picked":["Barricade","Fire Breathing"],"picked":"Heavy Blade","floor":6},{"not_picked":["Havoc","Twin Strike"],"picked":"Armaments","floor":8},{"not_picked":["Searing Blow","Reckless Charge"],"picked":"Ghostly Armor","floor":10}],"player_experience":1070705,"relics_obtained":[{"floor":6,"key":"Omamori"},{"floor":9,"key":"Strawberry"},{"floor":10,"key":"Darkstone Periapt"}],"event_choices":[{"damage_healed":0,"gold_gain":150,"player_choice":"AGREE","damage_taken":0,"max_hp_gain":0,"max_hp_loss":0,"event_name":"Liars Game","floor":2,"gold_loss":0,"cards_obtained":["Doubt"]},{"damage_healed":0,"gold_gain":0,"player_choice":"Donut","damage_taken":0,"max_hp_gain":5,"max_hp_loss":0,"event_name":"Big Fish","floor":5,"gold_loss":0},{"cards_removed":["Strike_R"],"damage_healed":0,"gold_gain":0,"player_choice":"Offered Basic","damage_taken":0,"max_hp_gain":0,"max_hp_loss":0,"event_name":"Bonfire Elementals","floor":7,"gold_loss":0}],"is_beta":false,"boss_relics":[],"items_purged_floors":[4],"is_endless":false,"potions_floor_spawned":[1,10],"killed_by":"Lots of Slimes","ascension_level":15}