{"gold_per_floor":[11,11,86,101,21,21,57,57,82,126,126,126,45,45,45,45],"floor_reached":16,"playtime":574,"items_purged":[],"score":208,"play_id":"011a8935-1d21-4397-8bd2-ce42e7d660a6","local_time":"20190618125344","is_ascension_mode":true,"campfire_choices":[{"floor":6,"key":"REST"},{"floor":8,"key":"REST"},{"data":"Zap","floor":11,"key":"SMITH"},{"data":"Coolheaded","floor":15,"key":"SMITH"}],"neow_cost":"NO_GOLD","seed_source_timestamp":0,"circlet_count":0,"master_deck":["AscendersBane","Strike_B","Strike_B","Strike_B","Strike_B","Defend_B","Defend_B","Defend_B","Defend_B","Zap+1","Dualcast","Echo Form","Auto Shields","Compile Driver","Ball Lightning","Coolheaded+1","Compile Driver","Coolheaded","Glacier"],"relics":["Cracked Core","Golden Idol","Potion Belt","Juzu Bracelet","Mercury Hourglass"],"potions_floor_usage":[16],"damage_taken":[{"damage":14,"enemies":"Small Slimes","floor":1,"turns":4},{"damage":12,"enemies":"Jaw Worm","floor":4,"turns":5},{"damage":26,"enemies":"3 Sentries","floor":7,"turns":9},{"damage":32,"enemies":"Gremlin Nob","floor":10,"turns":4},{"damage":33,"enemies":"Hexaghost","floor":16,"turns":9}],"seed_played":"908556972218918","potions_obtained":[{"floor":10,"key":"Strength Potion"}],"is_trial":false,"path_per_floor":["M","?","?","M","$","R","E","R","T","E","R","?","$","?","R","B"],"character_chosen":"DEFECT","items_purchased":["Ball Lightning","Coolheaded","Glacier"],"campfire_rested":2,"item_purchase_floors":[5,5,13],"current_hp_per_floor":[50,50,39,27,27,46,20,39,39,7,7,7,7,28,28,0],"gold":45,"neow_bonus":"THREE_RARE_CARDS","is_prod":false,"is_daily":false,"chose_seed":true,"campfire_upgraded":2,"win_rate":0,"timestamp":1560876824,"path_taken":["M","?","?","M","$","R","E","R","T","E","R","?","?","?","R","BOSS"],"build_version":"2019-06-17v2","purchased_purges":0,"victory":false,"max_hp_per_floor":[71,64,64,64,64,64,64,64,64,64,64,64,64,64,64,64],"card_choices":[{"not_picked":["Meteor Strike","Rainbow"],"picked":"Echo Form","floor":0},{"not_picked":["Sweeping Beam","Darkness"],"picked":"Auto Shields","floor":1},{"not_picked":["Auto Shields","Rip and Tear"],"picked":"Compile Driver","floor":4},{"not_picked":["Rip and Tear","Turbo"],"picked":"Compile Driver","floor":7},{"not_picked":["Doom and Gloom","Sweeping Beam"],"picked":"Coolheaded","floor":10}],"player_experience":2982260,"relics_obtained":[{"floor":7,"key":"Potion Belt"},{"floor":9,"key":"Juzu Bracelet"},{"floor":10,"key":"Mercury Hourglass"}],"event_choices":[{"damage_healed":0,"gold_gain":0,"player_choice":"Lose Max HP","damage_taken":0,"relics_obtained":["Golden Idol"],"max_hp_gain":0,"max_hp_loss":7,"event_name":"Golden Idol","floor":2,"gold_loss":0},{"damage_healed":0,"gold_gain":75,"player_choice":"Gather Gold","damage_taken":11,"max_hp_gain":0,"max_hp_loss":0,"event_name":"World of Goop","floor":3,"gold_loss":0},{"damage_healed":0,"gold_gain":0,"player_choice":"Ignored","damage_taken":0,"max_hp_gain":0,"max_hp_loss":0,"event_name":"Golden Wing","floor":12,"gold_loss":0},{"damage_healed":21,"gold_gain":0,"player_choice":"Banana","damage_taken":0,"max_hp_gain":0,"max_hp_loss":0,"event_name":"Big Fish","floor":14,"gold_loss":0}],"is_beta":true,"boss_relics":[],"items_purged_floors":[],"is_endless":false,"potions_floor_spawned":[10],"killed_by":"Hexaghost","ascension_level":20}