{"gold_per_floor":[119,119,133,133,208,222,37,37,37,37,37,63,63,127,127,222,222,236,416,79,79,79,79,4,4,4,15,34,34,50,50,50,50],"floor_reached":33,"playtime":1052,"items_purged":[],"score":239,"play_id":"c5938567-0e9c-440e-9a80-4b967f576f24","local_time":"20190327134227","is_ascension_mode":false,"campfire_choices":[{"data":"Dual Wield","floor":13,"key":"SMITH"},{"floor":15,"key":"REST"},{"data":"Spot Weakness","floor":23,"key":"SMITH"},{"data":"Perfected Strike","floor":25,"key":"SMITH"},{"data":"Flex","floor":29,"key":"SMITH"},{"data":"Bash","floor":32,"key":"SMITH"}],"neow_cost":"TEN_PERCENT_HP_LOSS","seed_source_timestamp":10873686854839,"circlet_count":0,"master_deck":["Strike_R","Strike_R","Strike_R","Strike_R","Strike_R","Defend_R","Defend_R","Bash+1","Shrug It Off","Perfected Strike+1","Pommel Strike","Dual Wield+1","Spot Weakness+1","Twin Strike","Feed","Warcry+1","Flex+1","Thunderclap","Blood for Blood","Thunderclap","Shame","Evolve","Iron Wave+1","Bludgeon","Armaments+1","Heavy Blade"],"relics":["Burning Blood","Bird Faced Urn","Peace Pipe","Juzu Bracelet","Happy Flower","Meat on the Bone","Self Forming Clay","Centennial Puzzle","Sozu","Regal Pillow","Red Skull"],"potions_floor_usage":[14,16,27,28],"damage_taken":[{"damage":2,"enemies":"Small Slimes","floor":1,"turns":4},{"damage":12,"enemies":"Jaw Worm","floor":3,"turns":5},{"damage":2,"enemies":"2 Louse","floor":6,"turns":3},{"damage":28,"enemies":"Gremlin Nob","floor":12,"turns":4},{"damage":13,"enemies":"Lagavulin Event","floor":14,"turns":5},{"damage":26,"enemies":"The Guardian","floor":16,"turns":8},{"damage":2,"enemies":"Spheric Guardian","floor":18,"turns":3},{"damage":0,"enemies":"3 Byrds","floor":27,"turns":5},{"damage":17,"enemies":"3 Cultists","floor":28,"turns":5},{"damage":4,"enemies":"Chosen and Byrds","floor":30,"turns":5},{"damage":80,"enemies":"Champ","floor":33,"turns":6}],"seed_played":"7958955651781165302","potions_obtained":[{"floor":3,"key":"Ancient Potion"},{"floor":6,"key":"FearPotion"},{"floor":12,"key":"Weak Potion"},{"floor":16,"key":"FearPotion"}],"is_trial":false,"path_per_floor":["M","?","M","?","?","M","$","T","T","?","$","E","R","?","R","B",null,"M","?","$","?","?","R","$","R","T","M","M","R","M","?","R","B"],"character_chosen":"IRONCLAD","items_purchased":["Juzu Bracelet","Dual Wield","Regal Pillow","Flex","Thunderclap","Blood for Blood","Evolve"],"campfire_rested":1,"item_purchase_floors":[7,7,20,20,20,20,24],"current_hp_per_floor":[72,60,54,54,43,47,47,47,47,47,47,37,37,42,63,43,72,72,51,51,51,51,51,51,51,51,62,60,60,67,67,67,0],"gold":50,"neow_bonus":"ONE_RARE_RELIC","is_prod":false,"is_daily":false,"chose_seed":false,"campfire_upgraded":5,"win_rate":0,"timestamp":1553658147,"path_taken":["M","?","M","?","?","M","?","?","T","?","$","E","R","?","R","BOSS","M","?","$","?","?","R","?","R","T","M","M","R","M","?","R","BOSS"],"build_version":"2019-01-23","purchased_purges":0,"victory":false,"max_hp_per_floor":[72,72,72,72,72,72,72,72,72,72,72,72,72,72,72,72,72,72,72,72,72,72,72,72,72,72,75,78,78,81,81,81,81],"card_choices":[{"not_picked":["True Grit","Havoc"],"picked":"Shrug It Off","floor":1},{"not_picked":["Combust","Havoc"],"picked":"Perfected Strike","floor":3},{"not_picked":["Shockwave","Blood for Blood"],"picked":"Pommel Strike","floor":6},{"not_picked":["Cleave","Double Tap"],"picked":"Spot Weakness","floor":12},{"not_picked":["Sword Boomerang","Perfected Strike"],"picked":"Twin Strike","floor":14},{"not_picked":["Fiend Fire","Exhume"],"picked":"Feed","floor":16},{"not_picked":["Havoc","Fire Breathing"],"picked":"Warcry+1","floor":18},{"not_picked":["Pommel Strike","Headbutt"],"picked":"Iron Wave+1","floor":27},{"not_picked":["True Grit","Armaments"],"picked":"Bludgeon","floor":28},{"not_picked":["Perfected Strike","Body Slam+1"],"picked":"Armaments+1","floor":30}],"player_experience":187020,"relics_obtained":[{"floor":8,"key":"Happy Flower"},{"floor":9,"key":"Meat on the Bone"},{"floor":12,"key":"Self Forming Clay"},{"floor":14,"key":"Centennial Puzzle"}],"event_choices":[{"damage_healed":0,"gold_gain":0,"player_choice":"Success","damage_taken":12,"relics_obtained":["Peace Pipe"],"max_hp_gain":0,"max_hp_loss":0,"event_name":"Scrap Ooze","floor":2,"gold_loss":0},{"damage_healed":0,"gold_gain":0,"player_choice":"Ignored","damage_taken":0,"max_hp_gain":0,"max_hp_loss":0,"event_name":"Golden Wing","floor":4,"gold_loss":0},{"damage_healed":0,"gold_gain":75,"player_choice":"Gather Gold","damage_taken":11,"max_hp_gain":0,"max_hp_loss":0,"event_name":"World of Goop","floor":5,"gold_loss":0},{"cards_removed":["Defend_R"],"damage_healed":0,"gold_gain":0,"player_choice":"Offered Basic","damage_taken":0,"max_hp_gain":0,"max_hp_loss":0,"event_name":"Bonfire Elementals","floor":10,"gold_loss":0},{"damage_healed":0,"gold_gain":0,"player_choice":"Searched \u00272\u0027 times","damage_taken":0,"max_hp_gain":0,"max_hp_loss":0,"event_name":"Dead Adventurer","floor":14,"gold_loss":0},{"damage_healed":0,"gold_gain":180,"player_choice":"GOLD GOLD ","damage_taken":21,"max_hp_gain":0,"max_hp_loss":0,"event_name":"Knowing Skull","floor":19,"potions_obtained":[],"gold_loss":0,"cards_obtained":[]},{"damage_healed":0,"gold_gain":0,"player_choice":"Read","damage_taken":0,"max_hp_gain":0,"max_hp_loss":0,"event_name":"The Library","floor":21,"gold_loss":0,"cards_obtained":["Thunderclap"]},{"damage_healed":0,"gold_gain":0,"player_choice":"Stole Relic","damage_taken":0,"relics_obtained":["Red Skull"],"max_hp_gain":0,"max_hp_loss":0,"event_name":"Addict","floor":22,"gold_loss":0,"cards_obtained":["Shame"]},{"damage_healed":0,"gold_gain":0,"cards_transformed":["Defend_R"],"player_choice":"Transformed","damage_taken":0,"max_hp_gain":0,"max_hp_loss":0,"event_name":"Transmorgrifier","floor":31,"gold_loss":0,"cards_obtained":["Heavy Blade"]}],"is_beta":false,"boss_relics":[{"not_picked":["Astrolabe","Velvet Choker"],"picked":"Sozu"}],"items_purged_floors":[],"is_endless":false,"potions_floor_spawned":[3,6,12,16,28,30],"killed_by":"Champ","ascension_level":0}