{"gold_per_floor":[109,120,134,15,15,15,49,62,114,126,154,341,353,430,442,454],"floor_reached":16,"playtime":408,"items_purged":[],"score":132,"play_id":"ef49ec14-8897-4860-99ca-1d5668540262","local_time":"20190121232924","is_ascension_mode":true,"campfire_choices":[{"data":"Dualcast","floor":6,"key":"SMITH"},{"floor":10,"key":"REST"},{"data":"Doubt","floor":13,"key":"PURGE"},{"floor":15,"key":"REST"}],"neow_cost":"TEN_PERCENT_HP_LOSS","seed_source_timestamp":390632058938679,"circlet_count":0,"master_deck":["Strike_B","Strike_B","Strike_B","Strike_B","Defend_B","Defend_B","Defend_B","Defend_B","Zap","Dualcast+1","Beam Cell","Cold Snap","Capacitor","Coolheaded","Rebound","Leap","Self Repair"],"relics":["Cracked Core","Peace Pipe","Cables","MawBank","Tiny Chest"],"potions_floor_usage":[14],"damage_taken":[{"damage":1,"enemies":"Cultist","floor":1,"turns":3},{"damage":3,"enemies":"Jaw Worm","floor":2,"turns":4},{"damage":0,"enemies":"Small Slimes","floor":3,"turns":2},{"damage":34,"enemies":"Gremlin Nob","floor":7,"turns":5},{"damage":0,"enemies":"2 Fungi Beasts","floor":8,"turns":3},{"damage":6,"enemies":"Exordium Wildlife","floor":11,"turns":3},{"damage":19,"enemies":"3 Sentries","floor":14,"turns":8},{"damage":53,"enemies":"The Guardian","floor":16,"turns":6}],"seed_played":"-4357319762754832307","potions_obtained":[{"floor":3,"key":"Ancient Potion"},{"floor":8,"key":"AttackPotion"}],"is_trial":false,"path_per_floor":["M","M","M","$","?","R","E","M","T","R","M","?","R","E","R","B"],"character_chosen":"DEFECT","items_purchased":["Capacitor","Coolheaded"],"campfire_rested":2,"item_purchase_floors":[4,4],"current_hp_per_floor":[67,64,64,64,64,64,30,30,30,50,44,44,44,32,52,0],"gold":454,"neow_bonus":"ONE_RARE_RELIC","is_prod":false,"is_daily":false,"chose_seed":false,"campfire_upgraded":1,"win_rate":0,"timestamp":1548131364,"path_taken":["M","M","?","$","?","R","E","M","T","R","M","?","R","E","R","BOSS"],"build_version":"2019-01-17v2","purchased_purges":0,"victory":false,"max_hp_per_floor":[68,68,68,68,68,68,68,68,68,68,68,68,68,68,68,68],"card_choices":[{"not_picked":["Streamline","Undo","Steam"],"picked":"SKIP","floor":1},{"not_picked":["Steam","Undo"],"picked":"Beam Cell","floor":2},{"not_picked":["Turbo","Steam"],"picked":"Cold Snap","floor":3},{"not_picked":["Rainbow","Leap"],"picked":"Rebound","floor":7},{"not_picked":["Rebound","Sweeping Beam"],"picked":"Leap","floor":8},{"not_picked":["Sunder","Steam Power"],"picked":"Self Repair","floor":11},{"not_picked":["Stack","Tempest","Self Repair"],"picked":"SKIP","floor":14}],"player_experience":102570,"relics_obtained":[{"floor":7,"key":"Cables"},{"floor":9,"key":"MawBank"},{"floor":14,"key":"Tiny Chest"}],"event_choices":[{"damage_healed":0,"gold_gain":0,"player_choice":"Leave","damage_taken":0,"max_hp_gain":0,"max_hp_loss":0,"event_name":"The Cleric","floor":5,"gold_loss":0},{"damage_healed":0,"gold_gain":175,"player_choice":"AGREE","damage_taken":0,"max_hp_gain":0,"max_hp_loss":0,"event_name":"Liars Game","floor":12,"gold_loss":0,"cards_obtained":["Doubt"]}],"is_beta":false,"boss_relics":[],"items_purged_floors":[],"is_endless":false,"potions_floor_spawned":[3,8],"killed_by":"The Guardian","ascension_level":4}