{"gold_per_floor":[366,379,399,8,8,43,62,62,88,5,5,39,55,55,55,158,158,170,95,95,113,9,9,40,40,40,53,83,131,156,170,170,274,274,286,1,21,39,57,57,91,91,162,197,216,262,297,13,13,13],"floor_reached":51,"playtime":3849,"items_purged":["Shame"],"score":1029,"play_id":"1efb87ce-a8bd-47c7-8508-32a5705f7e2c","local_time":"20190425233340","is_ascension_mode":true,"campfire_choices":[{"floor":11,"key":"REST"},{"data":"Body Slam","floor":15,"key":"SMITH"},{"data":"Intimidate","floor":23,"key":"SMITH"},{"data":"Power Through","floor":25,"key":"SMITH"},{"data":"Feel No Pain","floor":32,"key":"SMITH"},{"data":"Barricade","floor":40,"key":"SMITH"},{"data":"Bash","floor":42,"key":"SMITH"},{"data":"1","floor":49,"key":"LIFT"}],"neow_cost":"TEN_PERCENT_HP_LOSS","seed_source_timestamp":7765324981702,"circlet_count":0,"master_deck":["Strike_R","Defend_R","Defend_R","Defend_R","Defend_R","Bash+1","Power Through+1","Body Slam+1","Intimidate+1","Cleave","Bandage Up+1","Headbutt","Power Through+1","Shockwave+1","Battle Trance+1","Iron Wave","Flex+1","Flex+1","Exhume+1","Dual Wield+1","Flame Barrier+1","Burning Pact+1","True Grit+1","Seeing Red+1","Flex+1","Feel No Pain+1","Disarm+1","Sentinel+1","Barricade+1","Parasite","Shockwave+1","Headbutt+1","Armaments+1","Shrug It Off+1","Heavy Blade+1","Havoc+1","Regret","Entrench+1","Reaper","Dual Wield+1","Panacea+1","Master of Strategy+1","Havoc+1"],"relics":["Burning Blood","Toxic Egg 2","Blood Vial","Centennial Puzzle","Vajra","Darkstone Periapt","Unceasing Top","Cursed Key","Nilry\u0027s Codex","Boot","Bottled Lightning","Red Mask","Anchor","Singing Bowl","Astrolabe","Bronze Scales","Pear","Kunai","Torii","Girya","Ancient Tea Set"],"potions_floor_usage":[6,16,27,27,27,27,30,33,35,39,44,46,46,50],"damage_taken":[{"damage":6,"enemies":"Cultist","floor":1,"turns":3},{"damage":15,"enemies":"Small Slimes","floor":2,"turns":3},{"damage":11,"enemies":"Jaw Worm","floor":3,"turns":5},{"damage":25,"enemies":"3 Sentries","floor":6,"turns":10},{"damage":15,"enemies":"Looter","floor":7,"turns":4},{"damage":0,"enemies":"Lagavulin","floor":12,"turns":5},{"damage":3,"enemies":"Exordium Thugs","floor":13,"turns":4},{"damage":11,"enemies":"Slime Boss","floor":16,"turns":12},{"damage":3,"enemies":"Spheric Guardian","floor":18,"turns":3},{"damage":3,"enemies":"Chosen","floor":21,"turns":3},{"damage":4,"enemies":"Slavers","floor":24,"turns":4},{"damage":16,"enemies":"Snecko","floor":27,"turns":6},{"damage":8,"enemies":"Masked Bandits","floor":28,"turns":3},{"damage":6,"enemies":"Gremlin Leader","floor":30,"turns":4},{"damage":3,"enemies":"Snake Plant","floor":31,"turns":5},{"damage":80,"enemies":"Collector","floor":33,"turns":13},{"damage":0,"enemies":"Orb Walker","floor":35,"turns":3},{"damage":12,"enemies":"3 Darklings","floor":37,"turns":5},{"damage":7,"enemies":"Spire Growth","floor":38,"turns":6},{"damage":37,"enemies":"Writhing Mass","floor":39,"turns":7},{"damage":11,"enemies":"Reptomancer","floor":41,"turns":7},{"damage":19,"enemies":"Nemesis","floor":44,"turns":9},{"damage":16,"enemies":"Sphere and 2 Shapes","floor":45,"turns":8},{"damage":14,"enemies":"2 Orb Walkers","floor":46,"turns":4},{"damage":44,"enemies":"Giant Head","floor":47,"turns":9},{"damage":23,"enemies":"Donu and Deca","floor":50,"turns":18}],"seed_played":"3402663074684790721","potions_obtained":[{"floor":2,"key":"Explosive Potion"},{"floor":3,"key":"SpeedPotion"},{"floor":6,"key":"SneckoOil"},{"floor":13,"key":"SmokeBomb"},{"floor":16,"key":"Fire Potion"},{"floor":24,"key":"EntropicBrew"},{"floor":28,"key":"LiquidBronze"},{"floor":33,"key":"GamblersBrew"},{"floor":37,"key":"AttackPotion"},{"floor":38,"key":"Poison Potion"},{"floor":39,"key":"Weak Potion"},{"floor":44,"key":"AttackPotion"},{"floor":46,"key":"Ancient Potion"}],"is_trial":false,"path_per_floor":["M","M","M","$","?","E","M","?","T","$","R","E","M","T","R","B",null,"M","?","?","M","$","R","E","R","T","M","?","T","E","M","R","B",null,"M","$","M","M","M","R","E","R","T","E","M","?","E","$","R","B",null],"character_chosen":"IRONCLAD","items_purchased":["Toxic Egg 2","Cleave","Bandage Up+1","Battle Trance+1","Iron Wave","Burning Pact+1","True Grit+1","Bronze Scales","Shrug It Off+1","Panacea+1","Master of Strategy+1","Havoc+1"],"campfire_rested":1,"item_purchase_floors":[4,4,4,10,10,22,22,36,36,48,48,48],"current_hp_per_floor":[72,63,58,58,58,45,44,32,32,32,53,67,72,72,72,67,72,72,72,56,72,72,72,72,72,78,68,68,74,82,84,84,16,90,90,90,90,92,71,71,86,86,92,87,85,92,84,84,84,105],"gold":13,"neow_bonus":"TWO_FIFTY_GOLD","is_prod":false,"is_daily":false,"chose_seed":false,"campfire_upgraded":6,"win_rate":0,"timestamp":1556199220,"path_taken":["M","?","?","$","?","E","M","?","T","$","R","E","M","?","R","BOSS","M","?","?","M","$","R","E","R","T","M","?","?","E","M","R","BOSS","M","$","M","M","M","R","E","R","T","E","M","?","E","$","R","BOSS"],"build_version":"2019-01-23","purchased_purges":1,"victory":true,"max_hp_per_floor":[72,72,72,72,72,72,72,72,72,72,72,72,72,72,72,72,72,72,72,72,72,72,72,72,72,78,78,78,84,84,84,84,84,90,90,90,90,92,92,92,104,104,110,110,110,110,112,112,112,112],"card_choices":[{"not_picked":["Thunderclap","Infernal Blade"],"picked":"Power Through","floor":1},{"not_picked":["Sword Boomerang","Rage"],"picked":"Body Slam","floor":2},{"not_picked":["Clash","Reckless Charge"],"picked":"Intimidate","floor":3},{"not_picked":["Seeing Red+1","Disarm+1"],"picked":"Power Through+1","floor":6},{"not_picked":["Shrug It Off+1","Dark Embrace"],"picked":"Shockwave+1","floor":7},{"not_picked":["Body Slam","Iron Wave"],"picked":"Flex+1","floor":12},{"not_picked":["Clash","Warcry+1"],"picked":"Flex+1","floor":13},{"not_picked":["Bludgeon","Brutality"],"picked":"Exhume+1","floor":16},{"not_picked":["Wild Strike","Blood for Blood"],"picked":"Dual Wield+1","floor":18},{"not_picked":["Clothesline+1","Iron Wave+1"],"picked":"Flame Barrier+1","floor":21},{"not_picked":["Clothesline","Twin Strike+1"],"picked":"Seeing Red+1","floor":24},{"not_picked":["Sword Boomerang","Ghostly Armor+1"],"picked":"Flex+1","floor":27},{"not_picked":["Headbutt","Twin Strike+1"],"picked":"Feel No Pain","floor":28},{"not_picked":["Corruption","Combust"],"picked":"Disarm+1","floor":30},{"not_picked":["Heavy Blade","Bludgeon"],"picked":"Sentinel+1","floor":31},{"not_picked":["Reaper","Exhume+1"],"picked":"Barricade","floor":33},{"not_picked":["Iron Wave","Disarm+1"],"picked":"Armaments+1","floor":35},{"not_picked":["Iron Wave+1","Feel No Pain+1"],"picked":"Heavy Blade+1","floor":37},{"not_picked":["Pummel","Headbutt","Iron Wave+1"],"picked":"Singing Bowl","floor":38},{"not_picked":["Clothesline","Thunderclap+1"],"picked":"Havoc+1","floor":39},{"not_picked":["Cleave","Heavy Blade+1","Combust+1"],"picked":"Singing Bowl","floor":41},{"not_picked":["Havoc+1","Dropkick"],"picked":"Entrench+1","floor":44},{"not_picked":["Whirlwind","Twin Strike+1"],"picked":"Reaper","floor":45},{"not_picked":["Thunderclap","Headbutt+1"],"picked":"Dual Wield+1","floor":46},{"not_picked":["Combust+1","Searing Blow+1","Rupture"],"picked":"Singing Bowl","floor":47}],"player_experience":481599,"relics_obtained":[{"floor":6,"key":"Blood Vial"},{"floor":9,"key":"Vajra"},{"floor":12,"key":"Darkstone Periapt"},{"floor":14,"key":"Unceasing Top"},{"floor":20,"key":"Nilry\u0027s Codex"},{"floor":24,"key":"Boot"},{"floor":26,"key":"Bottled Lightning"},{"floor":28,"key":"Red Mask"},{"floor":29,"key":"Anchor"},{"floor":30,"key":"Singing Bowl"},{"floor":41,"key":"Pear"},{"floor":43,"key":"Kunai"},{"floor":44,"key":"Torii"},{"floor":46,"key":"Girya"},{"floor":47,"key":"Ancient Tea Set"}],"event_choices":[{"damage_healed":0,"gold_gain":0,"cards_transformed":["Strike_R"],"player_choice":"Change","damage_taken":0,"max_hp_gain":0,"max_hp_loss":0,"event_name":"Living Wall","floor":5,"gold_loss":0,"cards_obtained":["Headbutt"]},{"damage_healed":0,"gold_gain":0,"player_choice":"Success","damage_taken":12,"relics_obtained":["Centennial Puzzle"],"max_hp_gain":0,"max_hp_loss":0,"event_name":"Scrap Ooze","floor":8,"gold_loss":0},{"cards_removed":["Strike_R"],"damage_healed":0,"gold_gain":0,"player_choice":"Gave Gold","damage_taken":0,"max_hp_gain":0,"max_hp_loss":0,"event_name":"Beggar","floor":19,"gold_loss":75},{"damage_healed":0,"gold_gain":0,"player_choice":"Obtained Book","damage_taken":16,"max_hp_gain":0,"max_hp_loss":0,"event_name":"Cursed Tome","floor":20,"gold_loss":0},{"damage_healed":0,"gold_gain":0,"player_choice":"Fought Bandits","damage_taken":0,"max_hp_gain":0,"max_hp_loss":0,"event_name":"Masked Bandits","floor":28,"gold_loss":0},{"damage_healed":0,"gold_gain":0,"player_choice":"Fight","damage_taken":0,"max_hp_gain":0,"max_hp_loss":0,"event_name":"Mysterious Sphere","floor":46,"gold_loss":0}],"is_beta":false,"boss_relics":[{"not_picked":["Velvet Choker","Calling Bell"],"picked":"Cursed Key"},{"not_picked":["Tiny House","Runic Pyramid"],"picked":"Astrolabe"}],"items_purged_floors":[36],"is_endless":false,"potions_floor_spawned":[2,3,6,13,16,24,28,33,37,38,39,44,46],"ascension_level":3}