{"gold_per_floor":[364,84,84,99,114,140,140,159,159,128,128,10,10,21,21,124,124,124,79,20,20,20,20,20,20,20,20,20,20],"floor_reached":29,"playtime":1141,"items_purged":["Strike_R"],"score":368,"play_id":"24509f8b-a679-4dcc-9081-46975e7a17c5","local_time":"20190607081858","is_ascension_mode":true,"campfire_choices":[{"data":"Uppercut","floor":7,"key":"SMITH"},{"data":"Bash","floor":11,"key":"SMITH"},{"floor":15,"key":"REST"},{"floor":23,"key":"REST"},{"floor":25,"key":"REST"},{"data":"Offering","floor":27,"key":"SMITH"}],"neow_cost":"TEN_PERCENT_HP_LOSS","seed_source_timestamp":47355011105655,"circlet_count":0,"master_deck":["AscendersBane","Strike_R","Strike_R","Strike_R+1","Strike_R","Defend_R","Defend_R","Defend_R","Defend_R+1","Bash+1","Havoc+1","Whirlwind","Flame Barrier","Regret","Uppercut+1","Rupture","Sever Soul","Thunderclap","Spot Weakness+1","Pommel Strike","Metallicize","Offering+1","Wild Strike+1","True Grit","Heavy Blade","Shockwave","True Grit"],"relics":["Burning Blood","War Paint","Pear","Strawberry","Ectoplasm","Calipers","Kunai","Dodecahedron"],"potions_floor_usage":[6,16,16,24,24,29],"damage_taken":[{"damage":11,"enemies":"2 Louse","floor":1,"turns":3},{"damage":3,"enemies":"Small Slimes","floor":4,"turns":3},{"damage":6,"enemies":"Jaw Worm","floor":5,"turns":4},{"damage":28,"enemies":"Lagavulin","floor":6,"turns":9},{"damage":18,"enemies":"Large Slime","floor":8,"turns":7},{"damage":6,"enemies":"2 Fungi Beasts","floor":14,"turns":4},{"damage":37,"enemies":"Slime Boss","floor":16,"turns":10},{"damage":7,"enemies":"Chosen","floor":18,"turns":4},{"damage":25,"enemies":"2 Thieves","floor":19,"turns":3},{"damage":16,"enemies":"Snake Plant","floor":21,"turns":2},{"damage":21,"enemies":"Centurion and Healer","floor":22,"turns":3},{"damage":42,"enemies":"Chosen and Byrds","floor":24,"turns":5},{"damage":44,"enemies":"Book of Stabbing","floor":28,"turns":6},{"damage":17,"enemies":"Sentry and Sphere","floor":29,"turns":3}],"seed_played":"-4186038209607686902","potions_obtained":[{"floor":4,"key":"SteroidPotion"},{"floor":5,"key":"EssenceOfSteel"},{"floor":14,"key":"FearPotion"},{"floor":21,"key":"BloodPotion"},{"floor":28,"key":"Fire Potion"}],"is_trial":false,"path_per_floor":["M","$","?","M","M","E","R","M","T","?","R","$","?","M","R","B",null,"M","M","?","M","M","R","M","R","T","R","E","M"],"character_chosen":"IRONCLAD","items_purchased":["Whirlwind","Flame Barrier","Dexterity Potion","Spot Weakness","Pommel Strike"],"campfire_rested":3,"item_purchase_floors":[2,2,2,12,12],"current_hp_per_floor":[67,67,67,70,70,58,58,46,53,53,53,53,35,35,61,30,74,73,54,54,44,29,55,27,53,53,53,15,0],"gold":20,"neow_bonus":"TWO_FIFTY_GOLD","is_prod":false,"is_daily":false,"chose_seed":false,"campfire_upgraded":3,"win_rate":0,"timestamp":1559859538,"path_taken":["M","$","?","M","M","E","R","M","T","?","R","?","?","M","R","BOSS","M","M","?","M","M","R","?","R","T","R","E","M"],"build_version":"2019-01-23","purchased_purges":1,"victory":false,"max_hp_per_floor":[72,72,72,72,72,82,82,82,89,89,89,89,89,89,89,89,89,89,89,89,89,89,89,89,89,89,89,89,89],"card_choices":[{"not_picked":["Iron Wave","Searing Blow"],"picked":"Havoc","floor":1},{"not_picked":["Seeing Red","Second Wind"],"picked":"Uppercut","floor":4},{"not_picked":["Searing Blow","Flex"],"picked":"Rupture","floor":5},{"not_picked":["Sentinel","Bloodletting"],"picked":"Sever Soul","floor":6},{"not_picked":["Clash","Shrug It Off"],"picked":"Thunderclap","floor":8},{"not_picked":["Sever Soul","Dropkick"],"picked":"Metallicize","floor":14},{"not_picked":["Barricade","Fiend Fire"],"picked":"Offering","floor":16},{"not_picked":["Hemokinesis","Cleave"],"picked":"Wild Strike+1","floor":18},{"not_picked":["Sword Boomerang+1","Ghostly Armor"],"picked":"True Grit","floor":19},{"not_picked":["Fire Breathing+1","Pummel","Sword Boomerang"],"picked":"SKIP","floor":21},{"not_picked":["Anger","Warcry"],"picked":"Heavy Blade","floor":22},{"not_picked":["Barricade","Flex"],"picked":"Shockwave","floor":24},{"not_picked":["Twin Strike+1","Cleave"],"picked":"True Grit","floor":28}],"player_experience":825220,"relics_obtained":[{"floor":6,"key":"Pear"},{"floor":9,"key":"Strawberry"},{"floor":26,"key":"Kunai"},{"floor":28,"key":"Dodecahedron"}],"event_choices":[{"damage_healed":0,"gold_gain":0,"player_choice":"Box","damage_taken":0,"relics_obtained":["War Paint"],"max_hp_gain":0,"max_hp_loss":0,"event_name":"Big Fish","floor":3,"gold_loss":0,"cards_obtained":["Regret"]},{"damage_healed":0,"gold_gain":0,"player_choice":"Left Gold","damage_taken":0,"max_hp_gain":0,"max_hp_loss":0,"event_name":"World of Goop","floor":10,"gold_loss":31},{"damage_healed":0,"gold_gain":0,"player_choice":"Entered Light","damage_taken":18,"max_hp_gain":0,"max_hp_loss":0,"event_name":"Shining Light","floor":13,"gold_loss":0,"cards_upgraded":["Strike_R","Spot Weakness"]},{"damage_healed":0,"gold_gain":0,"player_choice":"Paid Gold","damage_taken":0,"relics_obtained":["Calipers"],"max_hp_gain":0,"max_hp_loss":0,"event_name":"WeMeetAgain","floor":20,"gold_loss":59}],"is_beta":false,"boss_relics":[{"not_picked":["Fusion Hammer","Coffee Dripper"],"picked":"Ectoplasm"}],"items_purged_floors":[2],"is_endless":false,"potions_floor_spawned":[4,5,14,21,28],"killed_by":"Sentry and Sphere","ascension_level":10}