{"gold_per_floor":[119,119,129,139,214,549,549,564,639,655,655,655,669,29,29,133,133,148,63,162,162,38,38,69,83,108,108,125,125,141,141,141,141],"floor_reached":33,"playtime":988,"items_purged":["Strike_G"],"score":371,"play_id":"c77f315e-660d-4ec9-9ce7-4cc7aee2dd60","local_time":"20190601224144","is_ascension_mode":true,"campfire_choices":[{"floor":7.0,"key":"REST"},{"floor":12.0,"key":"REST"},{"floor":15.0,"key":"REST"},{"data":"1","floor":23.0,"key":"LIFT"},{"floor":27,"key":"REST"},{"floor":32,"key":"REST"}],"neow_cost":"NONE","seed_source_timestamp":0,"circlet_count":0,"master_deck":["Defend_G","Defend_G","Defend_G","Defend_G+1","Defend_G","Strike_G","Survivor","Neutralize","All Out Attack","Dagger Spray","Blade Dance","Catalyst+1","Caltrops","Sucker Punch","Escape Plan","Cloak And Dagger","Poisoned Stab","Accuracy","A Thousand Cuts","Blade Dance","Choke","Predator","Blade Dance+1","Dagger Spray","PiercingWail","Prepared"],"special_seed":0,"relics":["Ring of the Snake","Omamori","Old Coin","Kunai","Girya","Pen Nib","WristBlade","Oddly Smooth Stone","Snake Skull","Centennial Puzzle","Shovel"],"potions_floor_usage":[24,24,30],"damage_taken":[{"damage":6.0,"enemies":"Jaw Worm","floor":1.0,"turns":6.0},{"damage":1.0,"enemies":"Cultist","floor":3.0,"turns":4.0},{"damage":0.0,"enemies":"2 Louse","floor":4.0,"turns":3.0},{"damage":25.0,"enemies":"Lagavulin","floor":6.0,"turns":8.0},{"damage":1.0,"enemies":"Large Slime","floor":8.0,"turns":5.0},{"damage":8.0,"enemies":"Blue Slaver","floor":10.0,"turns":5.0},{"damage":16.0,"enemies":"2 Fungi Beasts","floor":13.0,"turns":3.0},{"damage":11.0,"enemies":"The Guardian","floor":16.0,"turns":15.0},{"damage":0.0,"enemies":"Shell Parasite","floor":18.0,"turns":5.0},{"damage":37,"enemies":"Slavers","floor":24,"turns":4},{"damage":2,"enemies":"Chosen","floor":25,"turns":3},{"damage":13,"enemies":"Snake Plant","floor":28,"turns":4},{"damage":3,"enemies":"3 Cultists","floor":30,"turns":4},{"damage":61,"enemies":"Champ","floor":33,"turns":9}],"seed_played":"5389703432564034891","potions_obtained":[{"floor":3.0,"key":"Ancient Potion"},{"floor":4.0,"key":"Poison Potion"},{"floor":6.0,"key":"GhostInAJar"},{"floor":16.0,"key":"Ancient Potion"},{"floor":28,"key":"GhostInAJar"}],"is_trial":false,"path_per_floor":["M","?","M","M","?","E","R","M","T","M","?","R","M","$","R","B",null,"M","?","?","?","$","R","E","M","T","R","M","?","M","T","R","B"],"character_chosen":"THE_SILENT","items_purchased":["Girya","Cloak And Dagger","Poisoned Stab","Pen Nib","Block Potion","Accuracy","AttackPotion"],"campfire_rested":5,"item_purchase_floors":[14,14,14,14,14,14,22],"current_hp_per_floor":[57,57,56,56,45,20,41,40,40,32,18,39,23,23,44,33,61,61,61,61,61,61,61,24,22,22,43,30,30,27,27,48,0],"gold":141,"neow_bonus":"RANDOM_COMMON_RELIC","is_prod":false,"is_daily":false,"chose_seed":false,"campfire_upgraded":0,"win_rate":0,"timestamp":1559392904,"path_taken":["M","?","M","?","?","E","R","M","T","M","?","R","M","?","R","BOSS","M","?","?","?","$","R","E","M","T","R","M","?","M","?","R","BOSS"],"build_version":"2019-01-23","purchased_purges":1,"victory":false,"max_hp_per_floor":[70,70,70,70,70,70,70,70,70,70,70,70,70,70,70,70,70,70,70,70,70,70,70,70,70,70,70,70,70,70,70,70,70],"card_choices":[{"not_picked":["Deadly Poison","Dodge and Roll"],"picked":"All Out Attack","floor":1.0},{"not_picked":["Dagger Throw","Endless Agony"],"picked":"Dagger Spray","floor":3.0},{"not_picked":["Terror","Endless Agony"],"picked":"Blade Dance","floor":4.0},{"not_picked":["Outmaneuver","Doppelganger"],"picked":"Catalyst","floor":6.0},{"not_picked":["Prepared","Setup"],"picked":"Caltrops","floor":8.0},{"not_picked":["Dagger Spray","Underhanded Strike"],"picked":"Sucker Punch","floor":10.0},{"not_picked":["Calculated Gamble","All Out Attack"],"picked":"Escape Plan","floor":13.0},{"not_picked":["Burst","Tools of the Trade"],"picked":"A Thousand Cuts","floor":16.0},{"not_picked":["Prepared","Slice"],"picked":"Blade Dance","floor":18.0},{"not_picked":["Endless Agony","Caltrops+1"],"picked":"Blade Dance+1","floor":24},{"not_picked":["Expertise","Skewer"],"picked":"Dagger Spray","floor":25},{"not_picked":["Riddle With Holes","Underhanded Strike"],"picked":"PiercingWail","floor":28},{"not_picked":["Sucker Punch","Underhanded Strike+1"],"picked":"Prepared","floor":30}],"player_experience":782242,"relics_obtained":[{"floor":6.0,"key":"Old Coin"},{"floor":9.0,"key":"Kunai"},{"floor":24,"key":"Snake Skull"},{"floor":26,"key":"Centennial Puzzle"},{"floor":31,"key":"Shovel"}],"event_choices":[{"cards_removed":["Strike_G"],"damage_healed":0.0,"max_hp_gain":0.0,"max_hp_loss":0.0,"gold_gain":0.0,"event_name":"Purifier","player_choice":"Purged","floor":2.0,"gold_loss":0.0,"damage_taken":0.0},{"damage_healed":0.0,"max_hp_gain":0.0,"max_hp_loss":0.0,"gold_gain":75.0,"event_name":"World of Goop","player_choice":"Gather Gold","floor":5.0,"gold_loss":0.0,"damage_taken":11.0},{"damage_healed":0.0,"max_hp_gain":0.0,"max_hp_loss":0.0,"gold_gain":0.0,"event_name":"Shining Light","player_choice":"Entered Light","floor":11.0,"gold_loss":0.0,"damage_taken":14.0,"cards_upgraded":["Defend_G","Catalyst"]},{"damage_healed":0.0,"max_hp_gain":0.0,"max_hp_loss":0.0,"gold_gain":0.0,"event_name":"Addict","player_choice":"Obtained Relic","floor":19.0,"gold_loss":85.0,"damage_taken":0.0,"relics_obtained":["Oddly Smooth Stone"]},{"damage_healed":0.0,"max_hp_gain":0.0,"max_hp_loss":0.0,"gold_gain":99.0,"event_name":"Nest","player_choice":"Stole From Cult","floor":20.0,"gold_loss":0.0,"damage_taken":0.0},{"damage_healed":0.0,"max_hp_gain":0.0,"max_hp_loss":0.0,"gold_gain":0.0,"cards_transformed":["Strike_G","Strike_G"],"event_name":"Drug Dealer","player_choice":"Became Test Subject","floor":21.0,"gold_loss":0.0,"damage_taken":0.0,"cards_obtained":["Choke","Predator"]},{"damage_healed":0,"gold_gain":0,"player_choice":"Ignored","damage_taken":0,"max_hp_gain":0,"max_hp_loss":0,"event_name":"Ghosts","floor":29,"gold_loss":0}],"is_beta":false,"boss_relics":[{"not_picked":["Empty Cage","White Beast Statue"],"picked":"WristBlade"}],"items_purged_floors":[22],"is_endless":false,"potions_floor_spawned":[3,4,6,16,28],"killed_by":"Champ","ascension_level":8}