{"gold_per_floor":[115,40,40,40,40,374,374,438,438,510,531,531,545,558,558,558],"floor_reached":16,"playtime":825,"items_purged":["Strike_B"],"score":261,"play_id":"38f8620e-b233-44a3-a86c-83d3a82424e7","local_time":"20190714144135","is_ascension_mode":true,"campfire_choices":[{"data":"Gash","floor":15,"key":"SMITH"}],"neow_cost":"NONE","seed_source_timestamp":170534796909948,"circlet_count":0,"master_deck":["AscendersBane","Strike_B","Strike_B","Defend_B","Defend_B","Defend_B","Zap+1","Dualcast+1","Self Repair","Chill","Gash+1"],"relics":["Cracked Core","NeowsBlessing","Golden Idol","Old Coin","Tiny Chest","Toxic Egg 2","Pantograph"],"potions_floor_usage":[14],"damage_taken":[{"damage":0,"enemies":"Small Slimes","floor":1,"turns":1},{"damage":0,"enemies":"Lagavulin","floor":6,"turns":1},{"damage":0,"enemies":"3 Sentries","floor":8,"turns":2},{"damage":7,"enemies":"Jaw Worm","floor":11,"turns":5},{"damage":0,"enemies":"2 Louse","floor":13,"turns":2},{"damage":12,"enemies":"Gremlin Gang","floor":14,"turns":6},{"damage":75,"enemies":"Hexaghost","floor":16,"turns":10}],"seed_played":"1760968826510897904","potions_obtained":[{"floor":8,"key":"LiquidBronze"},{"floor":13,"key":"EssenceOfSteel"},{"floor":14,"key":"FearPotion"}],"is_trial":false,"path_per_floor":["M","$","?","?","?","E","?","E","T","T","M","?","M","M","R","B"],"character_chosen":"DEFECT","items_purchased":[],"campfire_rested":0,"item_purchase_floors":[],"current_hp_per_floor":[68,68,68,68,61,61,61,68,68,68,68,54,54,49,49,0],"gold":558,"neow_bonus":"THREE_ENEMY_KILL","is_prod":false,"is_daily":false,"chose_seed":false,"campfire_upgraded":1,"win_rate":0,"timestamp":1563133295,"path_taken":["M","$","?","?","?","E","?","E","T","?","?","?","M","M","R","BOSS"],"build_version":"2019-07-05","purchased_purges":1,"victory":false,"max_hp_per_floor":[75,75,75,69,69,69,69,69,69,69,69,69,69,69,69,69],"card_choices":[{"not_picked":["Compile Driver","Recycle","Stack"],"picked":"SKIP","floor":1},{"not_picked":["Compile Driver","Streamline"],"picked":"Self Repair","floor":6},{"not_picked":["Undo","White Noise"],"picked":"Chill","floor":8},{"not_picked":["Conserve Battery+1","Tempest+1"],"picked":"Gash","floor":11},{"not_picked":["Doom and Gloom","Sweeping Beam","Cold Snap"],"picked":"SKIP","floor":13},{"not_picked":["Genetic Algorithm+1","Beam Cell","Rebound"],"picked":"SKIP","floor":14}],"player_experience":576423,"relics_obtained":[{"floor":6,"key":"Old Coin"},{"floor":8,"key":"Tiny Chest"},{"floor":9,"key":"Toxic Egg 2"},{"floor":10,"key":"Pantograph"}],"event_choices":[{"cards_removed":["Strike_B"],"damage_healed":0,"gold_gain":0,"player_choice":"Forget","damage_taken":0,"max_hp_gain":0,"max_hp_loss":0,"event_name":"Living Wall","floor":3,"gold_loss":0},{"damage_healed":0,"gold_gain":0,"player_choice":"Lose Max HP","damage_taken":0,"relics_obtained":["Golden Idol"],"max_hp_gain":0,"max_hp_loss":6,"event_name":"Golden Idol","floor":4,"gold_loss":0},{"cards_removed":["Defend_B"],"damage_healed":0,"gold_gain":0,"player_choice":"Card Removal","damage_taken":7,"max_hp_gain":0,"max_hp_loss":0,"event_name":"Golden Wing","floor":5,"gold_loss":0},{"damage_healed":0,"gold_gain":0,"player_choice":"Ignored","damage_taken":0,"max_hp_gain":0,"max_hp_loss":0,"event_name":"Liars Game","floor":7,"gold_loss":0},{"damage_healed":0,"gold_gain":0,"player_choice":"Entered Light","damage_taken":14,"max_hp_gain":0,"max_hp_loss":0,"event_name":"Shining Light","floor":12,"gold_loss":0,"cards_upgraded":["Zap","Dualcast"]}],"is_beta":false,"boss_relics":[],"items_purged_floors":[2],"is_endless":false,"potions_floor_spawned":[8,13,14],"killed_by":"Hexaghost","ascension_level":13}