{"gold_per_floor":[111,129,129,141,159,159,170,120,120,120,22,38,38,113,113,113],"floor_reached":16,"playtime":1185,"items_purged":["Defend_R"],"score":92,"play_id":"ec7468d4-534d-439d-9da1-7d8e432eda8b","local_time":"20190708141733","is_ascension_mode":false,"campfire_choices":[{"data":"Sever Soul","floor":6,"key":"SMITH"},{"data":"Inflame","floor":10,"key":"SMITH"},{"data":"Hemokinesis","floor":13,"key":"SMITH"},{"data":"Armaments","floor":15,"key":"SMITH"}],"neow_cost":"NONE","seed_source_timestamp":12900280103427,"circlet_count":0,"master_deck":["Strike_R","Strike_R","Strike_R","Strike_R","Strike_R","Defend_R","Defend_R","Bash","Hemokinesis+1","Thunderclap","Sever Soul+1","Inflame+1","Armaments+1","Shockwave"],"relics":["Burning Blood","Darkstone Periapt"],"potions_floor_usage":[16],"damage_taken":[{"damage":7,"enemies":"2 Louse","floor":1,"turns":2},{"damage":4,"enemies":"Cultist","floor":2,"turns":3},{"damage":14,"enemies":"Jaw Worm","floor":4,"turns":2},{"damage":16,"enemies":"2 Fungi Beasts","floor":5,"turns":3},{"damage":12,"enemies":"Blue Slaver","floor":7,"turns":2},{"damage":14,"enemies":"Gremlin Gang","floor":12,"turns":4},{"damage":47,"enemies":"Slime Boss","floor":16,"turns":9}],"seed_played":"-1688258774992403029","potions_obtained":[{"floor":1,"key":"Swift Potion"}],"is_trial":false,"path_per_floor":["M","M","?","M","M","R","M","?","T","R","$","M","R","?","R","B"],"character_chosen":"IRONCLAD","items_purchased":["Armaments"],"campfire_rested":0,"item_purchase_floors":[11],"current_hp_per_floor":[87,88,88,80,70,70,64,64,64,64,64,56,56,45,45,0],"gold":113,"neow_bonus":"TEN_PERCENT_HP_BONUS","is_prod":false,"is_daily":false,"chose_seed":false,"campfire_upgraded":4,"win_rate":0.0,"timestamp":1562588253,"path_taken":["M","M","?","M","M","R","?","?","T","R","?","M","R","?","R","BOSS"],"build_version":"2019-07-05","purchased_purges":1,"victory":false,"max_hp_per_floor":[88,88,88,88,88,88,88,88,88,88,88,88,88,88,88,88],"card_choices":[{"not_picked":["Thunderclap","Clothesline"],"picked":"Hemokinesis","floor":1},{"not_picked":["Clothesline","Heavy Blade"],"picked":"Shockwave","floor":2},{"not_picked":["Iron Wave","Warcry"],"picked":"Thunderclap","floor":4},{"not_picked":["Rampage","Rupture"],"picked":"Sever Soul","floor":5},{"not_picked":["Body Slam","Anger"],"picked":"Inflame","floor":7},{"not_picked":["Armaments","Cleave"],"picked":"Shockwave","floor":12}],"player_experience":8369,"relics_obtained":[{"floor":9,"key":"Darkstone Periapt"}],"event_choices":[{"cards_removed":["Shockwave"],"damage_healed":0,"gold_gain":0,"player_choice":"Offered Uncommon","damage_taken":0,"max_hp_gain":0,"max_hp_loss":0,"event_name":"Bonfire Elementals","floor":3,"gold_loss":0},{"cards_removed":["Defend_R"],"damage_healed":0,"gold_gain":0,"player_choice":"Card Removal","damage_taken":0,"max_hp_gain":0,"max_hp_loss":0,"event_name":"The Cleric","floor":8,"gold_loss":50},{"damage_healed":0,"gold_gain":75,"player_choice":"Gather Gold","damage_taken":11,"max_hp_gain":0,"max_hp_loss":0,"event_name":"World of Goop","floor":14,"gold_loss":0}],"is_beta":false,"boss_relics":[],"items_purged_floors":[11],"is_endless":false,"potions_floor_spawned":[1],"killed_by":"Slime Boss","ascension_level":0}