{"gold_per_floor":[114,114,4,19,29,63,74,100,100,25,25],"floor_reached":11,"playtime":252,"items_purged":["Strike_B"],"score":91,"play_id":"45046b0a-ed89-4975-a478-8c893bcff634","local_time":"20190115174135","is_ascension_mode":true,"campfire_choices":[],"neow_cost":"NONE","seed_source_timestamp":531598983896600,"circlet_count":0,"master_deck":["Strike_B","Strike_B","Strike_B","Defend_B","Defend_B","Defend_B","Defend_B","Zap","Dualcast"],"relics":["Cracked Core","Cables","Bottled Lightning","Calipers","Ornamental Fan"],"potions_floor_usage":[6,8],"damage_taken":[{"damage":1,"enemies":"Cultist","floor":1,"turns":3},{"damage":7,"enemies":"Jaw Worm","floor":4,"turns":3},{"damage":7,"enemies":"2 Louse","floor":5,"turns":2},{"damage":17,"enemies":"Lagavulin","floor":6,"turns":6},{"damage":18,"enemies":"Large Slime","floor":7,"turns":4},{"damage":15,"enemies":"Gremlin Nob","floor":8,"turns":4},{"damage":22,"enemies":"3 Sentries","floor":11,"turns":2}],"seed_played":"3975269022306950102","potions_obtained":[{"floor":4,"key":"AttackPotion"},{"floor":5,"key":"Energy Potion"}],"is_trial":false,"path_per_floor":["M","?","?","M","M","E","M","E","T","$","E"],"character_chosen":"DEFECT","items_purchased":[],"campfire_rested":0,"item_purchase_floors":[],"current_hp_per_floor":[81,86,86,79,72,55,37,22,22,22,0],"gold":25,"neow_bonus":"TEN_PERCENT_HP_BONUS","is_prod":false,"is_daily":false,"chose_seed":false,"campfire_upgraded":0,"win_rate":0,"timestamp":1547592095,"path_taken":["M","?","?","?","?","E","M","E","T","$","E"],"build_version":"2019-01-10","purchased_purges":1,"victory":false,"max_hp_per_floor":[82,87,87,87,87,87,87,87,87,87,87],"card_choices":[{"not_picked":["Cold Snap","Turbo","Go for the Eyes"],"picked":"SKIP","floor":1},{"not_picked":["Coolheaded","Glacier","BootSequence"],"picked":"SKIP","floor":4},{"not_picked":["Streamline","Reprogram","Chaos"],"picked":"SKIP","floor":5},{"not_picked":["FTL","Steam","Sweeping Beam"],"picked":"SKIP","floor":6},{"not_picked":["Recycle","Auto Shields","Steam Power"],"picked":"SKIP","floor":7},{"not_picked":["Storm","Ball Lightning","Recycle"],"picked":"SKIP","floor":8}],"player_experience":78255,"relics_obtained":[{"floor":6,"key":"Bottled Lightning"},{"floor":8,"key":"Calipers"},{"floor":9,"key":"Ornamental Fan"}],"event_choices":[{"damage_healed":0,"gold_gain":0,"player_choice":"Donut","damage_taken":0,"max_hp_gain":5,"max_hp_loss":0,"event_name":"Big Fish","floor":2,"gold_loss":0},{"damage_healed":0,"gold_gain":0,"player_choice":"Paid Gold","damage_taken":0,"relics_obtained":["Cables"],"max_hp_gain":0,"max_hp_loss":0,"event_name":"WeMeetAgain","floor":3,"gold_loss":110}],"is_beta":false,"boss_relics":[],"items_purged_floors":[10],"is_endless":false,"potions_floor_spawned":[4,5],"killed_by":"3 Sentries","ascension_level":2}