{"gold_per_floor":[119,294,308,308,323,353,353,379,434,434,465,511,96,110,110,207,207,224,224,224,241,255,255,270,287,287,287,299,299,334,348,348,451,451,465,25,25,40,40,40,40,69,69,69,89,105,105,124,124,124],"floor_reached":51,"playtime":3215,"items_purged":["Normality"],"score":880,"play_id":"37eb7780-52d9-4681-b6cd-1800e31cc00c","local_time":"20190502125025","is_ascension_mode":true,"campfire_choices":[{"data":"Envenom","floor":7,"key":"SMITH"},{"floor":10,"key":"REST"},{"floor":15,"key":"REST"},{"floor":23,"key":"REST"},{"data":"Adrenaline","floor":27,"key":"SMITH"},{"data":"Neutralize","floor":29,"key":"SMITH"},{"floor":32,"key":"REST"},{"data":"After Image","floor":40,"key":"SMITH"},{"data":"Cloak And Dagger","floor":44,"key":"SMITH"},{"data":"Night Terror","floor":47,"key":"SMITH"},{"data":"Cloak And Dagger","floor":49,"key":"SMITH"}],"neow_cost":"NONE","seed_source_timestamp":2994702288223,"circlet_count":0,"master_deck":["Defend_G","Defend_G","Defend_G","Defend_G","Defend_G","Strike_G","Strike_G","Strike_G","Strike_G","Strike_G","Survivor","Neutralize+1","Envenom+1","Underhanded Strike","Doubt","Cloak And Dagger+1","Predator","Cloak And Dagger+1","Backstab","Sucker Punch","Adrenaline+1","Leg Sweep","Night Terror+1","Dagger Spray","Neutralize","Blade Dance","Poisoned Stab","Quick Slash","Bane+1","Escape Plan","Poisoned Stab","After Image+1","Dash+1","Venomology","Accuracy+1","Caltrops","Acrobatics","Impatience","Discovery","Terror","Calculated Gamble+1","Writhe","Dagger Spray+1","Sucker Punch+1","Bane+1"],"relics":["Ring of the Snake","Kunai","Vajra","Art of War","Tingsha","Orichalcum","Paper Crane","Cursed Key","Bottled Tornado","Meat on the Bone","Busted Crown","Bottled Lightning","Pantograph","Mercury Hourglass"],"potions_floor_usage":[6,18,24,24,30,30,33,35,45,45,48,48,50,50,50],"damage_taken":[{"damage":5,"enemies":"2 Louse","floor":1,"turns":4},{"damage":22,"enemies":"Jaw Worm","floor":3,"turns":10},{"damage":3,"enemies":"Small Slimes","floor":5,"turns":6},{"damage":12,"enemies":"Lagavulin","floor":6,"turns":6},{"damage":23,"enemies":"Gremlin Nob","floor":8,"turns":5},{"damage":10,"enemies":"3 Sentries","floor":11,"turns":8},{"damage":0,"enemies":"Looter","floor":14,"turns":2},{"damage":11,"enemies":"The Guardian","floor":16,"turns":13},{"damage":5,"enemies":"2 Thieves","floor":18,"turns":4},{"damage":0,"enemies":"3 Byrds","floor":21,"turns":5},{"damage":7,"enemies":"Cultist and Chosen","floor":22,"turns":6},{"damage":19,"enemies":"Centurion and Healer","floor":24,"turns":7},{"damage":0,"enemies":"Chosen and Byrds","floor":25,"turns":4},{"damage":3,"enemies":"Snake Plant","floor":28,"turns":3},{"damage":9,"enemies":"Slavers","floor":30,"turns":5},{"damage":15,"enemies":"Snecko","floor":31,"turns":6},{"damage":3,"enemies":"Automaton","floor":33,"turns":13},{"damage":11,"enemies":"3 Shapes","floor":35,"turns":3},{"damage":0,"enemies":"Orb Walker","floor":38,"turns":2},{"damage":7,"enemies":"Giant Head","floor":42,"turns":8},{"damage":2,"enemies":"Sphere and 2 Shapes","floor":45,"turns":5},{"damage":3,"enemies":"Maw","floor":46,"turns":5},{"damage":1,"enemies":"Transient","floor":48,"turns":5},{"damage":32,"enemies":"Awakened One","floor":50,"turns":13}],"seed_played":"4287058426970140612","potions_obtained":[{"floor":1,"key":"FearPotion"},{"floor":5,"key":"EntropicBrew"},{"floor":11,"key":"SmokeBomb"},{"floor":14,"key":"GamblersBrew"},{"floor":25,"key":"Weak Potion"},{"floor":30,"key":"Dexterity Potion"},{"floor":31,"key":"GamblersBrew"},{"floor":45,"key":"EssenceOfSteel"}],"is_trial":false,"path_per_floor":["M","?","M","?","M","E","R","E","T","R","E","T","$","M","R","B",null,"M","?","?","M","M","R","M","M","T","R","M","R","E","M","R","B",null,"M","$","?","M","$","R","$","E","T","R","M","M","R","M","R","B",null],"character_chosen":"THE_SILENT","items_purchased":["Paper Crane","Adrenaline","Bottled Lightning","Caltrops","Acrobatics"],"campfire_rested":4,"item_purchase_floors":[13,13,36,36,36],"current_hp_per_floor":[65,65,43,66,63,51,51,28,28,49,39,39,39,39,60,49,70,65,52,52,52,45,67,48,48,48,48,45,45,36,33,55,52,75,64,64,59,59,59,59,59,52,52,52,59,56,56,55,55,43],"gold":124,"neow_bonus":"ONE_RANDOM_RARE_CARD","is_prod":false,"is_daily":false,"chose_seed":false,"campfire_upgraded":7,"win_rate":0,"timestamp":1556765425,"path_taken":["M","?","M","?","M","E","R","E","T","R","E","?","$","M","R","BOSS","M","?","?","M","M","R","?","M","T","R","M","R","E","?","R","BOSS","M","$","?","M","$","R","?","E","T","R","M","M","R","M","R","BOSS"],"build_version":"2019-01-23","purchased_purges":1,"victory":true,"max_hp_per_floor":[70,70,70,70,70,70,70,70,70,70,70,70,70,70,70,70,70,70,75,75,75,75,75,75,75,75,75,75,75,75,75,75,75,75,75,75,75,75,75,75,75,75,75,75,75,75,75,75,75,75],"card_choices":[{"not_picked":["Expertise","Backflip"],"picked":"Underhanded Strike","floor":1},{"not_picked":["Deadly Poison","Footwork"],"picked":"Cloak And Dagger","floor":3},{"not_picked":["Dagger Throw","Backflip"],"picked":"Predator","floor":5},{"not_picked":["Riddle With Holes","Dodge and Roll"],"picked":"Cloak And Dagger","floor":6},{"not_picked":["All Out Attack","Expertise"],"picked":"Backstab","floor":8},{"not_picked":["Prepared","Underhanded Strike"],"picked":"Sucker Punch","floor":11},{"not_picked":["Cloak And Dagger","Choke"],"picked":"Leg Sweep","floor":14},{"not_picked":["Phantasmal Killer","Grand Finale"],"picked":"Night Terror","floor":16},{"not_picked":["Cloak And Dagger","Catalyst"],"picked":"Dagger Spray","floor":18},{"not_picked":["Prepared","Bouncing Flask"],"picked":"Poisoned Stab","floor":21},{"not_picked":["Expertise","Blade Dance"],"picked":"Quick Slash","floor":22},{"not_picked":["Leg Sweep","All Out Attack"],"picked":"Bane+1","floor":24},{"not_picked":["Concentrate","Deadly Poison"],"picked":"Escape Plan","floor":25},{"not_picked":["Quick Slash","Sucker Punch"],"picked":"Poisoned Stab","floor":28},{"not_picked":["Unload","Backflip"],"picked":"After Image","floor":30},{"not_picked":["Concentrate","Calculated Gamble"],"picked":"Dash+1","floor":31},{"not_picked":["Storm of Steel","Malaise"],"picked":"Venomology","floor":33},{"not_picked":[],"picked":"Accuracy+1","floor":35},{"not_picked":[],"picked":"Impatience","floor":37},{"not_picked":[],"picked":"Discovery","floor":37},{"not_picked":[],"picked":"Terror","floor":38},{"not_picked":[],"picked":"Calculated Gamble+1","floor":42},{"not_picked":[],"picked":"Dagger Spray+1","floor":45},{"not_picked":[],"picked":"Sucker Punch+1","floor":46},{"not_picked":[],"picked":"Bane+1","floor":48}],"player_experience":570144,"relics_obtained":[{"floor":6,"key":"Kunai"},{"floor":8,"key":"Vajra"},{"floor":9,"key":"Art of War"},{"floor":11,"key":"Tingsha"},{"floor":12,"key":"Orichalcum"},{"floor":26,"key":"Bottled Tornado"},{"floor":30,"key":"Meat on the Bone"},{"floor":42,"key":"Pantograph"},{"floor":43,"key":"Mercury Hourglass"}],"event_choices":[{"damage_healed":0,"gold_gain":175,"player_choice":"AGREE","damage_taken":0,"max_hp_gain":0,"max_hp_loss":0,"event_name":"Liars Game","floor":2,"gold_loss":0,"cards_obtained":["Doubt"]},{"damage_healed":23,"gold_gain":0,"player_choice":"Banana","damage_taken":0,"max_hp_gain":0,"max_hp_loss":0,"event_name":"Big Fish","floor":4,"gold_loss":0},{"damage_healed":0,"gold_gain":0,"player_choice":"Shed Blood","damage_taken":18,"max_hp_gain":5,"max_hp_loss":0,"event_name":"Forgotten Altar","floor":19,"gold_loss":0},{"damage_healed":0,"gold_gain":0,"player_choice":"2 cards matched","damage_taken":0,"max_hp_gain":0,"max_hp_loss":0,"event_name":"Match and Keep!","floor":20,"gold_loss":0,"cards_obtained":["Neutralize","Blade Dance"]},{"damage_healed":0,"gold_gain":0,"player_choice":"Memory 2","damage_taken":5,"max_hp_gain":0,"max_hp_loss":0,"event_name":"SensoryStone","floor":37,"gold_loss":0}],"is_beta":false,"boss_relics":[{"not_picked":["Eternal Feather","Calling Bell"],"picked":"Cursed Key"},{"not_picked":["Sozu","Coffee Dripper"],"picked":"Busted Crown"}],"items_purged_floors":[36],"is_endless":false,"potions_floor_spawned":[1,5,11,14,25,28,30,31,45,46],"ascension_level":4}