{"gold_per_floor":[112,123,34,34,34,63,80,1,1,1,1,1,27,44,44,117,117,127,144,155,168,168,195,195,211,238,238,267,267,33,58,58,135,135,145,145,145,43,53,53,80,80,104,138,63,79,79],"floor_reached":47,"playtime":45225,"items_purged":[],"score":1208,"play_id":"5d9d8e4b-df18-4bda-b737-17f6f94c2783","local_time":"20190701105244","is_ascension_mode":true,"campfire_choices":[{"floor":10.0,"key":"REST"},{"data":"A Thousand Cuts","floor":12.0,"key":"SMITH"},{"floor":15.0,"key":"REST"},{"data":"Burst","floor":24.0,"key":"SMITH"},{"floor":27.0,"key":"REST"},{"data":"Well Laid Plans","floor":29.0,"key":"SMITH"},{"data":"Footwork","floor":32.0,"key":"SMITH"},{"floor":40.0,"key":"RECALL"},{"data":"Cloak And Dagger","floor":42.0,"key":"SMITH"}],"neow_cost":"NONE","seed_source_timestamp":0,"circlet_count":0,"master_deck":["AscendersBane","Defend_G","Defend_G","Defend_G","Defend_G","Survivor","Leg Sweep","Footwork+1","Footwork+1","Heel Hook","Blur","Corpse Explosion","A Thousand Cuts+1","Neutralize+1","Unload+1","Burst+1","Expertise+1","Underhanded Strike+1","Dodge and Roll","Underhanded Strike+1","Bite+1","Bite+1","Bite+1","Bite+1","Bite+1","Bullet Time","Infinite Blades","Well Laid Plans+1","Mayhem","Acrobatics","Choke+1","Night Terror","Dodge and Roll+1","Crippling Poison","Cloak And Dagger+1","Backflip","Eviscerate+1","Night Terror"],"special_seed":0,"relics":["Sozu","Bottled Lightning","Molten Egg 2","Gremlin Horn","Snecko Eye","Ninja Scroll","Bag of Marbles","Orichalcum","Red Mask","Eternal Feather","Pocketwatch","Art of War"],"potions_floor_usage":[],"damage_taken":[{"damage":0.0,"enemies":"Jaw Worm","floor":1.0,"turns":4.0},{"damage":1.0,"enemies":"Cultist","floor":2.0,"turns":4.0},{"damage":54.0,"enemies":"Gremlin Nob","floor":6.0,"turns":9.0},{"damage":1.0,"enemies":"Small Slimes","floor":7.0,"turns":4.0},{"damage":15.0,"enemies":"Lagavulin","floor":13.0,"turns":7.0},{"damage":0.0,"enemies":"Exordium Wildlife","floor":14.0,"turns":3.0},{"damage":0.0,"enemies":"Slime Boss","floor":16.0,"turns":7.0},{"damage":0.0,"enemies":"3 Byrds","floor":18.0,"turns":3.0},{"damage":7.0,"enemies":"Spheric Guardian","floor":19.0,"turns":10.0},{"damage":10.0,"enemies":"Centurion and Healer","floor":20.0,"turns":4.0},{"damage":9.0,"enemies":"Snake Plant","floor":21.0,"turns":5.0},{"damage":32.0,"enemies":"Gremlin Leader","floor":23.0,"turns":12.0},{"damage":0.0,"enemies":"3 Cultists","floor":25.0,"turns":2.0},{"damage":28.0,"enemies":"Book of Stabbing","floor":28.0,"turns":6.0},{"damage":0.0,"enemies":"Masked Bandits","floor":31.0,"turns":1.0},{"damage":25.0,"enemies":"Collector","floor":33.0,"turns":7.0},{"damage":11.0,"enemies":"Orb Walker","floor":35.0,"turns":6.0},{"damage":0.0,"enemies":"3 Shapes","floor":39.0,"turns":1.0},{"damage":10.0,"enemies":"Giant Head","floor":41.0,"turns":11.0},{"damage":7.0,"enemies":"Reptomancer","floor":44.0,"turns":7.0},{"damage":40,"enemies":"Transient","floor":46,"turns":6},{"damage":22,"enemies":"Jaw Worm Horde","floor":47,"turns":1}],"seed_played":"908556972218985","potions_obtained":[],"is_trial":false,"path_per_floor":["M","M","$","?","?","E","M","$","T","R","?","R","E","M","R","B",null,"M","M","M","M","?","E","R","M","T","R","E","R","$","?","R","B",null,"M","?","?","$","M","R","E","R","T","E","$","M","M"],"character_chosen":"THE_SILENT","items_purchased":["Footwork","Corpse Explosion","Mayhem","Acrobatics","Crippling Poison","Cloak And Dagger","Eviscerate+1"],"campfire_rested":3,"item_purchase_floors":[3,8,30,30,38,38,45],"current_hp_per_floor":[59,58,58,58,58,4,3,3,3,22,22,22,7,7,26,26,56,56,49,39,30,30,26,26,26,26,39,29,29,29,32,32,34,43,44,44,44,44,44,44,40,44,44,44,44,19,0],"gold":79,"neow_bonus":"BOSS_RELIC","is_prod":false,"is_daily":false,"chose_seed":false,"campfire_upgraded":5,"win_rate":0,"timestamp":1561992764,"path_taken":["M","M","$","?","?","E","?","?","T","R","?","R","E","M","R","BOSS","M","M","M","?","?","E","R","M","T","R","E","R","$","?","R","BOSS","M","?","?","$","M","R","E","R","T","E","$","M","?"],"build_version":"2019-06-30","purchased_purges":0,"victory":false,"max_hp_per_floor":[66,66,66,66,66,66,66,66,66,66,66,66,66,66,66,66,66,66,66,66,66,46,46,46,46,46,46,46,46,46,46,46,46,46,46,44,44,44,44,44,44,44,44,44,44,44,44],"card_choices":[{"not_picked":["Prepared","Bane"],"picked":"Leg Sweep","floor":1.0},{"not_picked":["Sucker Punch","Slice"],"picked":"Footwork","floor":2.0},{"not_picked":["Dagger Throw","Eviscerate"],"picked":"Heel Hook","floor":6.0},{"not_picked":["Slice","Accuracy"],"picked":"Blur","floor":7.0},{"not_picked":["Dagger Spray+1","Blade Dance"],"picked":"Unload+1","floor":13.0},{"not_picked":["Outmaneuver","Tactician","Prepared"],"picked":"SKIP","floor":14.0},{"not_picked":["Doppelganger","Glass Knife+1"],"picked":"Burst","floor":16.0},{"not_picked":["Deflect","Prepared"],"picked":"Expertise+1","floor":18.0},{"not_picked":["Escape Plan+1","Bouncing Flask"],"picked":"Underhanded Strike+1","floor":19.0},{"not_picked":["Well Laid Plans","Expertise"],"picked":"Dodge and Roll","floor":20.0},{"not_picked":["Sucker Punch+1","Quick Slash+1"],"picked":"Underhanded Strike+1","floor":21.0},{"not_picked":["All Out Attack+1","Dagger Spray+1"],"picked":"Bullet Time","floor":23.0},{"not_picked":["Slice+1","Skewer+1"],"picked":"Infinite Blades","floor":25.0},{"not_picked":["Dagger Throw+1","Acrobatics"],"picked":"Well Laid Plans","floor":28.0},{"not_picked":["Eviscerate+1","Deadly Poison"],"picked":"Choke+1","floor":31.0},{"not_picked":["Corpse Explosion","Phantasmal Killer"],"picked":"Night Terror","floor":33.0},{"not_picked":["Predator+1","Slice+1"],"picked":"Dodge and Roll+1","floor":35.0},{"not_picked":["Quick Slash+1","Deflect+1","Infinite Blades"],"picked":"SKIP","floor":39.0},{"not_picked":["Unload+1","Slice+1"],"picked":"Backflip","floor":41.0},{"not_picked":["Bane+1","Deadly Poison","Quick Slash+1"],"picked":"SKIP","floor":44.0},{"not_picked":["Backflip","Poisoned Stab+1"],"picked":"Night Terror","floor":46}],"player_experience":3078542,"relics_obtained":[{"floor":6.0,"key":"Bottled Lightning"},{"floor":9.0,"key":"Molten Egg 2"},{"floor":13.0,"key":"Gremlin Horn"},{"floor":23.0,"key":"Ninja Scroll"},{"floor":26.0,"key":"Bag of Marbles"},{"floor":28.0,"key":"Orichalcum"},{"floor":31.0,"key":"Red Mask"},{"floor":41.0,"key":"Pocketwatch"},{"floor":44.0,"key":"Art of War"}],"event_choices":[{"damage_healed":0.0,"max_hp_gain":0.0,"max_hp_loss":0.0,"gold_gain":0.0,"event_name":"Living Wall","player_choice":"Grow","floor":4.0,"gold_loss":0.0,"damage_taken":0.0,"cards_upgraded":["Footwork"]},{"cards_removed":["Defend_G"],"damage_healed":0.0,"max_hp_gain":0.0,"max_hp_loss":0.0,"gold_gain":0.0,"event_name":"Bonfire Elementals","player_choice":"Offered Basic","floor":5.0,"gold_loss":0.0,"damage_taken":0.0},{"damage_healed":0.0,"max_hp_gain":0.0,"max_hp_loss":0.0,"gold_gain":0.0,"event_name":"Match and Keep!","player_choice":"2 cards matched","floor":11.0,"gold_loss":0.0,"damage_taken":0.0,"cards_obtained":["A Thousand Cuts","Neutralize"]},{"damage_healed":0.0,"max_hp_gain":0.0,"max_hp_loss":20.0,"gold_gain":0.0,"event_name":"Vampires","player_choice":"Became a vampire","floor":22.0,"gold_loss":0.0,"damage_taken":0.0,"cards_obtained":["Bite","Bite","Bite","Bite","Bite"]},{"damage_healed":0.0,"max_hp_gain":0.0,"max_hp_loss":0.0,"gold_gain":0.0,"event_name":"Masked Bandits","player_choice":"Fought Bandits","floor":31.0,"gold_loss":0.0,"damage_taken":0.0},{"damage_healed":0.0,"max_hp_gain":0.0,"max_hp_loss":2.0,"gold_gain":0.0,"event_name":"Winding Halls","player_choice":"Max HP","floor":36.0,"gold_loss":0.0,"damage_taken":0.0},{"cards_removed":["Neutralize"],"damage_healed":0.0,"max_hp_gain":0.0,"max_hp_loss":0.0,"gold_gain":0.0,"event_name":"Falling","player_choice":"Removed Attack","floor":37.0,"gold_loss":0.0,"damage_taken":0.0}],"is_beta":true,"boss_relics":[{"not_picked":["Coffee Dripper","Velvet Choker"],"picked":"Snecko Eye"},{"not_picked":["White Beast Statue","Runic Pyramid"],"picked":"Eternal Feather"}],"items_purged_floors":[],"is_endless":false,"potions_floor_spawned":[1,6,14,16,19,20,23,31,33,35,41],"killed_by":"Jaw Worm Horde","ascension_level":20}