{"gold_per_floor":[115,190,190,115,140,140,183,183,256,276,299,25,58,71,71,170,170,191,212,212,61,61,61,102,102,102,140,140,159,159,185,185,275,275,291,86,99,112,112,112,147,147,170,210,210,13,57,57,57,57,57,57,57,98,98],"floor_reached":55,"playtime":1728,"items_purged":["Strike_R"],"score":1482,"play_id":"eace6c1f-239f-4637-956f-106a3f59691f","local_time":"20190714005809","is_ascension_mode":true,"campfire_choices":[{"data":"Bash","floor":6,"key":"SMITH"},{"data":"Cleave","floor":8,"key":"SMITH"},{"data":"Berserk","floor":15,"key":"SMITH"},{"data":"Bludgeon","floor":23,"key":"SMITH"},{"data":"Flame Barrier","floor":28,"key":"SMITH"},{"data":"Double Tap","floor":30,"key":"SMITH"},{"data":"Shockwave","floor":32,"key":"SMITH"},{"floor":40,"key":"RECALL"},{"data":"Flame Barrier","floor":45,"key":"SMITH"},{"data":"Bludgeon","floor":49,"key":"SMITH"},{"data":"Shrug It Off","floor":52,"key":"SMITH"}],"neow_cost":"NONE","seed_source_timestamp":209611003306377,"circlet_count":0,"master_deck":["AscendersBane","Strike_R+1","Strike_R+1","Defend_R+1","Defend_R+1","Defend_R+1","Defend_R+1","Bash+1","Pommel Strike","Cleave+1","Berserk+1","Shrug It Off+1","Bludgeon+1","Double Tap+1","Carnage","Flame Barrier+1","Clothesline","Shockwave+1","Bludgeon+1","Bludgeon+1","Flame Barrier+1","Impervious"],"relics":["Burning Blood","NeowsBlessing","Golden Idol","Ornamental Fan","Mercury Hourglass","Gambling Chip","Snecko Eye","Omamori","Prayer Wheel","WingedGreaves","Dodecahedron","Regal Pillow","Cursed Key","DollysMirror","Boot","Pantograph","ClockworkSouvenir","Charon\u0027s Ashes","Blood Vial"],"potions_floor_usage":[7,16,19,27,33,54,55],"damage_taken":[{"damage":0,"enemies":"Jaw Worm","floor":1,"turns":1},{"damage":0,"enemies":"2 Louse","floor":5,"turns":1},{"damage":0,"enemies":"3 Sentries","floor":7,"turns":2},{"damage":7,"enemies":"Small Slimes","floor":10,"turns":2},{"damage":13,"enemies":"Exordium Thugs","floor":11,"turns":3},{"damage":31,"enemies":"Lagavulin","floor":13,"turns":7},{"damage":3,"enemies":"Blue Slaver","floor":14,"turns":3},{"damage":16,"enemies":"Hexaghost","floor":16,"turns":7},{"damage":0,"enemies":"Shell Parasite","floor":18,"turns":1},{"damage":16,"enemies":"3 Byrds","floor":19,"turns":4},{"damage":20,"enemies":"Book of Stabbing","floor":24,"turns":3},{"damage":0,"enemies":"Slavers","floor":27,"turns":3},{"damage":0,"enemies":"Snake Plant","floor":29,"turns":1},{"damage":12,"enemies":"Champ","floor":33,"turns":5},{"damage":0,"enemies":"3 Shapes","floor":35,"turns":4},{"damage":0,"enemies":"Orb Walker","floor":37,"turns":1},{"damage":0,"enemies":"4 Shapes","floor":38,"turns":3},{"damage":21,"enemies":"Reptomancer","floor":41,"turns":4},{"damage":0,"enemies":"Nemesis","floor":44,"turns":3},{"damage":0,"enemies":"Giant Head","floor":47,"turns":4},{"damage":14,"enemies":"Donu and Deca","floor":50,"turns":6},{"damage":26,"enemies":"Shield and Spear","floor":54,"turns":3},{"damage":83,"enemies":"The Heart","floor":55,"turns":8}],"seed_played":"7096192376132490869","potions_obtained":[{"floor":7,"key":"Fruit Juice"},{"floor":13,"key":"Strength Potion"},{"floor":16,"key":"Regen Potion"},{"floor":18,"key":"Block Potion"},{"floor":24,"key":"Block Potion"},{"floor":27,"key":"Dexterity Potion"},{"floor":35,"key":"LiquidBronze"},{"floor":41,"key":"Energy Potion"}],"is_trial":false,"path_per_floor":["M","?","?","?","M","R","E","R","T","M","M","$","E","M","R","B",null,"M","M","?","$","?","R","E","?","T","E","R","M","R","T","R","B",null,"M","$","M","M","$","R","E","?","T","E","R","$","E","?","R","B",null,"R","$","E","B"],"character_chosen":"IRONCLAD","items_purchased":["Bludgeon","Strength Potion","Omamori","DollysMirror","ClockworkSouvenir"],"campfire_rested":0,"item_purchase_floors":[12,12,21,36,46],"current_hp_per_floor":[74,63,37,37,43,43,54,54,54,53,46,46,21,24,24,14,64,70,60,60,60,60,60,46,46,46,52,52,58,58,58,58,52,73,79,79,80,80,80,80,65,65,65,71,71,71,77,77,77,72,78,78,78,58,0],"gold":98,"neow_bonus":"THREE_ENEMY_KILL","is_prod":false,"is_daily":false,"chose_seed":false,"campfire_upgraded":10,"win_rate":0,"timestamp":1563033489,"path_taken":["M","?","?","?","M","R","E","R","T","M","M","$","E","M","R","BOSS","M","M","?","?","?","R","E","?","T","E","R","M","R","?","R","BOSS","M","$","M","M","$","R","E","?","T","E","R","$","E","?","R","BOSS","R","$","E","BOSS"],"build_version":"2019-07-01","purchased_purges":1,"victory":false,"max_hp_per_floor":[75,75,75,75,75,75,80,80,80,80,80,80,80,80,80,80,80,80,80,80,80,80,80,80,80,80,80,80,80,80,80,80,80,80,80,80,80,80,80,80,80,80,80,80,80,80,80,80,80,80,80,80,80,80,80],"card_choices":[{"not_picked":["Perfected Strike","Anger","Thunderclap"],"picked":"SKIP","floor":1},{"not_picked":["Perfected Strike","Clothesline"],"picked":"Pommel Strike","floor":5},{"not_picked":["Sword Boomerang","Flex"],"picked":"Cleave","floor":7},{"not_picked":["Dropkick","Flex"],"picked":"Berserk","floor":10},{"not_picked":["Rupture","Anger"],"picked":"Shrug It Off","floor":11},{"not_picked":["Infernal Blade","Body Slam","Bludgeon"],"picked":"SKIP","floor":13},{"not_picked":["Havoc","Body Slam","Cleave"],"picked":"SKIP","floor":14},{"not_picked":["Bludgeon","Juggernaut"],"picked":"Double Tap","floor":16},{"not_picked":["Inflame","Infernal Blade","Spot Weakness"],"picked":"SKIP","floor":18},{"not_picked":["Searing Blow","Thunderclap"],"picked":"Carnage","floor":19},{"not_picked":["Heavy Blade","Combust","Intimidate"],"picked":"SKIP","floor":24},{"not_picked":["Heavy Blade","Exhume"],"picked":"Clothesline","floor":27},{"not_picked":["Armaments","Sentinel"],"picked":"Shockwave","floor":29},{"not_picked":["Havoc","Iron Wave","Metallicize"],"picked":"SKIP","floor":29},{"not_picked":["Exhume","Fiend Fire"],"picked":"Bludgeon","floor":33},{"not_picked":["Heavy Blade","Pummel","Pommel Strike"],"picked":"SKIP","floor":35},{"not_picked":["Havoc","Sentinel","Heavy Blade"],"picked":"SKIP","floor":35},{"not_picked":["Heavy Blade+1","Power Through","Cleave"],"picked":"SKIP","floor":37},{"not_picked":["Armaments","Pommel Strike","Cleave"],"picked":"SKIP","floor":37},{"not_picked":["Combust","Armaments","True Grit"],"picked":"SKIP","floor":38},{"not_picked":["Warcry","Reckless Charge","Thunderclap"],"picked":"SKIP","floor":38},{"not_picked":["Fire Breathing+1","Iron Wave","Armaments"],"picked":"SKIP","floor":41},{"not_picked":["Fire Breathing+1","Iron Wave","Armaments"],"picked":"SKIP","floor":41},{"not_picked":["Twin Strike","Ghostly Armor"],"picked":"Flame Barrier","floor":44},{"not_picked":["Rampage","Shrug It Off"],"picked":"Impervious","floor":47},{"not_picked":["Havoc","Spot Weakness","Metallicize"],"picked":"SKIP","floor":54}],"player_experience":1127418,"relics_obtained":[{"floor":7,"key":"Ornamental Fan"},{"floor":9,"key":"Mercury Hourglass"},{"floor":13,"key":"Gambling Chip"},{"floor":24,"key":"Prayer Wheel"},{"floor":26,"key":"WingedGreaves"},{"floor":27,"key":"Dodecahedron"},{"floor":31,"key":"Regal Pillow"},{"floor":41,"key":"Boot"},{"floor":44,"key":"Pantograph"},{"floor":47,"key":"Charon\u0027s Ashes"},{"floor":54,"key":"Blood Vial"}],"event_choices":[{"damage_healed":0,"gold_gain":75,"player_choice":"Gather Gold","damage_taken":11,"max_hp_gain":0,"max_hp_loss":0,"event_name":"World of Goop","floor":2,"gold_loss":0},{"damage_healed":0,"gold_gain":0,"player_choice":"Take Damage","damage_taken":26,"relics_obtained":["Golden Idol"],"max_hp_gain":0,"max_hp_loss":0,"event_name":"Golden Idol","floor":3,"gold_loss":0},{"cards_removed":["Strike_R"],"damage_healed":0,"gold_gain":0,"player_choice":"Card Removal","damage_taken":0,"max_hp_gain":0,"max_hp_loss":0,"event_name":"The Cleric","floor":4,"gold_loss":75},{"cards_removed":["Strike_R"],"damage_healed":0,"gold_gain":0,"player_choice":"Purged","damage_taken":0,"max_hp_gain":0,"max_hp_loss":0,"event_name":"Purifier","floor":20,"gold_loss":0},{"damage_healed":0,"gold_gain":0,"player_choice":"Read","damage_taken":0,"max_hp_gain":0,"max_hp_loss":0,"event_name":"The Library","floor":22,"gold_loss":0,"cards_obtained":["Flame Barrier"]},{"damage_healed":0,"gold_gain":0,"player_choice":"Simplicity","damage_taken":0,"max_hp_gain":0,"max_hp_loss":0,"event_name":"Back to Basics","floor":25,"gold_loss":0,"cards_upgraded":["Strike_R","Strike_R","Defend_R","Defend_R","Defend_R","Defend_R"]},{"damage_healed":0,"gold_gain":0,"player_choice":"Ignored","damage_taken":0,"max_hp_gain":0,"max_hp_loss":0,"event_name":"Tomb of Lord Red Mask","floor":42,"gold_loss":0},{"damage_healed":0,"gold_gain":0,"player_choice":"Memory 1","damage_taken":0,"max_hp_gain":0,"max_hp_loss":0,"event_name":"SensoryStone","floor":48,"gold_loss":0}],"is_beta":false,"boss_relics":[{"not_picked":["Eternal Feather","Coffee Dripper"],"picked":"Snecko Eye"},{"not_picked":["Tiny House","White Beast Statue"],"picked":"Cursed Key"}],"items_purged_floors":[12],"is_endless":false,"potions_floor_spawned":[7,13,14,16,18,24,27,35,41,44],"killed_by":"The Heart","ascension_level":15}