{"gold_per_floor":[112,131,57,74,85,115,115,146,192,192,205,21,32,32,32,129,129,139,164,164,164,15,15,32,64,89,101,120,120,18,45,45,45],"floor_reached":33,"playtime":1637,"items_purged":[],"score":330,"play_id":"95da5cf0-dd33-4d9d-80ed-dbc97abc271b","local_time":"20190429070856","is_ascension_mode":true,"campfire_choices":[{"floor":7,"key":"REST"},{"data":"Metallicize","floor":15,"key":"SMITH"},{"data":"Secret Weapon","floor":23,"key":"SMITH"},{"data":"Barricade","floor":29,"key":"SMITH"},{"data":"True Grit","floor":32,"key":"SMITH"}],"neow_cost":"NONE","seed_source_timestamp":9594158582842,"circlet_count":0,"master_deck":["Strike_R","Strike_R","Strike_R","Strike_R","Strike_R","Defend_R","Defend_R","Defend_R","Defend_R","Bash","Infernal Blade","Twin Strike","Dropkick","Cleave","Headbutt","Spot Weakness","Anger","Metallicize+1","Secret Weapon+1","Blood for Blood","Barricade+1","Wild Strike","Heavy Blade","RitualDagger","Inflame","Feed","Intimidate+1","Feel No Pain+1","Heavy Blade+1","True Grit+1"],"relics":["Burning Blood","Red Skull","Boot","Paper Frog","Art of War","Bottled Tornado","Coffee Dripper","Red Mask","Centennial Puzzle","Orichalcum","Blood Vial","Lantern"],"potions_floor_usage":[6,8,8,11,18,19,24,28,33],"damage_taken":[{"damage":6,"enemies":"Jaw Worm","floor":1,"turns":4},{"damage":6,"enemies":"Cultist","floor":2,"turns":3},{"damage":4,"enemies":"Small Slimes","floor":4,"turns":3},{"damage":9,"enemies":"3 Louse","floor":5,"turns":3},{"damage":36,"enemies":"Gremlin Nob","floor":6,"turns":4},{"damage":40,"enemies":"3 Sentries","floor":8,"turns":6},{"damage":10,"enemies":"Large Slime","floor":11,"turns":5},{"damage":8,"enemies":"Blue Slaver","floor":13,"turns":2},{"damage":14,"enemies":"Slime Boss","floor":16,"turns":8},{"damage":23,"enemies":"Chosen","floor":18,"turns":5},{"damage":16,"enemies":"Masked Bandits","floor":19,"turns":3},{"damage":3,"enemies":"Shell Parasite","floor":24,"turns":4},{"damage":6,"enemies":"Gremlin Leader","floor":25,"turns":9},{"damage":15,"enemies":"Snecko","floor":27,"turns":5},{"damage":18,"enemies":"Sentry and Sphere","floor":28,"turns":5},{"damage":42,"enemies":"Champ","floor":33,"turns":6}],"seed_played":"6050430216017575347","potions_obtained":[{"floor":1,"key":"Swift Potion"},{"floor":2,"key":"LiquidBronze"},{"floor":5,"key":"PowerPotion"},{"floor":6,"key":"FearPotion"},{"floor":10,"key":"PowerPotion"},{"floor":10,"key":"BloodPotion"},{"floor":11,"key":"SpeedPotion"},{"floor":16,"key":"AttackPotion"},{"floor":18,"key":"Poison Potion"},{"floor":27,"key":"SkillPotion"}],"is_trial":false,"path_per_floor":["M","M","$","M","M","E","R","E","T","?","M","$","M","T","R","B",null,"M","?","?","?","$","R","M","E","T","M","M","R","$","T","R","B"],"character_chosen":"IRONCLAD","items_purchased":["Dropkick","Secret Weapon","Centennial Puzzle","True Grit","Dexterity Potion"],"campfire_rested":1,"item_purchase_floors":[3,12,22,30,30],"current_hp_per_floor":[80,80,80,80,77,47,71,37,37,37,41,41,39,39,39,31,80,63,53,47,47,47,47,50,50,50,43,36,36,36,36,36,0],"gold":45,"neow_bonus":"RANDOM_COMMON_RELIC","is_prod":false,"is_daily":false,"chose_seed":false,"campfire_upgraded":4,"win_rate":0,"timestamp":1556485736,"path_taken":["M","M","$","M","M","E","R","E","T","?","?","$","M","?","R","BOSS","M","?","?","?","?","R","M","E","T","M","?","R","$","?","R","BOSS"],"build_version":"2019-01-23","purchased_purges":0,"victory":false,"max_hp_per_floor":[80,80,80,80,80,80,80,80,80,80,80,80,80,80,80,80,80,80,80,80,80,80,80,80,80,80,80,83,83,83,83,83,83],"card_choices":[{"not_picked":["Disarm","Headbutt"],"picked":"Infernal Blade","floor":1},{"not_picked":["Hemokinesis","Perfected Strike"],"picked":"Twin Strike","floor":2},{"not_picked":["Ghostly Armor","Headbutt"],"picked":"Cleave","floor":4},{"not_picked":["Pommel Strike","Perfected Strike"],"picked":"Headbutt","floor":5},{"not_picked":["Combust","Infernal Blade"],"picked":"Spot Weakness","floor":6},{"not_picked":["Berserk","True Grit"],"picked":"Anger","floor":8},{"not_picked":["Uppercut","Combust"],"picked":"Metallicize","floor":11},{"not_picked":["Thunderclap","Ghostly Armor"],"picked":"Blood for Blood","floor":13},{"not_picked":["Immolate","Feed"],"picked":"Barricade","floor":16},{"not_picked":["Armaments","Spot Weakness"],"picked":"Wild Strike","floor":18},{"not_picked":["Pommel Strike","Anger"],"picked":"Heavy Blade","floor":19},{"not_picked":["Blood for Blood","Anger+1"],"picked":"Feed","floor":24},{"not_picked":["Exhume","Flame Barrier"],"picked":"Intimidate+1","floor":25},{"not_picked":["Clash","Clothesline+1"],"picked":"Feel No Pain+1","floor":27},{"not_picked":["Searing Blow","Clash"],"picked":"Heavy Blade+1","floor":28}],"player_experience":495311,"relics_obtained":[{"floor":6,"key":"Boot"},{"floor":8,"key":"Paper Frog"},{"floor":9,"key":"Art of War"},{"floor":14,"key":"Bottled Tornado"},{"floor":19,"key":"Red Mask"},{"floor":25,"key":"Orichalcum"},{"floor":26,"key":"Blood Vial"},{"floor":31,"key":"Lantern"}],"event_choices":[{"damage_healed":0,"gold_gain":0,"player_choice":"Got Potions","damage_taken":0,"max_hp_gain":0,"max_hp_loss":0,"event_name":"Lab","floor":10,"gold_loss":0},{"damage_healed":0,"gold_gain":0,"player_choice":"Fought Bandits","damage_taken":0,"max_hp_gain":0,"max_hp_loss":0,"event_name":"Masked Bandits","floor":19,"gold_loss":0},{"damage_healed":0,"gold_gain":0,"player_choice":"Joined the Cult","damage_taken":6,"max_hp_gain":0,"max_hp_loss":0,"event_name":"Nest","floor":20,"gold_loss":0,"cards_obtained":["RitualDagger"]},{"damage_healed":0,"gold_gain":0,"player_choice":"Read","damage_taken":0,"max_hp_gain":0,"max_hp_loss":0,"event_name":"The Library","floor":21,"gold_loss":0,"cards_obtained":["Inflame"]}],"is_beta":false,"boss_relics":[{"not_picked":["Ectoplasm","Black Star"],"picked":"Coffee Dripper"}],"items_purged_floors":[],"is_endless":false,"potions_floor_spawned":[1,2,5,6,11,16,18,27],"killed_by":"Champ","ascension_level":4}