{"gold_per_floor":[115,131,141,158,169,169,202,202,202,202,202,218,218,247,247,247],"floor_reached":16,"playtime":700,"items_purged":[],"score":168,"play_id":"e59bd3b9-a482-45ec-809f-baef9b00b09a","local_time":"20190604094814","is_ascension_mode":true,"campfire_choices":[{"floor":6,"key":"REST"},{"data":"Perfected Strike","floor":8,"key":"SMITH"},{"data":"Flame Barrier","floor":11,"key":"SMITH"},{"floor":15,"key":"REST"}],"neow_cost":"NONE","seed_source_timestamp":36639398442465,"circlet_count":0,"master_deck":["AscendersBane","Strike_R","Strike_R","Strike_R","Strike_R+1","Defend_R+1","Defend_R","Defend_R","Defend_R","Bash","Juggernaut","Thunderclap+1","Flame Barrier+1","Pommel Strike+1","Dual Wield","Perfected Strike+1","Second Wind","Body Slam","Wild Strike"],"relics":["Burning Blood","Whetstone","Paper Frog","Bottled Flame"],"potions_floor_usage":[7,14,16],"damage_taken":[{"damage":1,"enemies":"Cultist","floor":1,"turns":4},{"damage":12,"enemies":"Jaw Worm","floor":2,"turns":3},{"damage":17,"enemies":"Small Slimes","floor":3,"turns":4},{"damage":9,"enemies":"Blue Slaver","floor":4,"turns":6},{"damage":28,"enemies":"Gremlin Gang","floor":5,"turns":7},{"damage":18,"enemies":"Gremlin Nob","floor":7,"turns":3},{"damage":11,"enemies":"2 Fungi Beasts","floor":12,"turns":3},{"damage":16,"enemies":"3 Sentries","floor":14,"turns":7},{"damage":43,"enemies":"Hexaghost","floor":16,"turns":9}],"seed_played":"-6302889477907397685","potions_obtained":[{"floor":1,"key":"Ancient Potion"},{"floor":4,"key":"Strength Potion"},{"floor":7,"key":"Strength Potion"},{"floor":14,"key":"PowerPotion"}],"is_trial":false,"path_per_floor":["M","M","M","M","M","R","E","R","T","?","R","M","?","E","R","B"],"character_chosen":"IRONCLAD","items_purchased":[],"campfire_rested":2,"item_purchase_floors":[],"current_hp_per_floor":[77,71,60,57,35,59,47,47,47,47,47,42,26,16,40,0],"gold":247,"neow_bonus":"ONE_RANDOM_RARE_CARD","is_prod":false,"is_daily":false,"chose_seed":false,"campfire_upgraded":2,"win_rate":0,"timestamp":1559605694,"path_taken":["M","M","?","M","M","R","E","R","T","?","R","M","?","E","R","BOSS"],"build_version":"2019-01-23","purchased_purges":0,"victory":false,"max_hp_per_floor":[80,80,80,80,80,80,80,80,80,80,80,80,80,80,80,80],"card_choices":[{"not_picked":["Blood for Blood","True Grit"],"picked":"Thunderclap","floor":1},{"not_picked":["Headbutt","Iron Wave"],"picked":"Flame Barrier","floor":2},{"not_picked":["Flex","Headbutt"],"picked":"Pommel Strike","floor":3},{"not_picked":["Flame Barrier","Sword Boomerang"],"picked":"Dual Wield","floor":4},{"not_picked":["Bloodletting","True Grit"],"picked":"Perfected Strike","floor":5},{"not_picked":["Dropkick","Thunderclap"],"picked":"Second Wind","floor":7},{"not_picked":["Perfected Strike","Dark Embrace"],"picked":"Body Slam","floor":12},{"not_picked":["Clash","Warcry"],"picked":"Wild Strike","floor":14}],"player_experience":813884,"relics_obtained":[{"floor":7,"key":"Whetstone"},{"floor":9,"key":"Paper Frog"},{"floor":14,"key":"Bottled Flame"}],"event_choices":[{"cards_removed":["Strike_R"],"damage_healed":0,"gold_gain":0,"player_choice":"Forget","damage_taken":0,"max_hp_gain":0,"max_hp_loss":0,"event_name":"Living Wall","floor":10,"gold_loss":0},{"damage_healed":0,"gold_gain":0,"player_choice":"Entered Light","damage_taken":16,"max_hp_gain":0,"max_hp_loss":0,"event_name":"Shining Light","floor":13,"gold_loss":0,"cards_upgraded":["Thunderclap","Defend_R"]}],"is_beta":false,"boss_relics":[],"items_purged_floors":[],"is_endless":false,"potions_floor_spawned":[1,4,7,14],"killed_by":"Hexaghost","ascension_level":10}