{"gold_per_floor":[116,81,92,92,109,141,141,161,210,210,277,307,357,371,371,448,448,461,511,529,13,13],"floor_reached":22,"playtime":1056,"items_purged":["Strike_R"],"score":392,"play_id":"167123ef-b27d-48e5-bbf5-68fc09d22a3d","local_time":"20190520092626","is_ascension_mode":true,"campfire_choices":[{"floor":10.0,"key":"REST"},{"data":"Bash","floor":15.0,"key":"SMITH"}],"neow_cost":"NONE","seed_source_timestamp":0,"circlet_count":0,"master_deck":["AscendersBane","Strike_R","Strike_R","Strike_R","Strike_R+1","Defend_R","Defend_R","Defend_R","Defend_R","Bash+1","Twin Strike","True Grit+1","Fiend Fire","Headbutt","True Grit+1","Iron Wave","Reckless Charge","Dark Embrace","Second Wind","RitualDagger","True Grit","Dramatic Entrance","Burning Pact"],"special_seed":0,"relics":["Burning Blood","Potion Belt","Question Card","SsserpentHead","PreservedInsect","Smiling Mask","Busted Crown","Kunai"],"potions_floor_usage":[16,22],"damage_taken":[{"damage":8.0,"enemies":"2 Louse","floor":1.0,"turns":4.0},{"damage":14.0,"enemies":"Small Slimes","floor":3.0,"turns":4.0},{"damage":2.0,"enemies":"Cultist","floor":5.0,"turns":5.0},{"damage":30.0,"enemies":"Lagavulin","floor":6.0,"turns":5.0},{"damage":3.0,"enemies":"Large Slime","floor":8.0,"turns":5.0},{"damage":1.0,"enemies":"3 Louse","floor":11.0,"turns":5.0},{"damage":8.0,"enemies":"Gremlin Nob","floor":12.0,"turns":3.0},{"damage":6.0,"enemies":"Blue Slaver","floor":14.0,"turns":4.0},{"damage":46,"enemies":"The Guardian","floor":16,"turns":11},{"damage":0,"enemies":"Chosen","floor":18,"turns":4},{"damage":28,"enemies":"Spheric Guardian","floor":20,"turns":6},{"damage":37,"enemies":"Shelled Parasite and Fungi","floor":22,"turns":3}],"seed_played":"908556972218913","potions_obtained":[{"floor":5.0,"key":"AttackPotion"},{"floor":8.0,"key":"Poison Potion"},{"floor":14.0,"key":"Strength Potion"},{"floor":20,"key":"Dexterity Potion"}],"is_trial":false,"path_per_floor":["M","?","M","?","M","E","?","M","T","R","M","E","?","M","R","B",null,"M","?","M","$","M"],"character_chosen":"IRONCLAD","items_purchased":["Kunai","Dramatic Entrance","Burning Pact","Poison Potion"],"campfire_rested":1,"item_purchase_floors":[21,21,21,21],"current_hp_per_floor":[66,75,67,44,48,24,24,27,27,49,54,52,52,52,52,12,59,65,59,37,37,0],"gold":13,"neow_bonus":"RANDOM_COMMON_RELIC","is_prod":false,"is_daily":false,"chose_seed":false,"campfire_upgraded":1,"win_rate":0,"timestamp":1558358786,"path_taken":["M","?","M","?","M","E","?","M","T","R","?","E","?","M","R","BOSS","M","?","M","$","M"],"build_version":"2019-05-07","purchased_purges":1,"victory":false,"max_hp_per_floor":[75,75,75,75,75,75,75,75,75,75,75,75,75,75,75,75,75,75,75,75,75,75],"card_choices":[{"not_picked":["True Grit","Sever Soul"],"picked":"Twin Strike","floor":1.0},{"not_picked":["Flex","Warcry"],"picked":"True Grit","floor":3.0},{"not_picked":["Ghostly Armor","Infernal Blade"],"picked":"Fiend Fire","floor":5.0},{"not_picked":["Searing Blow","Warcry"],"picked":"Headbutt","floor":6.0},{"not_picked":["Corruption","Heavy Blade","Flex"],"picked":"True Grit","floor":8.0},{"not_picked":["Corruption","Infernal Blade","Twin Strike","Berserk"],"picked":"SKIP","floor":11.0},{"not_picked":["Pommel Strike","Sword Boomerang","Flex"],"picked":"Iron Wave","floor":12.0},{"not_picked":["Headbutt","Flex","Iron Wave"],"picked":"Reckless Charge","floor":14.0},{"not_picked":["Offering","Fiend Fire","Bludgeon"],"picked":"Dark Embrace","floor":16},{"not_picked":["Flex+1"],"picked":"Second Wind","floor":18},{"not_picked":["Second Wind"],"picked":"True Grit","floor":20}],"player_experience":2964917,"relics_obtained":[{"floor":6.0,"key":"Question Card"},{"floor":9.0,"key":"PreservedInsect"},{"floor":12.0,"key":"Smiling Mask"}],"event_choices":[{"damage_healed":18.0,"max_hp_gain":0.0,"max_hp_loss":0.0,"gold_gain":0.0,"event_name":"The Cleric","player_choice":"Healed","floor":2.0,"gold_loss":35.0,"damage_taken":0.0},{"damage_healed":0.0,"max_hp_gain":0.0,"max_hp_loss":0.0,"gold_gain":0.0,"event_name":"Shining Light","player_choice":"Entered Light","floor":4.0,"gold_loss":0.0,"damage_taken":23.0,"cards_upgraded":["Strike_R","True Grit"]},{"damage_healed":0.0,"max_hp_gain":0.0,"max_hp_loss":0.0,"gold_gain":0.0,"event_name":"FaceTrader","player_choice":"Trade","floor":7.0,"gold_loss":0.0,"damage_taken":0.0,"relics_obtained":["SsserpentHead"]},{"damage_healed":0.0,"max_hp_gain":0.0,"max_hp_loss":0.0,"gold_gain":0.0,"event_name":"Living Wall","player_choice":"Grow","floor":13.0,"gold_loss":0.0,"damage_taken":0.0,"cards_upgraded":["True Grit"]},{"damage_healed":0,"gold_gain":0,"player_choice":"Joined the Cult","damage_taken":6,"max_hp_gain":0,"max_hp_loss":0,"event_name":"Nest","floor":19,"gold_loss":0,"cards_obtained":["RitualDagger"]}],"is_beta":true,"boss_relics":[{"not_picked":["Tiny House","Ectoplasm"],"picked":"Busted Crown"}],"items_purged_floors":[21],"is_endless":false,"potions_floor_spawned":[5,8,14,20],"killed_by":"Shelled Parasite and Fungi","ascension_level":20}