{"gold_per_floor":[116,134,154,329,348,348,383,393,393,412,412],"floor_reached":11,"playtime":3241,"items_purged":[],"score":77,"play_id":"bd44833e-3dad-4671-bc1a-9229ff90eb5e","local_time":"20190712125327","is_ascension_mode":false,"campfire_choices":[{"data":"Underhanded Strike","floor":6,"key":"SMITH"}],"neow_cost":"NONE","seed_source_timestamp":255969618938600,"circlet_count":0,"master_deck":["Strike_G","Strike_G","Strike_G","Strike_G","Strike_G","Defend_G","Defend_G","Defend_G","Defend_G","Defend_G","Survivor","Neutralize","Underhanded Strike+1","Well Laid Plans","Escape Plan","Doubt","Noxious Fumes","Envenom","Poisoned Stab","Deflect"],"relics":["Ring of the Snake","NeowsBlessing","Letter Opener","Frozen Egg 2"],"potions_floor_usage":[],"damage_taken":[{"damage":0,"enemies":"2 Louse","floor":1,"turns":1},{"damage":0,"enemies":"Jaw Worm","floor":2,"turns":1},{"damage":0,"enemies":"Small Slimes","floor":3,"turns":1},{"damage":8,"enemies":"Blue Slaver","floor":5,"turns":6},{"damage":44,"enemies":"Lagavulin","floor":7,"turns":9},{"damage":12,"enemies":"2 Fungi Beasts","floor":8,"turns":5},{"damage":3,"enemies":"Exordium Wildlife","floor":10,"turns":5}],"seed_played":"-4148623997033774510","potions_obtained":[{"floor":2,"key":"Weak Potion"},{"floor":7,"key":"Ancient Potion"},{"floor":10,"key":"FearPotion"}],"is_trial":false,"path_per_floor":["M","M","M","?","M","R","E","M","T","M","?"],"character_chosen":"THE_SILENT","items_purchased":[],"campfire_rested":0,"item_purchase_floors":[],"current_hp_per_floor":[70,70,70,70,62,62,18,6,6,3,0],"gold":412,"neow_bonus":"THREE_ENEMY_KILL","is_prod":false,"is_daily":false,"chose_seed":false,"campfire_upgraded":1,"win_rate":0.0,"timestamp":1562950407,"path_taken":["M","M","M","?","M","R","E","M","T","M","?"],"build_version":"2019-07-05","purchased_purges":0,"victory":false,"max_hp_per_floor":[70,70,70,70,70,70,70,70,70,70,70],"card_choices":[{"not_picked":["Quick Slash","Acrobatics"],"picked":"Underhanded Strike","floor":1},{"not_picked":["Quick Slash","PiercingWail"],"picked":"Well Laid Plans","floor":2},{"not_picked":["Finisher","Blade Dance"],"picked":"Escape Plan","floor":3},{"not_picked":["Deflect","Escape Plan"],"picked":"Noxious Fumes","floor":5},{"not_picked":["Quick Slash","Escape Plan"],"picked":"Envenom","floor":7},{"not_picked":["All Out Attack","Dodge and Roll"],"picked":"Poisoned Stab","floor":8},{"not_picked":["Slice","Endless Agony"],"picked":"Deflect","floor":10}],"player_experience":9394,"relics_obtained":[{"floor":7,"key":"Letter Opener"},{"floor":9,"key":"Frozen Egg 2"}],"event_choices":[{"damage_healed":0,"gold_gain":175,"player_choice":"AGREE","damage_taken":0,"max_hp_gain":0,"max_hp_loss":0,"event_name":"Liars Game","floor":4,"gold_loss":0,"cards_obtained":["Doubt"]}],"is_beta":false,"boss_relics":[],"items_purged_floors":[],"is_endless":false,"potions_floor_spawned":[2,7,10],"ascension_level":0}