{"gold_per_floor":[116,133,308,308,308,349,349,373,399,399,173,188,188,213,213,333,333,348,363,117,117,117,117,137,137,164,180,224,224,224,241,241,336,336,355,366,56,72,72,72,86,86,141,173,1,11,111,111],"floor_reached":48,"playtime":1919,"items_purged":["Regret"],"score":505,"play_id":"4c707916-4aa0-4e69-b583-9e103e764a62","local_time":"20190326144006","is_ascension_mode":false,"campfire_choices":[{"floor":7,"key":"REST"},{"data":"Rainbow","floor":15,"key":"SMITH"},{"data":"Zap","floor":23,"key":"SMITH"},{"data":"Fission","floor":25,"key":"SMITH"},{"data":"Buffer","floor":29,"key":"SMITH"},{"data":"Storm","floor":32,"key":"SMITH"},{"floor":40,"key":"RECALL"},{"data":"Rainbow","floor":42,"key":"SMITH"}],"neow_cost":"TEN_PERCENT_HP_LOSS","seed_source_timestamp":68039533226207,"circlet_count":0,"master_deck":["Strike_B","Strike_B","Strike_B","Strike_B","Defend_B","Defend_B","Defend_B","Defend_B","Zap+1","Dualcast","Rainbow+1","Auto Shields","Blizzard","Ball Lightning","Capacitor","Defragment","Leap","Turbo","Leap","Coolheaded","Fission+1","Coolheaded","Go for the Eyes","Storm","Storm+1","Darkness+1","Defragment+1","Buffer+1","Chaos+1","Rainbow+1","Conserve Battery+1","Go for the Eyes+1","Self Repair","Apotheosis","Cold Snap","Steam","Force Field+1","Consume+1","Self Repair+1","Gash+1","Streamline+1","Go for the Eyes+1"],"relics":["Cracked Core","Omamori","Bloody Idol","Meat on the Bone","Eternal Feather","Runic Capacitor","Juzu Bracelet","Gambling Chip","Inserter","Bag of Marbles","Molten Egg 2","DataDisk","Thread and Needle"],"potions_floor_usage":[6,24,27,28,28,35,38,44,46],"damage_taken":[{"damage":6,"enemies":"Jaw Worm","floor":1,"turns":4},{"damage":1,"enemies":"2 Louse","floor":2,"turns":2},{"damage":51,"enemies":"Gremlin Nob","floor":6,"turns":6},{"damage":3,"enemies":"Small Slimes","floor":8,"turns":2},{"damage":10,"enemies":"Looter","floor":12,"turns":4},{"damage":9,"enemies":"Exordium Thugs","floor":14,"turns":6},{"damage":22,"enemies":"Slime Boss","floor":16,"turns":10},{"damage":9,"enemies":"Shell Parasite","floor":18,"turns":6},{"damage":0,"enemies":"Chosen","floor":19,"turns":6},{"damage":12,"enemies":"Snake Plant","floor":24,"turns":4},{"damage":48,"enemies":"3 Cultists","floor":27,"turns":7},{"damage":26,"enemies":"Book of Stabbing","floor":28,"turns":4},{"damage":14,"enemies":"Sentry and Sphere","floor":31,"turns":5},{"damage":42,"enemies":"Collector","floor":33,"turns":11},{"damage":30,"enemies":"3 Shapes","floor":35,"turns":2},{"damage":0,"enemies":"Orb Walker","floor":36,"turns":4},{"damage":35,"enemies":"Writhing Mass","floor":38,"turns":6},{"damage":22,"enemies":"Sphere and 2 Shapes","floor":41,"turns":4},{"damage":10,"enemies":"Giant Head","floor":44,"turns":9},{"damage":23,"enemies":"Transient","floor":46,"turns":5},{"damage":2,"enemies":"Mind Bloom Boss Battle","floor":47,"turns":5},{"damage":63,"enemies":"Reptomancer","floor":48,"turns":4}],"seed_played":"6943656140941795987","potions_obtained":[{"floor":2,"key":"Energy Potion"},{"floor":6,"key":"AttackPotion"},{"floor":14,"key":"Dexterity Potion"},{"floor":16,"key":"Ancient Potion"},{"floor":24,"key":"Swift Potion"},{"floor":33,"key":"AttackPotion"},{"floor":36,"key":"Explosive Potion"},{"floor":41,"key":"FearPotion"},{"floor":44,"key":"Dexterity Potion"}],"is_trial":false,"path_per_floor":["M","M","?","?","?","E","R","M","T","?","$","M","?","M","R","B",null,"M","M","$","?","?","R","M","R","T","M","E","R","?","M","R","B",null,"M","M","$","M","?","R","M","R","T","E","$","M","?","E"],"character_chosen":"DEFECT","items_purchased":["Defragment","Leap","Turbo","Runic Capacitor","Storm","Self Repair","Apotheosis","Cold Snap","Steam","DataDisk","Gash+1"],"campfire_rested":1,"item_purchase_floors":[11,11,11,20,20,37,37,37,37,45,45],"current_hp_per_floor":[62,61,61,61,61,10,30,39,39,32,32,34,51,42,42,32,68,59,59,59,59,59,68,56,68,68,32,18,33,33,36,51,26,68,43,48,48,40,40,61,51,65,65,65,65,57,60,0],"gold":111,"neow_bonus":"THREE_RARE_CARDS","is_prod":false,"is_daily":false,"chose_seed":false,"campfire_upgraded":6,"win_rate":0,"timestamp":1553575206,"path_taken":["M","M","?","?","?","E","R","M","T","?","?","?","?","M","R","BOSS","M","M","$","?","?","R","M","R","T","M","E","R","?","M","R","BOSS","M","M","$","M","?","R","M","R","T","E","$","M","?","E"],"build_version":"2019-01-23","purchased_purges":1,"victory":false,"max_hp_per_floor":[68,68,68,68,68,68,68,68,68,68,68,68,68,68,68,68,68,68,68,68,68,68,68,68,68,68,68,68,68,68,68,68,68,68,68,68,68,68,65,65,65,65,65,65,65,65,65,65],"card_choices":[{"not_picked":["Reboot","Machine Learning"],"picked":"Rainbow","floor":0},{"not_picked":["Steam","Gash"],"picked":"Auto Shields","floor":1},{"not_picked":["Hologram","Beam Cell"],"picked":"Blizzard","floor":2},{"not_picked":["BootSequence","Double Energy"],"picked":"Ball Lightning","floor":6},{"not_picked":["Barrage","Redo"],"picked":"Capacitor","floor":8},{"not_picked":["Stack","Go for the Eyes"],"picked":"Leap","floor":12},{"not_picked":["Doom and Gloom","Leap"],"picked":"Coolheaded","floor":14},{"not_picked":["Biased Cognition","Echo Form"],"picked":"Fission","floor":16},{"not_picked":["Streamline","Rebound+1"],"picked":"Coolheaded","floor":18},{"not_picked":["Reinforced Body","Compile Driver+1"],"picked":"Go for the Eyes","floor":19},{"not_picked":["Scrape","Stack"],"picked":"Darkness+1","floor":24},{"not_picked":["Stack","Turbo"],"picked":"Defragment+1","floor":27},{"not_picked":["Blizzard","Barrage"],"picked":"Buffer","floor":28},{"not_picked":["Coolheaded","Barrage"],"picked":"Chaos+1","floor":31},{"not_picked":["Fission","Biased Cognition"],"picked":"Rainbow","floor":33},{"not_picked":["Redo","Storm+1"],"picked":"Conserve Battery+1","floor":35},{"not_picked":["Rebound","Ball Lightning"],"picked":"Go for the Eyes+1","floor":36},{"not_picked":["BootSequence+1","Gash+1"],"picked":"Force Field+1","floor":38},{"not_picked":["Turbo","Rebound"],"picked":"Consume+1","floor":41},{"not_picked":["Creative AI","Sweeping Beam"],"picked":"Self Repair+1","floor":44},{"not_picked":["Compile Driver+1","Cold Snap+1"],"picked":"Streamline+1","floor":46},{"not_picked":["Capacitor+1","Recycle+1"],"picked":"Go for the Eyes+1","floor":47}],"player_experience":174523,"relics_obtained":[{"floor":6,"key":"Meat on the Bone"},{"floor":26,"key":"Juzu Bracelet"},{"floor":28,"key":"Gambling Chip"},{"floor":43,"key":"Bag of Marbles"},{"floor":44,"key":"Molten Egg 2"},{"floor":47,"key":"Thread and Needle"}],"event_choices":[{"damage_healed":0,"gold_gain":175,"player_choice":"AGREE","damage_taken":0,"max_hp_gain":0,"max_hp_loss":0,"event_name":"Liars Game","floor":3,"gold_loss":0,"cards_obtained":["Doubt"]},{"damage_healed":0,"gold_gain":0,"player_choice":"Box","damage_taken":0,"relics_obtained":["Omamori"],"max_hp_gain":0,"max_hp_loss":0,"event_name":"Big Fish","floor":4,"gold_loss":0,"cards_obtained":["Regret"]},{"damage_healed":0,"gold_gain":0,"player_choice":"Take Wound","damage_taken":0,"relics_obtained":["Golden Idol"],"max_hp_gain":0,"max_hp_loss":0,"event_name":"Golden Idol","floor":5,"gold_loss":0,"cards_obtained":["Injury"]},{"cards_removed":["Doubt"],"damage_healed":0,"gold_gain":0,"player_choice":"Card Removal","damage_taken":7,"max_hp_gain":0,"max_hp_loss":0,"event_name":"Golden Wing","floor":10,"gold_loss":0},{"damage_healed":17,"gold_gain":0,"player_choice":"Healed and dodged fight","damage_taken":0,"max_hp_gain":0,"max_hp_loss":0,"event_name":"Mushrooms","floor":13,"gold_loss":0,"cards_obtained":["Parasite"]},{"damage_healed":0,"gold_gain":0,"player_choice":"Read","damage_taken":0,"max_hp_gain":0,"max_hp_loss":0,"event_name":"The Library","floor":21,"gold_loss":0,"cards_obtained":["Storm"]},{"damage_healed":0,"gold_gain":0,"player_choice":"Ignored","damage_taken":0,"max_hp_gain":0,"max_hp_loss":0,"event_name":"Ghosts","floor":22,"gold_loss":0},{"damage_healed":0,"gold_gain":0,"player_choice":"Gave Idol","damage_taken":0,"relics_obtained":["Bloody Idol"],"max_hp_gain":0,"max_hp_loss":0,"event_name":"Forgotten Altar","floor":30,"relics_lost":["Golden Idol"],"gold_loss":0},{"cards_removed":["Parasite"],"damage_healed":0,"gold_gain":0,"player_choice":"Purged","damage_taken":0,"max_hp_gain":0,"max_hp_loss":0,"event_name":"Purifier","floor":39,"gold_loss":0},{"damage_healed":0,"gold_gain":0,"player_choice":"Fight","damage_taken":0,"max_hp_gain":0,"max_hp_loss":0,"event_name":"MindBloom","floor":47,"gold_loss":0}],"is_beta":false,"boss_relics":[{"not_picked":["Calling Bell","Fusion Hammer"],"picked":"Eternal Feather"},{"not_picked":["Busted Crown","Empty Cage"],"picked":"Inserter"}],"items_purged_floors":[11],"is_endless":false,"potions_floor_spawned":[2,6,14,16,18,24,33,36,41,44],"killed_by":"Reptomancer","ascension_level":0}