{"gold_per_floor":[113,127,52,52,72,72,72,92,92,92,92,116,135,166,166,166],"floor_reached":16,"playtime":545,"items_purged":["Strike_B"],"score":138,"play_id":"c4c97acd-f99b-4af8-9e15-52e5e47c3b22","local_time":"20190303115307","is_ascension_mode":true,"campfire_choices":[{"data":"Sweeping Beam","floor":6.0,"key":"SMITH"},{"floor":15.0,"key":"REST"}],"neow_cost":"NONE","seed_source_timestamp":12547072433340,"circlet_count":0,"master_deck":["Strike_B","Strike_B+1","Defend_B","Defend_B","Defend_B","Defend_B","Zap","Dualcast+1","Loop","Sweeping Beam+1","Defragment","Fission"],"special_seed":0,"relics":["Cracked Core","NeowsBlessing","Potion Belt","Bottled Flame","Golden Idol","Smiling Mask"],"potions_floor_usage":[16,16,16],"damage_taken":[{"damage":0.0,"enemies":"Cultist","floor":1.0,"turns":1.0},{"damage":0.0,"enemies":"Small Slimes","floor":2.0,"turns":1.0},{"damage":0.0,"enemies":"2 Louse","floor":5.0,"turns":1.0},{"damage":0.0,"enemies":"Red Slaver","floor":8.0,"turns":4.0},{"damage":9.0,"enemies":"Exordium Wildlife","floor":12.0,"turns":3.0},{"damage":2.0,"enemies":"Looter","floor":13.0,"turns":3.0},{"damage":5.0,"enemies":"3 Sentries","floor":14.0,"turns":2.0},{"damage":46,"enemies":"Slime Boss","floor":16,"turns":8}],"seed_played":"-6869963212314854506","potions_obtained":[{"floor":2.0,"key":"SkillPotion"},{"floor":8.0,"key":"SpeedPotion"},{"floor":12.0,"key":"PowerPotion"},{"floor":13.0,"key":"Weak Potion"},{"floor":14.0,"key":"SpeedPotion"}],"is_trial":false,"path_per_floor":["M","M","$","T","M","R","?","M","T","?","?","M","M","E","R","B"],"character_chosen":"DEFECT","items_purchased":[],"campfire_rested":1,"item_purchase_floors":[],"current_hp_per_floor":[68,68,68,68,68,68,53,53,53,35,35,26,24,19,41,0],"gold":166,"neow_bonus":"THREE_ENEMY_KILL","is_prod":false,"is_daily":false,"chose_seed":false,"campfire_upgraded":1,"win_rate":0,"timestamp":1551635587,"path_taken":["M","?","$","?","M","R","?","M","T","?","?","M","?","E","R","BOSS"],"build_version":"2019-01-23","purchased_purges":1,"victory":false,"max_hp_per_floor":[75,75,75,75,75,75,75,75,75,75,75,75,75,75,75,75],"card_choices":[{"not_picked":["Redo","Hologram"],"picked":"Loop","floor":1.0},{"not_picked":["Sunder","Stack","Compile Driver"],"picked":"SKIP","floor":2.0},{"not_picked":["Ball Lightning","Coolheaded"],"picked":"Sweeping Beam","floor":5.0},{"not_picked":["Undo","Beam Cell"],"picked":"Defragment","floor":8.0},{"not_picked":["Lockon","Streamline","Consume"],"picked":"SKIP","floor":12.0},{"not_picked":["Compile Driver","Turbo","Cold Snap"],"picked":"SKIP","floor":13.0},{"not_picked":["Leap","Scrape"],"picked":"Fission","floor":14.0}],"player_experience":461171,"relics_obtained":[{"floor":4.0,"key":"Potion Belt"},{"floor":9.0,"key":"Bottled Flame"},{"floor":14.0,"key":"Smiling Mask"}],"event_choices":[{"damage_healed":0.0,"max_hp_gain":0.0,"max_hp_loss":0.0,"gold_gain":0.0,"event_name":"Shining Light","player_choice":"Entered Light","floor":7.0,"gold_loss":0.0,"damage_taken":15.0,"cards_upgraded":["Strike_B","Dualcast"]},{"damage_healed":0.0,"max_hp_gain":0.0,"max_hp_loss":0.0,"gold_gain":0.0,"event_name":"Golden Idol","player_choice":"Take Damage","floor":10.0,"gold_loss":0.0,"damage_taken":18.0,"relics_obtained":["Golden Idol"]},{"cards_removed":["Strike_B"],"damage_healed":0.0,"max_hp_gain":0.0,"max_hp_loss":0.0,"gold_gain":0.0,"event_name":"Bonfire Elementals","player_choice":"Offered Basic","floor":11.0,"gold_loss":0.0,"damage_taken":0.0}],"is_beta":false,"boss_relics":[],"items_purged_floors":[3],"is_endless":false,"potions_floor_spawned":[2,8,12,13,14],"killed_by":"Slime Boss","ascension_level":7}