{"gold_per_floor":[116,130,143,143,153,184,197,225,280,280,290,317,317,331,331,432,432,450,375,393,393,34,34,45,71,71,71,85,85,110,121,121,220,220,237,237,61,71,84,84,84],"floor_reached":41,"playtime":2167,"items_purged":["Strike_R+1"],"score":598,"play_id":"70e4f419-794b-482b-84f5-07f7ac9a92b4","local_time":"20190425222911","is_ascension_mode":true,"campfire_choices":[{"data":"Battle Trance","floor":10,"key":"SMITH"},{"data":"Heavy Blade","floor":13,"key":"SMITH"},{"data":"Infernal Blade","floor":15,"key":"SMITH"},{"data":"Spot Weakness","floor":23,"key":"SMITH"},{"floor":29,"key":"REST"},{"data":"Shrug It Off","floor":32,"key":"SMITH"},{"data":"Body Slam","floor":40,"key":"SMITH"}],"neow_cost":"NONE","seed_source_timestamp":5583971593089,"circlet_count":0,"master_deck":["Strike_R+1","Defend_R+1","Defend_R+1","Defend_R+1","Defend_R+1","Bash","Cleave","Spot Weakness+1","Power Through+1","Heavy Blade+1","Infernal Blade+1","Battle Trance+1","Impervious+1","Immolate","Shrug It Off+1","Offering","Sword Boomerang","Rampage","Iron Wave","Clothesline","True Grit+1","Sword Boomerang","Impervious","Wild Strike","Double Tap","Body Slam+1","Body Slam+1","Spot Weakness","Flex+1","Parasite"],"relics":["Black Blood","NeowsBlessing","Ancient Tea Set","Pantograph","Tiny Chest","Anchor","Ice Cream","Centennial Puzzle","Blue Candle","Du-Vu Doll","War Paint","Black Star"],"potions_floor_usage":[5,8,16,31,33,33,33,35,38,41],"damage_taken":[{"damage":0,"enemies":"Jaw Worm","floor":1,"turns":1},{"damage":0,"enemies":"Cultist","floor":2,"turns":1},{"damage":0,"enemies":"Small Slimes","floor":3,"turns":1},{"damage":11,"enemies":"2 Fungi Beasts","floor":5,"turns":4},{"damage":41,"enemies":"Lagavulin","floor":6,"turns":9},{"damage":3,"enemies":"Blue Slaver","floor":7,"turns":4},{"damage":12,"enemies":"Gremlin Nob","floor":8,"turns":3},{"damage":0,"enemies":"Red Slaver","floor":11,"turns":2},{"damage":0,"enemies":"Large Slime","floor":14,"turns":4},{"damage":0,"enemies":"Slime Boss","floor":16,"turns":8},{"damage":26,"enemies":"Shell Parasite","floor":18,"turns":6},{"damage":1,"enemies":"Chosen","floor":20,"turns":5},{"damage":0,"enemies":"Snake Plant","floor":24,"turns":1},{"damage":57,"enemies":"Book of Stabbing","floor":25,"turns":7},{"damage":19,"enemies":"Cultist and Chosen","floor":28,"turns":6},{"damage":10,"enemies":"Slavers","floor":30,"turns":5},{"damage":2,"enemies":"Snecko","floor":31,"turns":3},{"damage":47,"enemies":"Automaton","floor":33,"turns":10},{"damage":2,"enemies":"Orb Walker","floor":35,"turns":4},{"damage":69,"enemies":"3 Darklings","floor":38,"turns":7},{"damage":10,"enemies":"Writhing Mass","floor":39,"turns":6},{"damage":38,"enemies":"Giant Head","floor":41,"turns":6}],"seed_played":"1314104242591948312","potions_obtained":[{"floor":1,"key":"PowerPotion"},{"floor":2,"key":"SpeedPotion"},{"floor":5,"key":"Fire Potion"},{"floor":7,"key":"Strength Potion"},{"floor":24,"key":"FearPotion"},{"floor":25,"key":"LiquidBronze"},{"floor":30,"key":"BloodPotion"},{"floor":31,"key":"EntropicBrew"},{"floor":38,"key":"Ancient Potion"}],"is_trial":false,"path_per_floor":["M","M","M","?","M","E","M","E","T","R","M","T","R","M","R","B",null,"M","?","M","?","$","R","M","E","T","T","M","R","E","M","R","B",null,"M","?","$","M","M","R","E"],"character_chosen":"IRONCLAD","items_purchased":["Ice Cream","Iron Wave","Body Slam","Spot Weakness"],"campfire_rested":1,"item_purchase_floors":[22,22,37,37],"current_hp_per_floor":[80,80,80,80,75,40,43,37,37,37,43,43,43,49,49,80,80,64,64,73,73,73,73,80,33,33,33,24,48,48,64,64,43,80,80,80,80,21,21,21,0],"gold":84,"neow_bonus":"THREE_ENEMY_KILL","is_prod":false,"is_daily":false,"chose_seed":false,"campfire_upgraded":6,"win_rate":0,"timestamp":1556195351,"path_taken":["M","M","M","?","?","E","M","E","T","R","M","?","R","M","R","BOSS","M","?","M","?","$","R","M","E","T","?","M","R","E","?","R","BOSS","M","?","$","M","M","R","E"],"build_version":"2019-01-23","purchased_purges":1,"victory":false,"max_hp_per_floor":[80,80,80,80,80,80,80,80,80,80,80,80,80,80,80,80,80,80,80,80,80,80,80,80,80,80,80,80,80,80,80,80,80,80,80,80,80,80,80,80,80],"card_choices":[{"not_picked":["Perfected Strike","Heavy Blade"],"picked":"Cleave","floor":1},{"not_picked":["Clash","Bloodletting"],"picked":"Spot Weakness","floor":2},{"not_picked":["Sword Boomerang","Armaments"],"picked":"Power Through","floor":3},{"not_picked":["Warcry","Whirlwind"],"picked":"Heavy Blade","floor":5},{"not_picked":["Havoc","Carnage"],"picked":"Infernal Blade","floor":6},{"not_picked":["Body Slam","Wild Strike"],"picked":"Battle Trance","floor":7},{"not_picked":["Cleave","Clash"],"picked":"Impervious","floor":8},{"not_picked":["Twin Strike","Perfected Strike"],"picked":"Immolate","floor":11},{"not_picked":["Clash","Perfected Strike"],"picked":"Shrug It Off","floor":14},{"not_picked":["Dark Embrace","Berserk"],"picked":"Offering","floor":16},{"not_picked":["Warcry","True Grit"],"picked":"Sword Boomerang","floor":18},{"not_picked":["Fire Breathing","Battle Trance"],"picked":"Rampage","floor":20},{"not_picked":["Rage","Spot Weakness"],"picked":"Clothesline","floor":24},{"not_picked":["Twin Strike","Evolve"],"picked":"True Grit+1","floor":25},{"not_picked":["Shockwave","Warcry"],"picked":"Sword Boomerang","floor":28},{"not_picked":["Headbutt","Wild Strike"],"picked":"Impervious","floor":30},{"not_picked":["Intimidate","Ghostly Armor"],"picked":"Wild Strike","floor":31},{"not_picked":["Impervious","Fiend Fire"],"picked":"Double Tap","floor":33},{"not_picked":["Clothesline+1","Ghostly Armor"],"picked":"Body Slam+1","floor":35},{"not_picked":["Perfected Strike+1","Iron Wave+1"],"picked":"Flex+1","floor":38},{"not_picked":["Body Slam","Havoc","Combust+1"],"picked":"SKIP","floor":39}],"player_experience":479432,"relics_obtained":[{"floor":6,"key":"Ancient Tea Set"},{"floor":8,"key":"Pantograph"},{"floor":9,"key":"Tiny Chest"},{"floor":12,"key":"Anchor"},{"floor":25,"key":"Centennial Puzzle"},{"floor":26,"key":"Blue Candle"},{"floor":27,"key":"Du-Vu Doll"},{"floor":30,"key":"War Paint"}],"event_choices":[{"cards_removed":["Strike_R"],"damage_healed":0,"gold_gain":0,"player_choice":"Offered Basic","damage_taken":0,"max_hp_gain":0,"max_hp_loss":0,"event_name":"Bonfire Elementals","floor":4,"gold_loss":0},{"cards_removed":["Strike_R"],"damage_healed":0,"gold_gain":0,"player_choice":"Gave Gold","damage_taken":0,"max_hp_gain":0,"max_hp_loss":0,"event_name":"Beggar","floor":19,"gold_loss":75},{"damage_healed":0,"gold_gain":0,"player_choice":"Simplicity","damage_taken":0,"max_hp_gain":0,"max_hp_loss":0,"event_name":"Back to Basics","floor":21,"gold_loss":0,"cards_upgraded":["Strike_R","Strike_R","Strike_R","Defend_R","Defend_R","Defend_R","Defend_R"]},{"cards_removed":["Strike_R"],"damage_healed":0,"gold_gain":0,"player_choice":"Removed Attack","damage_taken":0,"max_hp_gain":0,"max_hp_loss":0,"event_name":"Falling","floor":36,"gold_loss":0}],"is_beta":false,"boss_relics":[{"not_picked":["Astrolabe","White Beast Statue"],"picked":"Black Blood"},{"not_picked":["Velvet Choker","Snecko Eye"],"picked":"Black Star"}],"items_purged_floors":[37],"is_endless":false,"potions_floor_spawned":[1,2,5,7,24,25,28,30,31,38],"killed_by":"Giant Head","ascension_level":3}