{"gold_per_floor":[118,137,149,161,161,191,266,285,311,330,330],"floor_reached":11,"playtime":1035,"items_purged":[],"score":77,"play_id":"5331c2cb-60a7-4e8b-b082-64059d926eba","local_time":"20190716233506","is_ascension_mode":false,"campfire_choices":[],"neow_cost":"PERCENT_DAMAGE","seed_source_timestamp":28034315062288,"circlet_count":0,"master_deck":["Strike_R","Strike_R","Strike_R","Defend_R","Defend_R","Defend_R","Defend_R","Bash","Whirlwind","Warcry","Inflame"],"relics":["Burning Blood","Nunchaku"],"potions_floor_usage":[4,6,8,10],"damage_taken":[{"damage":1,"enemies":"Cultist","floor":1,"turns":4},{"damage":0,"enemies":"2 Louse","floor":2,"turns":2},{"damage":6,"enemies":"Jaw Worm","floor":3,"turns":6},{"damage":11,"enemies":"Exordium Wildlife","floor":4,"turns":5},{"damage":38,"enemies":"Gremlin Nob","floor":6,"turns":6},{"damage":20,"enemies":"Exordium Thugs","floor":8,"turns":4},{"damage":2,"enemies":"Large Slime","floor":10,"turns":4},{"damage":26,"enemies":"Lots of Slimes","floor":11,"turns":3}],"seed_played":"-8092109067119394303","potions_obtained":[{"floor":1,"key":"GamblersBrew"},{"floor":2,"key":"Fire Potion"},{"floor":6,"key":"Regen Potion"},{"floor":8,"key":"Fire Potion"}],"is_trial":false,"path_per_floor":["M","M","M","M","?","E","?","M","T","M","M"],"character_chosen":"IRONCLAD","items_purchased":[],"campfire_rested":0,"item_purchase_floors":[],"current_hp_per_floor":[61,67,67,62,67,35,24,22,22,26,0],"gold":330,"neow_bonus":"REMOVE_TWO","is_prod":false,"is_daily":false,"chose_seed":false,"campfire_upgraded":0,"win_rate":0,"timestamp":1563312906,"path_taken":["M","M","M","M","?","E","?","M","T","M","M"],"build_version":"2019-07-05","purchased_purges":0,"victory":false,"max_hp_per_floor":[80,80,80,80,85,85,85,85,85,85,85],"card_choices":[{"not_picked":["Burning Pact","Shockwave"],"picked":"Whirlwind","floor":1},{"not_picked":["Perfected Strike","Cleave"],"picked":"Warcry","floor":2},{"not_picked":["Heavy Blade","Fire Breathing","True Grit"],"picked":"SKIP","floor":3},{"not_picked":["Fire Breathing","Clash"],"picked":"Inflame","floor":4},{"not_picked":["Rage","Wild Strike","Heavy Blade"],"picked":"SKIP","floor":6},{"not_picked":["Cleave","Limit Break","Clothesline"],"picked":"SKIP","floor":8},{"not_picked":["Clash","Power Through","Havoc"],"picked":"SKIP","floor":10}],"player_experience":175778,"relics_obtained":[{"floor":6,"key":"Nunchaku"}],"event_choices":[{"damage_healed":0,"gold_gain":0,"player_choice":"Donut","damage_taken":0,"max_hp_gain":5,"max_hp_loss":0,"event_name":"Big Fish","floor":5,"gold_loss":0},{"damage_healed":0,"gold_gain":75,"player_choice":"Gather Gold","damage_taken":11,"max_hp_gain":0,"max_hp_loss":0,"event_name":"World of Goop","floor":7,"gold_loss":0}],"is_beta":false,"boss_relics":[],"items_purged_floors":[],"is_endless":false,"potions_floor_spawned":[1,2,6,8],"killed_by":"Lots of Slimes","ascension_level":0}