{"gold_per_floor":[16,16,29,29,29,29,63,63,63,80,106,106,116,143,143,241,241,252,268,20,20,40,40,55,55,55,55,69,100,116,149,149,247,247,265,1264,543,543,543,543,557,557,584,584,615,633,663,682,682,682],"floor_reached":51,"playtime":4186,"items_purged":["Strike_G","Normality"],"score":1013,"play_id":"a0563fc6-c7e2-4c7e-a85b-cd1c085ab436","local_time":"20190526234903","is_ascension_mode":true,"campfire_choices":[{"data":"Neutralize","floor":6,"key":"SMITH"},{"floor":8,"key":"REST"},{"floor":12,"key":"REST"},{"data":"PiercingWail","floor":15,"key":"SMITH"},{"data":"Sucker Punch","floor":23,"key":"SMITH"},{"data":"Wraith Form v2","floor":25,"key":"SMITH"},{"data":"Footwork","floor":27,"key":"SMITH"},{"data":"Prepared","floor":32,"key":"SMITH"},{"data":"Normality","floor":40,"key":"PURGE"},{"data":"Tactician","floor":42,"key":"SMITH"},{"data":"Riddle With Holes","floor":44,"key":"SMITH"},{"data":"Calculated Gamble","floor":49,"key":"SMITH"}],"neow_cost":"NO_GOLD","seed_source_timestamp":51856109685688,"circlet_count":0,"master_deck":["Defend_G","Defend_G+1","Defend_G","Defend_G","Defend_G","Strike_G","Strike_G","Survivor","Neutralize+1","Dagger Spray+1","Backflip","Prepared+1","PiercingWail+1","Acrobatics","Backstab","Tools of the Trade","Dodge and Roll","Cloak And Dagger","Footwork+1","Underhanded Strike","Sucker Punch+1","Wraith Form v2+1","Poisoned Stab","Riddle With Holes+1","Tactician+1","Dagger Throw+1","Venomology","Calculated Gamble+1","Prepared","All Out Attack","PiercingWail+1","Flying Knee+1","Quick Slash","Tactician+1","Acrobatics+1"],"relics":["Ring of the Serpent","Tough Bandages","Mummified Hand","Calipers","Bronze Scales","Bird Faced Urn","Eternal Feather","Paper Crane","Peace Pipe","Blood Vial","Question Card","OrangePellets","Smiling Mask","Ancient Tea Set","Bag of Preparation","Anchor"],"potions_floor_usage":[7,11,11,14,24,28,29,31,45,45,45,45,46,46,47,50,50],"damage_taken":[{"damage":0,"enemies":"Small Slimes","floor":1,"turns":4},{"damage":0,"enemies":"2 Louse","floor":3,"turns":2},{"damage":19,"enemies":"3 Sentries","floor":7,"turns":9},{"damage":0,"enemies":"Cultist","floor":10,"turns":4},{"damage":4,"enemies":"Lagavulin","floor":11,"turns":9},{"damage":6,"enemies":"Red Slaver","floor":13,"turns":3},{"damage":6,"enemies":"Gremlin Nob","floor":14,"turns":4},{"damage":10,"enemies":"The Guardian","floor":16,"turns":16},{"damage":13,"enemies":"2 Thieves","floor":18,"turns":4},{"damage":0,"enemies":"Shell Parasite","floor":19,"turns":8},{"damage":0,"enemies":"3 Cultists","floor":22,"turns":5},{"damage":0,"enemies":"Snake Plant","floor":24,"turns":5},{"damage":3,"enemies":"Cultist and Chosen","floor":28,"turns":9},{"damage":20,"enemies":"Slavers","floor":29,"turns":7},{"damage":0,"enemies":"Centurion and Healer","floor":30,"turns":11},{"damage":5,"enemies":"Book of Stabbing","floor":31,"turns":7},{"damage":35,"enemies":"Collector","floor":33,"turns":14},{"damage":4,"enemies":"Orb Walker","floor":35,"turns":5},{"damage":2,"enemies":"3 Shapes","floor":41,"turns":6},{"damage":26,"enemies":"Giant Head","floor":45,"turns":15},{"damage":21,"enemies":"Transient","floor":46,"turns":5},{"damage":11,"enemies":"Nemesis","floor":47,"turns":11},{"damage":0,"enemies":"4 Shapes","floor":48,"turns":6},{"damage":54,"enemies":"Awakened One","floor":50,"turns":31}],"seed_played":"-5857375630230546797","potions_obtained":[{"floor":3,"key":"LiquidBronze"},{"floor":7,"key":"Weak Potion"},{"floor":10,"key":"GhostInAJar"},{"floor":13,"key":"Energy Potion"},{"floor":24,"key":"Energy Potion"},{"floor":28,"key":"LiquidBronze"},{"floor":29,"key":"Explosive Potion"},{"floor":33,"key":"Ancient Potion"},{"floor":45,"key":"GhostInAJar"},{"floor":47,"key":"FairyPotion"},{"floor":48,"key":"Explosive Potion"}],"is_trial":false,"path_per_floor":["M","?","M","?","?","R","E","R","T","M","E","R","M","E","R","B",null,"M","M","$","?","M","R","M","R","T","R","M","E","M","E","R","B",null,"M","?","$","?","?","R","M","R","T","R","E","M","E","M","R","B",null],"character_chosen":"THE_SILENT","items_purchased":["Footwork","Underhanded Strike","Energy Potion","Question Card","OrangePellets","Prepared","Regen Potion","All Out Attack"],"campfire_rested":2,"item_purchase_floors":[20,20,20,37,37,37,37,37],"current_hp_per_floor":[63,49,49,49,49,49,30,51,51,51,47,68,62,56,56,46,64,53,55,55,55,59,70,70,70,70,70,69,53,57,58,70,35,61,61,61,61,61,61,70,70,70,70,70,48,35,32,38,59,13],"gold":682,"neow_bonus":"ONE_RARE_RELIC","is_prod":false,"is_daily":false,"chose_seed":false,"campfire_upgraded":9,"win_rate":0,"timestamp":1558878543,"path_taken":["M","?","M","?","?","R","E","R","T","M","E","R","M","E","R","BOSS","M","M","$","?","?","R","M","R","T","R","M","E","M","E","R","BOSS","M","?","$","?","?","R","?","R","T","R","E","M","E","M","R","BOSS"],"build_version":"2019-01-23","purchased_purges":2,"victory":true,"max_hp_per_floor":[70,70,70,70,70,70,70,70,70,70,70,70,70,70,70,70,70,70,70,70,70,70,70,70,70,70,70,70,70,70,70,70,70,70,70,70,70,70,70,70,70,70,70,70,70,70,70,70,70,70],"card_choices":[{"not_picked":["Dagger Throw","Sucker Punch"],"picked":"Dagger Spray","floor":1},{"not_picked":["Choke","Finisher"],"picked":"Backflip","floor":3},{"not_picked":["Flying Knee","Infinite Blades"],"picked":"Prepared","floor":7},{"not_picked":["Deflect","Deadly Poison"],"picked":"Dagger Throw","floor":10},{"not_picked":["Prepared","Phantasmal Killer"],"picked":"PiercingWail","floor":11},{"not_picked":["Deflect","Bane"],"picked":"Acrobatics","floor":13},{"not_picked":["Noxious Fumes","Bane"],"picked":"Backstab","floor":14},{"not_picked":["Storm of Steel","Envenom"],"picked":"Tools of the Trade","floor":16},{"not_picked":["Finisher","Prepared"],"picked":"Dodge and Roll","floor":18},{"not_picked":["Bane+1","Acrobatics+1"],"picked":"Cloak And Dagger","floor":19},{"not_picked":["Setup","Dagger Spray+1"],"picked":"Sucker Punch","floor":22},{"not_picked":["Heel Hook","Leg Sweep"],"picked":"Wraith Form v2","floor":24},{"not_picked":["Heel Hook","Accuracy"],"picked":"Poisoned Stab","floor":28},{"not_picked":["Underhanded Strike","Bouncing Flask"],"picked":"Riddle With Holes","floor":29},{"not_picked":["Heel Hook","Poisoned Stab+1"],"picked":"Tactician","floor":30},{"not_picked":["Underhanded Strike","Sucker Punch"],"picked":"Dagger Throw+1","floor":31},{"not_picked":["Tools of the Trade","Malaise"],"picked":"Venomology","floor":33},{"not_picked":["All Out Attack","Quick Slash+1"],"picked":"Calculated Gamble","floor":35},{"not_picked":["Outmaneuver","Underhanded Strike","Prepared"],"picked":"PiercingWail+1","floor":41},{"not_picked":["Dagger Spray","Bouncing Flask+1","Blade Dance"],"picked":"Flying Knee+1","floor":45},{"not_picked":["Tools of the Trade","Prepared+1","Slice+1"],"picked":"Quick Slash","floor":46},{"not_picked":["Venomology","Flying Knee+1","Poisoned Stab"],"picked":"Tactician+1","floor":47},{"not_picked":["Dagger Throw+1","Prepared+1","Infinite Blades"],"picked":"Acrobatics+1","floor":48}],"player_experience":733131,"relics_obtained":[{"floor":7,"key":"Mummified Hand"},{"floor":9,"key":"Calipers"},{"floor":11,"key":"Bronze Scales"},{"floor":14,"key":"Bird Faced Urn"},{"floor":26,"key":"Paper Crane"},{"floor":29,"key":"Peace Pipe"},{"floor":31,"key":"Blood Vial"},{"floor":43,"key":"Ancient Tea Set"},{"floor":45,"key":"Bag of Preparation"},{"floor":47,"key":"Anchor"}],"event_choices":[{"damage_healed":0,"gold_gain":0,"player_choice":"Entered Light","damage_taken":14,"max_hp_gain":0,"max_hp_loss":0,"event_name":"Shining Light","floor":2,"gold_loss":0,"cards_upgraded":["Defend_G","Dagger Spray"]},{"damage_healed":0,"gold_gain":0,"player_choice":"Leave","damage_taken":0,"max_hp_gain":0,"max_hp_loss":0,"event_name":"The Cleric","floor":4,"gold_loss":0},{"cards_removed":["Strike_G"],"damage_healed":0,"gold_gain":0,"player_choice":"Purged","damage_taken":0,"max_hp_gain":0,"max_hp_loss":0,"event_name":"Purifier","floor":5,"gold_loss":0},{"cards_removed":["Strike_G"],"damage_healed":0,"gold_gain":0,"player_choice":"Purged","damage_taken":0,"max_hp_gain":0,"max_hp_loss":0,"event_name":"Purifier","floor":21,"gold_loss":0},{"damage_healed":0,"gold_gain":999,"player_choice":"Gold","damage_taken":0,"max_hp_gain":0,"max_hp_loss":0,"event_name":"MindBloom","floor":36,"gold_loss":0,"cards_obtained":["Normality","Normality"]},{"cards_removed":["Dagger Throw"],"damage_healed":0,"gold_gain":0,"player_choice":"Removed Attack","damage_taken":0,"max_hp_gain":0,"max_hp_loss":0,"event_name":"Falling","floor":38,"gold_loss":0},{"damage_healed":0,"gold_gain":0,"player_choice":"Gave Potion","damage_taken":0,"relics_obtained":["Smiling Mask"],"max_hp_gain":0,"max_hp_loss":0,"event_name":"WeMeetAgain","floor":39,"gold_loss":0}],"is_beta":false,"boss_relics":[{"not_picked":["White Beast Statue","Philosopher\u0027s Stone"],"picked":"Eternal Feather"},{"not_picked":["Black Star","Sozu"],"picked":"Ring of the Serpent"}],"items_purged_floors":[20,37],"is_endless":false,"potions_floor_spawned":[3,7,10,13,24,28,29,33,45,47,48],"ascension_level":7}