{"gold_per_floor":[19,19,19,35,59,134,134,167,219,243,287,300,300,336,336,425,425,444,465,380,380,403,403,421,442,442,442,457,492,511,12,12,101,101,116,140,140,140,156,197,197,197],"floor_reached":42,"playtime":2558,"items_purged":[],"score":936,"play_id":"a7e2bd09-cf49-439e-b3a6-35c179e02449","local_time":"20190620154141","is_ascension_mode":true,"campfire_choices":[{"floor":7.0,"key":"REST"},{"floor":15.0,"key":"REST"},{"floor":23.0,"key":"REST"},{"floor":27.0,"key":"REST"},{"data":"Rainbow","floor":32,"key":"SMITH"},{"floor":41,"key":"REST"}],"neow_cost":"NO_GOLD","seed_source_timestamp":0,"circlet_count":0,"master_deck":["AscendersBane","Strike_B+1","Strike_B+1","Strike_B+1","Strike_B+1","Defend_B+1","Defend_B+1","Defend_B+1","Defend_B+1","Zap","Dualcast","Compile Driver","Leap","Rainbow+1","Core Surge","Capacitor","BootSequence","Streamline","Rainbow+1","Steam","Conserve Battery","Compile Driver","Coolheaded","White Noise+1","Beam Cell+1","Meteor Strike","Ball Lightning+1","Hologram+1","Madness","Madness","Consume+1","Ball Lightning+1"],"special_seed":0,"relics":["Cracked Core","Golden Idol","Regal Pillow","Happy Flower","Vajra","Boot","Ornamental Fan","Bag of Preparation","Philosopher\u0027s Stone","Singing Bowl","Anchor","Gremlin Horn","Lee\u0027s Waffle","Mummified Hand","Inserter","Shovel"],"potions_floor_usage":[30],"damage_taken":[{"damage":5.0,"enemies":"Small Slimes","floor":1.0,"turns":4.0},{"damage":6.0,"enemies":"2 Louse","floor":4.0,"turns":2.0},{"damage":7.0,"enemies":"Cultist","floor":5.0,"turns":5.0},{"damage":38.0,"enemies":"3 Sentries","floor":8.0,"turns":9.0},{"damage":5.0,"enemies":"3 Louse","floor":10.0,"turns":3.0},{"damage":4.0,"enemies":"Gremlin Nob","floor":11.0,"turns":3.0},{"damage":0.0,"enemies":"Large Slime","floor":12.0,"turns":4.0},{"damage":12.0,"enemies":"3 Sentries","floor":14.0,"turns":8.0},{"damage":31.0,"enemies":"The Guardian","floor":16.0,"turns":13.0},{"damage":15.0,"enemies":"Shell Parasite","floor":18.0,"turns":7.0},{"damage":0.0,"enemies":"3 Byrds","floor":19.0,"turns":1.0},{"damage":7.0,"enemies":"Centurion and Healer","floor":24.0,"turns":8.0},{"damage":26.0,"enemies":"Snake Plant","floor":25.0,"turns":5.0},{"damage":26.0,"enemies":"Snecko","floor":28.0,"turns":6.0},{"damage":34.0,"enemies":"Gremlin Leader","floor":29.0,"turns":9.0},{"damage":0,"enemies":"Chosen and Byrds","floor":30,"turns":3},{"damage":66,"enemies":"Collector","floor":33,"turns":7},{"damage":0,"enemies":"3 Shapes","floor":35,"turns":4},{"damage":9,"enemies":"Orb Walker","floor":36,"turns":3},{"damage":5,"enemies":"Writhing Mass","floor":39,"turns":7},{"damage":20,"enemies":"Nemesis","floor":40,"turns":7},{"damage":62,"enemies":"Giant Head","floor":42,"turns":6}],"seed_played":"908556972218946","potions_obtained":[{"floor":5.0,"key":"Dexterity Potion"},{"floor":8.0,"key":"FearPotion"},{"floor":10.0,"key":"PowerPotion"},{"floor":12.0,"key":"GamblersBrew"},{"floor":14.0,"key":"Ancient Potion"},{"floor":18.0,"key":"PowerPotion"},{"floor":24.0,"key":"Swift Potion"},{"floor":28.0,"key":"Poison Potion"},{"floor":29.0,"key":"Explosive Potion"},{"floor":36,"key":"FearPotion"}],"is_trial":false,"path_per_floor":["M","?","?","M","M","?","R","E","T","M","E","M","?","E","R","B",null,"M","M","?","?","T","R","M","M","T","R","M","E","M","$","R","B",null,"M","M","?","?","M","E","R","E"],"character_chosen":"DEFECT","items_purchased":["Lee\u0027s Waffle","Mummified Hand"],"campfire_rested":5,"item_purchase_floors":[31,31],"current_hp_per_floor":[73,73,47,41,34,23,61,23,23,18,14,14,14,2,40,9,60,45,45,45,45,45,77,70,44,44,77,51,17,19,86,86,20,70,70,61,46,46,41,21,61,0],"gold":197,"neow_bonus":"TWENTY_PERCENT_HP_BONUS","is_prod":false,"is_daily":false,"chose_seed":false,"campfire_upgraded":1,"win_rate":0,"timestamp":1561059701,"path_taken":["M","?","?","M","M","?","R","E","T","M","E","M","?","E","R","BOSS","M","?","?","?","?","R","?","M","T","R","M","E","M","$","R","BOSS","M","M","?","?","M","E","R","E"],"build_version":"2019-06-18","purchased_purges":0,"victory":false,"max_hp_per_floor":[85,77,77,77,77,77,77,77,77,77,77,77,77,77,77,77,77,77,77,77,77,77,77,77,77,77,77,77,77,79,86,86,86,86,86,86,86,86,86,86,86,86],"card_choices":[{"not_picked":["Hologram","Melter"],"picked":"Compile Driver","floor":1.0},{"not_picked":["Double Energy","Turbo"],"picked":"Leap","floor":4.0},{"not_picked":["Redo","Force Field"],"picked":"Rainbow","floor":5.0},{"not_picked":["Undo","Force Field"],"picked":"Core Surge","floor":8.0},{"not_picked":["Storm","Turbo","Darkness"],"picked":"SKIP","floor":10.0},{"not_picked":["Heatsinks","Stack"],"picked":"Capacitor","floor":11.0},{"not_picked":["Coolheaded","Double Energy"],"picked":"BootSequence","floor":12.0},{"not_picked":["Force Field","Barrage"],"picked":"Streamline","floor":14.0},{"not_picked":["Hyperbeam","Buffer"],"picked":"Rainbow","floor":16.0},{"not_picked":["Steam Power","Rip and Tear"],"picked":"Steam","floor":18.0},{"not_picked":["Undo","Turbo"],"picked":"Conserve Battery","floor":19.0},{"not_picked":["Stack","Aggregate"],"picked":"Compile Driver","floor":24.0},{"not_picked":["Double Energy","Blizzard"],"picked":"Coolheaded","floor":25.0},{"not_picked":["Streamline","Ball Lightning+1"],"picked":"White Noise+1","floor":28.0},{"not_picked":["Sweeping Beam","Conserve Battery"],"picked":"Beam Cell+1","floor":29.0},{"not_picked":["Rebound","Conserve Battery","Blizzard"],"picked":"Singing Bowl","floor":30},{"not_picked":["Hyperbeam","Thunder Strike"],"picked":"Meteor Strike","floor":33},{"not_picked":["Rebound+1","Conserve Battery"],"picked":"Ball Lightning+1","floor":35},{"not_picked":["Conserve Battery","Hello World"],"picked":"Hologram+1","floor":36},{"not_picked":["Lockon+1","Capacitor"],"picked":"Consume+1","floor":39},{"not_picked":["Electrodynamics","Beam Cell"],"picked":"Ball Lightning+1","floor":40}],"player_experience":2988050,"relics_obtained":[{"floor":8.0,"key":"Happy Flower"},{"floor":9.0,"key":"Vajra"},{"floor":11.0,"key":"Boot"},{"floor":14.0,"key":"Bag of Preparation"},{"floor":22.0,"key":"Anchor"},{"floor":29.0,"key":"Gremlin Horn"},{"floor":40,"key":"Shovel"}],"event_choices":[{"damage_healed":0.0,"max_hp_gain":0.0,"max_hp_loss":8.0,"gold_gain":0.0,"event_name":"Golden Idol","player_choice":"Lose Max HP","floor":2.0,"gold_loss":0.0,"damage_taken":0.0,"relics_obtained":["Golden Idol"]},{"damage_healed":0.0,"max_hp_gain":0.0,"max_hp_loss":0.0,"gold_gain":0.0,"event_name":"Scrap Ooze","player_choice":"Success","floor":3.0,"gold_loss":0.0,"damage_taken":26.0,"relics_obtained":["Regal Pillow"]},{"damage_healed":0.0,"max_hp_gain":0.0,"max_hp_loss":0.0,"gold_gain":75.0,"event_name":"World of Goop","player_choice":"Gather Gold","floor":6.0,"gold_loss":0.0,"damage_taken":11.0},{"damage_healed":0.0,"max_hp_gain":0.0,"max_hp_loss":0.0,"gold_gain":0.0,"event_name":"WeMeetAgain","player_choice":"Gave Potion","floor":13.0,"gold_loss":0.0,"damage_taken":0.0,"relics_obtained":["Ornamental Fan"]},{"damage_healed":0.0,"max_hp_gain":0.0,"max_hp_loss":0.0,"gold_gain":0.0,"event_name":"Addict","player_choice":"Obtained Relic","floor":20.0,"gold_loss":85.0,"damage_taken":0.0,"relics_obtained":["Singing Bowl"]},{"damage_healed":0.0,"max_hp_gain":0.0,"max_hp_loss":0.0,"gold_gain":0.0,"event_name":"Back to Basics","player_choice":"Simplicity","floor":21.0,"gold_loss":0.0,"damage_taken":0.0,"cards_upgraded":["Strike_B","Strike_B","Strike_B","Strike_B","Defend_B","Defend_B","Defend_B","Defend_B"]},{"damage_healed":0,"gold_gain":0,"player_choice":"Embrace Madness","damage_taken":15,"max_hp_gain":0,"max_hp_loss":0,"event_name":"Winding Halls","floor":37,"gold_loss":0,"cards_obtained":["Madness","Madness"]},{"damage_healed":0,"gold_gain":0,"player_choice":"Upgraded","damage_taken":0,"max_hp_gain":0,"max_hp_loss":0,"event_name":"Upgrade Shrine","floor":38,"gold_loss":0,"cards_upgraded":["Rainbow"]}],"is_beta":true,"boss_relics":[{"not_picked":["Runic Dome","Black Star"],"picked":"Philosopher\u0027s Stone"},{"not_picked":["Orrery","Lizard Tail"],"picked":"Inserter"}],"items_purged_floors":[],"is_endless":false,"potions_floor_spawned":[5,8,10,12,14,18,24,25,28,29,36,39],"killed_by":"Giant Head","ascension_level":20}