{"gold_per_floor":[118,76,151,165,165,200,232,260,297,342,354,366,407,20,20,91,91,64,80,96,96,96,96,129,129,129,147,147,147,103,103,103,177,177,197,8,26,26,41,67,67,67,115,147,147,174,174,17,17,17,17,17,17,17,52,52],"floor_reached":57,"playtime":6924,"items_purged":[],"score":3269,"play_id":"9a5ba9cb-c114-4198-915b-9d36c6e12325","local_time":"20190707114557","is_ascension_mode":true,"campfire_choices":[{"data":"Armaments","floor":11.0,"key":"SMITH"},{"data":"Feel No Pain","floor":15.0,"key":"SMITH"},{"data":"Barricade","floor":23.0,"key":"SMITH"},{"data":"True Grit","floor":29.0,"key":"SMITH"},{"data":"J.A.X.","floor":32.0,"key":"SMITH"},{"data":"Feel No Pain","floor":42.0,"key":"SMITH"},{"floor":49.0,"key":"RECALL"},{"data":"Feel No Pain","floor":53.0,"key":"SMITH"}],"neow_cost":"NONE","seed_source_timestamp":0,"circlet_count":0,"master_deck":["AscendersBane","Strike_R","Strike_R","Strike_R","Strike_R","Strike_R","Defend_R","Defend_R","Defend_R","Bash","Iron Wave","Reckless Charge","Ghostly Armor","Pommel Strike","Armaments+1","Shockwave","Reckless Charge","True Grit","Feel No Pain+1","Barricade+1","Second Wind","True Grit+1","Dropkick","Fiend Fire","Burning Pact","Feel No Pain+1","J.A.X.+1","Dark Embrace","Entrench","Shrug It Off","Entrench","Body Slam","Shrug It Off","Feel No Pain+1","Demon Form","Second Wind","Impervious","Power Through+1"],"special_seed":0,"relics":["Burning Blood","NeowsBlessing","MawBank","Lantern","Anchor","Centennial Puzzle","Thread and Needle","Coffee Dripper","FaceOfCleric","WingedGreaves","Incense Burner","Sozu","Omamori","Vajra","Pen Nib","Red Skull","Letter Opener"],"potions_floor_usage":[55],"damage_taken":[{"damage":0.0,"enemies":"Cultist","floor":1.0,"turns":1.0},{"damage":0.0,"enemies":"2 Louse","floor":4.0,"turns":1.0},{"damage":0.0,"enemies":"3 Sentries","floor":6.0,"turns":1.0},{"damage":0.0,"enemies":"Small Slimes","floor":7.0,"turns":3.0},{"damage":18.0,"enemies":"Exordium Thugs","floor":8.0,"turns":6.0},{"damage":19.0,"enemies":"Gremlin Nob","floor":10.0,"turns":4.0},{"damage":15.0,"enemies":"3 Sentries","floor":13.0,"turns":9.0},{"damage":29.0,"enemies":"Slime Boss","floor":16.0,"turns":7.0},{"damage":6.0,"enemies":"2 Thieves","floor":18.0,"turns":4.0},{"damage":11.0,"enemies":"3 Byrds","floor":19.0,"turns":10.0},{"damage":19.0,"enemies":"Centurion and Healer","floor":20.0,"turns":8.0},{"damage":33.0,"enemies":"Gremlin Leader","floor":24.0,"turns":19.0},{"damage":4.0,"enemies":"Cultist and Chosen","floor":27.0,"turns":12.0},{"damage":11.0,"enemies":"Automaton","floor":33.0,"turns":14.0},{"damage":13.0,"enemies":"3 Darklings","floor":35.0,"turns":9.0},{"damage":0.0,"enemies":"3 Shapes","floor":37.0,"turns":11.0},{"damage":15.0,"enemies":"Spire Growth","floor":39.0,"turns":7.0},{"damage":0.0,"enemies":"Giant Head","floor":40.0,"turns":10.0},{"damage":0.0,"enemies":"Nemesis","floor":44.0,"turns":20.0},{"damage":19.0,"enemies":"Reptomancer","floor":46.0,"turns":14.0},{"damage":0.0,"enemies":"Time Eater","floor":50.0,"turns":16.0},{"damage":39.0,"enemies":"Awakened One","floor":51.0,"turns":23.0},{"damage":66,"enemies":"Shield and Spear","floor":55,"turns":12},{"damage":0,"enemies":"The Heart","floor":56,"turns":14}],"seed_played":"908556972219024","potions_obtained":[{"floor":1.0,"key":"Fire Potion"},{"floor":6.0,"key":"Fire Potion"},{"floor":20.0,"key":"Block Potion"},{"floor":24.0,"key":"EssenceOfSteel"},{"floor":27.0,"key":"Poison Potion"}],"is_trial":false,"path_per_floor":["M","$","?","M","?","E","M","M","T","E","R","$","E","$","R","B",null,"M","M","M","?","$","R","E","?","T","M","?","R","$","?","R","B",null,"M","$","M","?","M","E","$","R","T","E","?","E","T","$","R","B","B",null,"R","$","E","B",null],"character_chosen":"IRONCLAD","items_purchased":["Reckless Charge","Thread and Needle","Feel No Pain","Feel No Pain","Shrug It Off","Entrench","Body Slam","Impervious"],"campfire_rested":0,"item_purchase_floors":[2,14,14,30,36,36,36,48],"current_hp_per_floor":[74,74,63,69,74,80,80,68,68,55,55,55,46,46,46,23,66,66,61,48,48,48,48,22,22,22,25,41,41,41,41,41,37,72,66,66,73,73,65,72,72,72,72,79,79,67,67,67,67,74,42,79,79,79,20,27],"gold":52,"neow_bonus":"THREE_ENEMY_KILL","is_prod":false,"is_daily":false,"chose_seed":false,"campfire_upgraded":7,"win_rate":0,"timestamp":1562514357,"path_taken":["M","$","?","M","?","E","M","M","T","E","R","$","E","$","R","BOSS","M","M","M","?","?","R","E","?","T","?","?","R","$","?","R","BOSS","M","$","M","?","M","E","?","R","T","E","?","E","?","?","R","BOSS","BOSS","R","$","E","BOSS"],"build_version":"2019-06-30","purchased_purges":0,"victory":true,"max_hp_per_floor":[75,75,75,75,80,80,80,80,80,80,80,80,80,80,80,80,80,80,80,80,80,80,80,81,81,81,82,82,82,82,82,82,83,83,84,84,85,85,86,87,87,87,87,88,88,89,89,89,89,90,91,91,91,91,92,93],"card_choices":[{"not_picked":["Blood for Blood","Clash"],"picked":"Iron Wave","floor":1.0},{"not_picked":["Twin Strike","Burning Pact"],"picked":"Ghostly Armor","floor":4.0},{"not_picked":["Sword Boomerang","Cleave"],"picked":"Pommel Strike","floor":6.0},{"not_picked":["Cleave","Flex"],"picked":"Armaments","floor":7.0},{"not_picked":["Clothesline","Intimidate"],"picked":"Shockwave","floor":8.0},{"not_picked":["Combust","Body Slam"],"picked":"Reckless Charge","floor":10.0},{"not_picked":["Bludgeon","Hemokinesis"],"picked":"True Grit","floor":13.0},{"not_picked":["Berserk","Double Tap"],"picked":"Barricade","floor":16.0},{"not_picked":["Blood for Blood","Wild Strike"],"picked":"Second Wind","floor":18.0},{"not_picked":["Clothesline","Seeing Red"],"picked":"True Grit","floor":19.0},{"not_picked":["Rupture","Pommel Strike"],"picked":"Dropkick","floor":20.0},{"not_picked":["Anger","Perfected Strike"],"picked":"Fiend Fire","floor":24.0},{"not_picked":["Heavy Blade+1","Wild Strike"],"picked":"Burning Pact","floor":27.0},{"not_picked":["Brutality","Fiend Fire"],"picked":"Dark Embrace","floor":33.0},{"not_picked":["Battle Trance","Shockwave+1"],"picked":"Entrench","floor":35.0},{"not_picked":["Rampage","Wild Strike+1","Havoc"],"picked":"SKIP","floor":37.0},{"not_picked":["Fire Breathing","Iron Wave"],"picked":"Shrug It Off","floor":39.0},{"not_picked":["Body Slam","Warcry"],"picked":"Feel No Pain","floor":40.0},{"not_picked":["Clash","Cleave"],"picked":"Demon Form","floor":44.0},{"not_picked":["Flex","Spot Weakness"],"picked":"Second Wind","floor":46.0},{"not_picked":["Heavy Blade","Body Slam"],"picked":"Power Through+1","floor":55}],"player_experience":3174492,"relics_obtained":[{"floor":6.0,"key":"MawBank"},{"floor":9.0,"key":"Lantern"},{"floor":10.0,"key":"Anchor"},{"floor":13.0,"key":"Centennial Puzzle"},{"floor":24.0,"key":"WingedGreaves"},{"floor":26.0,"key":"Incense Burner"},{"floor":40.0,"key":"Omamori"},{"floor":44.0,"key":"Vajra"},{"floor":46.0,"key":"Pen Nib"},{"floor":47.0,"key":"Red Skull"},{"floor":55,"key":"Letter Opener"}],"event_choices":[{"damage_healed":0.0,"max_hp_gain":0.0,"max_hp_loss":0.0,"gold_gain":75.0,"event_name":"World of Goop","player_choice":"Gather Gold","floor":3.0,"gold_loss":0.0,"damage_taken":11.0},{"damage_healed":0.0,"max_hp_gain":5.0,"max_hp_loss":0.0,"gold_gain":0.0,"event_name":"Big Fish","player_choice":"Donut","floor":5.0,"gold_loss":0.0,"damage_taken":0.0},{"damage_healed":0.0,"max_hp_gain":0.0,"max_hp_loss":0.0,"gold_gain":0.0,"event_name":"FaceTrader","player_choice":"Trade","floor":21.0,"gold_loss":0.0,"damage_taken":0.0,"relics_obtained":["FaceOfCleric"]},{"damage_healed":0.0,"max_hp_gain":0.0,"max_hp_loss":0.0,"gold_gain":0.0,"event_name":"Beggar","player_choice":"Ignored","floor":25.0,"gold_loss":0.0,"damage_taken":0.0},{"damage_healed":16.0,"max_hp_gain":0.0,"max_hp_loss":0.0,"gold_gain":0.0,"event_name":"The Library","player_choice":"Heal","floor":28.0,"gold_loss":0.0,"damage_taken":0.0},{"damage_healed":0.0,"max_hp_gain":0.0,"max_hp_loss":0.0,"gold_gain":0.0,"event_name":"Drug Dealer","player_choice":"Obtain J.A.X.","floor":31.0,"gold_loss":0.0,"damage_taken":0.0,"cards_obtained":["J.A.X."]},{"damage_healed":0.0,"max_hp_gain":0.0,"max_hp_loss":0.0,"gold_gain":0.0,"event_name":"SecretPortal","player_choice":"Ignored","floor":38.0,"gold_loss":0.0,"damage_taken":0.0},{"cards_removed":["Defend_R"],"damage_healed":0.0,"max_hp_gain":0.0,"max_hp_loss":0.0,"gold_gain":0.0,"event_name":"Falling","player_choice":"Removed Skill","floor":45.0,"gold_loss":0.0,"damage_taken":0.0}],"is_beta":true,"boss_relics":[{"not_picked":["Velvet Choker","Snecko Eye"],"picked":"Coffee Dripper"},{"not_picked":["Empty Cage","Runic Dome"],"picked":"Sozu"}],"items_purged_floors":[],"is_endless":false,"potions_floor_spawned":[1,6,8,10,20,24,27,35,37,40,55],"ascension_level":20}