{"gold_per_floor":[114,39,39,39,58,58,96,96,122,138,177,77,95,113,113,239,239,264,284,324,199,199,199,233,252,252,296,1,15,15,35,35,35],"floor_reached":33,"playtime":1280,"items_purged":["Strike_R","Defend_R","Entrench","Entrench"],"score":393,"play_id":"d5e9abdf-c54e-4ac1-98ba-5c41a7b05b6d","local_time":"20190118194958","is_ascension_mode":true,"campfire_choices":[{"data":"Thunderclap","floor":6,"key":"SMITH"},{"data":"Clothesline","floor":8,"key":"SMITH"},{"data":"True Grit","floor":15,"key":"SMITH"},{"floor":23,"key":"REST"},{"data":"Immolate","floor":30,"key":"SMITH"},{"data":"Infernal Blade","floor":32,"key":"SMITH"}],"neow_cost":"NONE","seed_source_timestamp":117383149138355,"circlet_count":0,"master_deck":["Bash","Thunderclap+1","Clothesline+1","Sentinel","Inflame","True Grit+1","Feed","Dropkick","Iron Wave","Second Wind","Cleave","Sever Soul","Feel No Pain+1","Immolate+1","Infernal Blade+1"],"relics":["Burning Blood","NeowsBlessing","Golden Idol","Pear","Bag of Preparation","Charon\u0027s Ashes","Pandora\u0027s Box","Red Mask","MutagenicStrength","Orichalcum","Frozen Egg 2","Question Card"],"potions_floor_usage":[11,14,20,25,25,29,29,31,33],"damage_taken":[{"damage":0,"enemies":"Small Slimes","floor":1,"turns":1},{"damage":0,"enemies":"Jaw Worm","floor":5,"turns":1},{"damage":0,"enemies":"Gremlin Nob","floor":7,"turns":1},{"damage":0,"enemies":"Cultist","floor":10,"turns":3},{"damage":32,"enemies":"Lagavulin","floor":11,"turns":6},{"damage":16,"enemies":"Large Slime","floor":13,"turns":7},{"damage":9,"enemies":"3 Louse","floor":14,"turns":3},{"damage":41,"enemies":"The Guardian","floor":16,"turns":12},{"damage":39,"enemies":"Spheric Guardian","floor":18,"turns":6},{"damage":26,"enemies":"Chosen","floor":19,"turns":6},{"damage":25,"enemies":"Masked Bandits","floor":20,"turns":4},{"damage":7,"enemies":"Slavers","floor":24,"turns":4},{"damage":12,"enemies":"Shelled Parasite and Fungi","floor":25,"turns":4},{"damage":19,"enemies":"Gremlin Leader","floor":27,"turns":5},{"damage":1,"enemies":"Snecko","floor":29,"turns":3},{"damage":17,"enemies":"Snake Plant","floor":31,"turns":3},{"damage":48,"enemies":"Collector","floor":33,"turns":5}],"seed_played":"-5812328289112611096","potions_obtained":[{"floor":1,"key":"SkillPotion"},{"floor":5,"key":"Fire Potion"},{"floor":11,"key":"Weak Potion"},{"floor":14,"key":"FearPotion"},{"floor":18,"key":"LiquidBronze"},{"floor":24,"key":"EssenceOfSteel"},{"floor":27,"key":"FearPotion"},{"floor":29,"key":"FearPotion"},{"floor":31,"key":"Dexterity Potion"}],"is_trial":false,"path_per_floor":["M","$","?","?","M","R","E","R","T","M","E","$","M","M","R","B",null,"M","M","?","$","?","R","E","M","T","E","$","M","R","M","R","B"],"character_chosen":"IRONCLAD","items_purchased":["Feel No Pain+1","Immolate"],"campfire_rested":1,"item_purchase_floors":[28,28],"current_hp_per_floor":[80,80,80,60,66,66,82,82,82,88,62,62,52,49,49,14,90,60,43,24,24,24,52,54,51,51,38,38,43,43,32,32,0],"gold":35,"neow_bonus":"THREE_ENEMY_KILL","is_prod":false,"is_daily":false,"chose_seed":false,"campfire_upgraded":5,"win_rate":0,"timestamp":1547858998,"path_taken":["M","$","?","?","?","R","E","R","T","M","E","$","M","?","R","BOSS","M","M","?","$","?","R","E","M","T","E","$","M","R","M","R","BOSS"],"build_version":"2019-01-17v2","purchased_purges":4,"victory":false,"max_hp_per_floor":[80,80,80,80,80,80,90,90,90,90,90,90,90,90,90,90,90,93,96,96,96,96,96,99,102,102,102,102,102,102,102,102,102],"card_choices":[{"not_picked":["Seeing Red","Metallicize"],"picked":"Thunderclap","floor":1},{"not_picked":["Bloodletting","Sword Boomerang","Sentinel"],"picked":"SKIP","floor":5},{"not_picked":["Seeing Red","Rupture"],"picked":"Clothesline","floor":7},{"not_picked":["Armaments","Clothesline","Clash"],"picked":"SKIP","floor":10},{"not_picked":["Flex","Rupture"],"picked":"Sentinel","floor":11},{"not_picked":["Havoc","Wild Strike"],"picked":"Inflame","floor":13},{"not_picked":["Entrench","Havoc"],"picked":"True Grit","floor":14},{"not_picked":["Brutality","Berserk"],"picked":"Feed","floor":16},{"not_picked":["Whirlwind+1","Cleave","Ghostly Armor"],"picked":"SKIP","floor":18},{"not_picked":["Havoc+1","Wild Strike","Carnage"],"picked":"SKIP","floor":19},{"not_picked":["Feel No Pain+1","Clash","Burning Pact"],"picked":"SKIP","floor":24},{"not_picked":["Armaments+1","Flex","Dark Embrace"],"picked":"SKIP","floor":25},{"not_picked":["Spot Weakness+1","Heavy Blade"],"picked":"Sever Soul","floor":27},{"not_picked":["Body Slam","Cleave","Battle Trance","Perfected Strike"],"picked":"SKIP","floor":29},{"not_picked":["Power Through+1","Shrug It Off","Sever Soul"],"picked":"Infernal Blade","floor":31}],"player_experience":88453,"relics_obtained":[{"floor":7,"key":"Pear"},{"floor":9,"key":"Bag of Preparation"},{"floor":11,"key":"Charon\u0027s Ashes"},{"floor":20,"key":"Red Mask"},{"floor":24,"key":"Orichalcum"},{"floor":26,"key":"Frozen Egg 2"},{"floor":27,"key":"Question Card"}],"event_choices":[{"cards_removed":["Defend_R"],"damage_healed":0,"gold_gain":0,"player_choice":"Forget","damage_taken":0,"max_hp_gain":0,"max_hp_loss":0,"event_name":"Living Wall","floor":3,"gold_loss":0},{"damage_healed":0,"gold_gain":0,"player_choice":"Take Damage","damage_taken":20,"relics_obtained":["Golden Idol"],"max_hp_gain":0,"max_hp_loss":0,"event_name":"Golden Idol","floor":4,"gold_loss":0},{"damage_healed":0,"gold_gain":0,"player_choice":"Fought Bandits","damage_taken":0,"max_hp_gain":0,"max_hp_loss":0,"event_name":"Masked Bandits","floor":20,"gold_loss":0},{"damage_healed":0,"gold_gain":0,"player_choice":"Inject Mutagens","damage_taken":0,"relics_obtained":["MutagenicStrength"],"max_hp_gain":0,"max_hp_loss":0,"event_name":"Drug Dealer","floor":22,"gold_loss":0}],"is_beta":false,"boss_relics":[{"not_picked":["Busted Crown","Sozu"],"picked":"Pandora\u0027s Box"}],"items_purged_floors":[2,12,21,28],"is_endless":false,"potions_floor_spawned":[1,5,11,14,18,24,27,29,31],"killed_by":"Collector","ascension_level":3}