{"gold_per_floor":[110,185,32,32,45,83,83,13,13,13,28,48,69,89,89,184,184,208,96,119,138,138,138,174,174,174,174,174,190,240,263,263,358,358,374,395,395],"floor_reached":37,"playtime":1585,"items_purged":["Strike_R"],"score":728,"play_id":"eea91c41-e443-420a-a0d3-8055d33c1460","local_time":"20190705220639","is_ascension_mode":true,"campfire_choices":[{"data":"True Grit","floor":7,"key":"SMITH"},{"data":"Disarm","floor":10,"key":"SMITH"},{"data":"Limit Break","floor":15,"key":"SMITH"},{"floor":23,"key":"REST"},{"floor":25,"key":"REST"},{"data":"Flame Barrier","floor":27,"key":"SMITH"},{"floor":32,"key":"REST"}],"neow_cost":"NONE","seed_source_timestamp":1846302193147633,"circlet_count":0,"master_deck":["AscendersBane","Strike_R+1","Strike_R+1","Defend_R+1","Defend_R+1","Defend_R+1","Defend_R+1","True Grit+1","Disarm+1","Inflame","Pommel Strike","Twin Strike","Limit Break+1","Battle Trance","Exhume","Flame Barrier+1","Inflame","Cleave","Twin Strike","Headbutt","Writhe","Shrug It Off","Demon Form","Feed+1","Demon Form+1","Iron Wave+1","Headbutt","Sword Boomerang"],"relics":["Burning Blood","NeowsBlessing","PreservedInsect","Golden Idol","Turnip","Ginger","Velvet Choker","Art of War","Matryoshka","Kunai","Astrolabe"],"potions_floor_usage":[12,16,24,33,35,37],"damage_taken":[{"damage":0,"enemies":"Small Slimes","floor":1,"turns":1},{"damage":0,"enemies":"Jaw Worm","floor":5,"turns":1},{"damage":0,"enemies":"Gremlin Nob","floor":6,"turns":1},{"damage":0,"enemies":"Cultist","floor":11,"turns":4},{"damage":13,"enemies":"Lots of Slimes","floor":12,"turns":3},{"damage":9,"enemies":"Blue Slaver","floor":13,"turns":4},{"damage":10,"enemies":"3 Louse","floor":14,"turns":4},{"damage":21,"enemies":"The Guardian","floor":16,"turns":9},{"damage":1,"enemies":"Shell Parasite","floor":18,"turns":8},{"damage":18,"enemies":"Spheric Guardian","floor":20,"turns":6},{"damage":41,"enemies":"Cultist and Chosen","floor":21,"turns":7},{"damage":26,"enemies":"Slavers","floor":24,"turns":5},{"damage":10,"enemies":"Snecko","floor":29,"turns":5},{"damage":18,"enemies":"Centurion and Healer","floor":31,"turns":5},{"damage":32,"enemies":"Champ","floor":33,"turns":11},{"damage":1,"enemies":"Orb Walker","floor":35,"turns":6},{"damage":38,"enemies":"3 Darklings","floor":36,"turns":8},{"damage":72,"enemies":"Transient","floor":37,"turns":5}],"seed_played":"2720251308900685913","potions_obtained":[{"floor":6,"key":"Fire Potion"},{"floor":11,"key":"Ancient Potion"},{"floor":13,"key":"SkillPotion"},{"floor":21,"key":"Regen Potion"},{"floor":29,"key":"GamblersBrew"},{"floor":33,"key":"Swift Potion"},{"floor":36,"key":"Regen Potion"}],"is_trial":false,"path_per_floor":["M","?","$","?","M","E","R","$","T","R","M","M","M","M","R","B",null,"M","$","M","M","?","R","E","R","T","R","?","M","?","M","R","B",null,"M","M","M"],"character_chosen":"IRONCLAD","items_purchased":["PreservedInsect","Inflame","Inflame"],"campfire_rested":3,"item_purchase_floors":[3,8,19],"current_hp_per_floor":[74,63,63,37,43,49,49,49,49,49,55,48,45,41,41,26,63,68,68,56,21,21,43,37,59,59,59,59,55,55,43,65,39,66,71,39,0],"gold":395,"neow_bonus":"THREE_ENEMY_KILL","is_prod":false,"is_daily":false,"chose_seed":false,"campfire_upgraded":4,"win_rate":0,"timestamp":1562331999,"path_taken":["M","?","$","?","M","E","R","?","T","R","?","?","?","M","R","BOSS","M","$","M","M","?","R","E","R","T","R","?","M","?","M","R","BOSS","M","M","M"],"build_version":"2019-07-01","purchased_purges":1,"victory":false,"max_hp_per_floor":[75,75,75,75,75,75,75,75,75,75,75,75,75,75,75,75,75,75,75,75,75,75,75,75,75,75,75,75,75,75,75,75,75,75,75,75,75],"card_choices":[{"not_picked":["Wild Strike","Second Wind","Heavy Blade"],"picked":"SKIP","floor":1},{"not_picked":["Second Wind","Sentinel"],"picked":"True Grit","floor":5},{"not_picked":["Ghostly Armor","Body Slam"],"picked":"Disarm","floor":6},{"not_picked":["Flex","Clash"],"picked":"Pommel Strike","floor":11},{"not_picked":["Havoc","Warcry"],"picked":"Twin Strike","floor":12},{"not_picked":["Clothesline","Clash"],"picked":"Limit Break","floor":13},{"not_picked":["Clothesline","Shockwave"],"picked":"Battle Trance","floor":14},{"not_picked":["Offering","Berserk"],"picked":"Exhume","floor":16},{"not_picked":["Shrug It Off+1","Uppercut"],"picked":"Flame Barrier","floor":18},{"not_picked":["Body Slam","Corruption"],"picked":"Cleave","floor":20},{"not_picked":["Iron Wave","Shrug It Off"],"picked":"Twin Strike","floor":21},{"not_picked":["Impervious","Wild Strike"],"picked":"Headbutt","floor":24},{"not_picked":["Armaments","Anger","Headbutt"],"picked":"SKIP","floor":29},{"not_picked":["Sentinel","Rampage"],"picked":"Shrug It Off","floor":31},{"not_picked":["Juggernaut","Offering"],"picked":"Demon Form","floor":33},{"not_picked":["Flex+1","Sword Boomerang"],"picked":"Headbutt","floor":35},{"not_picked":["Corruption","Warcry"],"picked":"Sword Boomerang","floor":36}],"player_experience":1088961,"relics_obtained":[{"floor":6,"key":"Turnip"},{"floor":9,"key":"Ginger"},{"floor":24,"key":"Art of War"},{"floor":26,"key":"Matryoshka"}],"event_choices":[{"damage_healed":0,"gold_gain":75,"player_choice":"Gather Gold","damage_taken":11,"max_hp_gain":0,"max_hp_loss":0,"event_name":"World of Goop","floor":2,"gold_loss":0},{"damage_healed":0,"gold_gain":0,"player_choice":"Take Damage","damage_taken":26,"relics_obtained":["Golden Idol"],"max_hp_gain":0,"max_hp_loss":0,"event_name":"Golden Idol","floor":4,"gold_loss":0},{"damage_healed":0,"gold_gain":0,"player_choice":"Simplicity","damage_taken":0,"max_hp_gain":0,"max_hp_loss":0,"event_name":"Back to Basics","floor":22,"gold_loss":0,"cards_upgraded":["Strike_R","Strike_R","Strike_R","Strike_R","Defend_R","Defend_R","Defend_R","Defend_R"]},{"damage_healed":0,"gold_gain":0,"player_choice":"Opened","damage_taken":0,"relics_obtained":["Kunai"],"max_hp_gain":0,"max_hp_loss":0,"event_name":"The Mausoleum","floor":28,"gold_loss":0,"cards_obtained":["Writhe"]},{"damage_healed":0,"gold_gain":50,"player_choice":"Stole From Cult","damage_taken":0,"max_hp_gain":0,"max_hp_loss":0,"event_name":"Nest","floor":30,"gold_loss":0}],"is_beta":false,"boss_relics":[{"not_picked":["Busted Crown","Philosopher\u0027s Stone"],"picked":"Velvet Choker"},{"not_picked":["Runic Dome","Sozu"],"picked":"Astrolabe"}],"items_purged_floors":[19],"is_endless":false,"potions_floor_spawned":[6,11,13,21,29,33,36],"killed_by":"Transient","ascension_level":15}