{"gold_per_floor":[213,226,191,191,263,291,17,17,65,94,114,114,36,49,49,125,125,143,159,172,185,202,202],"floor_reached":23,"playtime":978,"items_purged":[],"score":506,"play_id":"fea1dc37-3d27-44dd-8ae5-56fb99f64974","local_time":"20190713145401","is_ascension_mode":true,"campfire_choices":[{"floor":8.0,"key":"REST"},{"data":"Buffer","floor":12.0,"key":"SMITH"},{"data":"Darkness","floor":15,"key":"SMITH"}],"neow_cost":"NONE","seed_source_timestamp":0,"circlet_count":0,"master_deck":["AscendersBane","Strike_B","Strike_B","Strike_B","Defend_B","Defend_B","Defend_B","Defend_B","Zap","Dualcast","Go for the Eyes","Darkness+1","Buffer+1","Redo+1","Redo+1","Scrape","Redo+1","Amplify+1","Recycle+1","Defragment","Ball Lightning+1","Genetic Algorithm+1","Glacier+1"],"special_seed":0,"relics":["Cracked Core","Mercury Hourglass","Ancient Tea Set","Toxic Egg 2","Bag of Preparation","Bottled Tornado","Fusion Hammer"],"potions_floor_usage":[21,21],"damage_taken":[{"damage":4.0,"enemies":"2 Louse","floor":1.0,"turns":3.0},{"damage":2.0,"enemies":"Small Slimes","floor":2.0,"turns":3.0},{"damage":43.0,"enemies":"Gremlin Nob","floor":6.0,"turns":4.0},{"damage":5.0,"enemies":"Lagavulin","floor":10.0,"turns":6.0},{"damage":0.0,"enemies":"Jaw Worm","floor":11.0,"turns":3.0},{"damage":0,"enemies":"Lots of Slimes","floor":14,"turns":2},{"damage":0,"enemies":"Slime Boss","floor":16,"turns":6},{"damage":8,"enemies":"3 Byrds","floor":18,"turns":4},{"damage":0,"enemies":"Spheric Guardian","floor":19,"turns":3},{"damage":0,"enemies":"Centurion and Healer","floor":20,"turns":5},{"damage":6,"enemies":"Chosen and Byrds","floor":21,"turns":5},{"damage":18,"enemies":"Cultist and Chosen","floor":22,"turns":5},{"damage":41,"enemies":"Book of Stabbing","floor":23,"turns":5}],"seed_played":"908556972219057","potions_obtained":[{"floor":1.0,"key":"Explosive Potion"},{"floor":14,"key":"AttackPotion"},{"floor":16,"key":"SkillPotion"},{"floor":21,"key":"FairyPotion"}],"is_trial":false,"path_per_floor":["M","M","?","?","T","E","$","R","T","E","M","R","$","M","R","B",null,"M","M","M","M","M","E"],"character_chosen":"DEFECT","items_purchased":["Toxic Egg 2","Scrape"],"campfire_rested":1,"item_purchase_floors":[7,13],"current_hp_per_floor":[60,58,71,64,64,21,21,42,42,37,37,37,37,37,37,37,63,55,55,55,49,31,0],"gold":202,"neow_bonus":"HUNDRED_GOLD","is_prod":false,"is_daily":false,"chose_seed":false,"campfire_upgraded":2,"win_rate":0,"timestamp":1563044041,"path_taken":["M","M","?","?","?","E","$","R","T","E","M","R","$","M","R","BOSS","M","M","M","M","?","E"],"build_version":"2019-07-10","purchased_purges":0,"victory":false,"max_hp_per_floor":[71,71,71,71,71,71,71,71,71,71,71,71,71,71,71,71,71,71,71,71,71,71,71],"card_choices":[{"not_picked":["Double Energy","Hologram"],"picked":"Go for the Eyes","floor":1.0},{"not_picked":["Steam Power","Reprogram"],"picked":"Darkness","floor":2.0},{"not_picked":["Sunder","Double Energy"],"picked":"Buffer","floor":6.0},{"not_picked":["Doom and Gloom","Hyperbeam"],"picked":"Redo+1","floor":10.0},{"not_picked":["Compile Driver","Steam+1"],"picked":"Redo+1","floor":11.0},{"not_picked":["Gash","Beam Cell"],"picked":"Redo+1","floor":14},{"not_picked":["Electrodynamics","Fission+1"],"picked":"Amplify+1","floor":16},{"not_picked":["Fusion+1","Aggregate+1"],"picked":"Recycle+1","floor":18},{"not_picked":["BootSequence+1","Doom and Gloom+1"],"picked":"Defragment","floor":19},{"not_picked":["Recycle+1","Redo+1"],"picked":"Ball Lightning+1","floor":20},{"not_picked":["Auto Shields+1","Leap+1"],"picked":"Genetic Algorithm+1","floor":21},{"not_picked":["Double Energy+1","Ball Lightning"],"picked":"Glacier+1","floor":22}],"player_experience":3214338,"relics_obtained":[{"floor":5.0,"key":"Mercury Hourglass"},{"floor":6.0,"key":"Ancient Tea Set"},{"floor":9.0,"key":"Bag of Preparation"},{"floor":10.0,"key":"Bottled Tornado"}],"event_choices":[{"damage_healed":17.0,"max_hp_gain":0.0,"max_hp_loss":0.0,"gold_gain":0.0,"event_name":"The Cleric","player_choice":"Healed","floor":3.0,"gold_loss":35.0,"damage_taken":0.0},{"cards_removed":["Strike_B"],"damage_healed":0.0,"max_hp_gain":0.0,"max_hp_loss":0.0,"gold_gain":0.0,"event_name":"Golden Wing","player_choice":"Card Removal","floor":4.0,"gold_loss":0.0,"damage_taken":7.0}],"is_beta":true,"boss_relics":[{"not_picked":["Astrolabe","Coffee Dripper"],"picked":"Fusion Hammer"}],"items_purged_floors":[],"is_endless":false,"potions_floor_spawned":[1,14,16,21],"killed_by":"Book of Stabbing","ascension_level":20}