{"gold_per_floor":[113,132,132,43,43,43,107,125,196,227,227,227,250,11,11,141,141,157,35,35,50,50],"floor_reached":22,"playtime":1024,"items_purged":[],"score":228,"play_id":"3e20253f-dd61-47d0-bb2c-76fffc792457","local_time":"20190421231807","is_ascension_mode":true,"campfire_choices":[{"data":"Neutralize","floor":6,"key":"SMITH"},{"data":"After Image","floor":11,"key":"SMITH"},{"floor":15,"key":"REST"}],"neow_cost":"NONE","seed_source_timestamp":28324771273781,"circlet_count":0,"master_deck":["Defend_G","Defend_G","Defend_G","Defend_G","Defend_G+1","Strike_G","Strike_G","Strike_G","Strike_G","Strike_G+1","Survivor","Neutralize+1","Dagger Throw","Tactician","Regret","Leg Sweep","PiercingWail","Injury","After Image+1","Dagger Throw","Deflect","Deadly Poison","Bouncing Flask","Well Laid Plans+1","Infinite Blades+1","Poisoned Stab","Finisher"],"relics":["Ring of the Snake","NeowsBlessing","Bag of Preparation","Golden Idol","Tiny Chest","Kunai","Frozen Egg 2","TwistedFunnel","WristBlade","Regal Pillow"],"potions_floor_usage":[16,16,18],"damage_taken":[{"damage":0,"enemies":"Jaw Worm","floor":1,"turns":1},{"damage":0,"enemies":"Small Slimes","floor":2,"turns":1},{"damage":0,"enemies":"Lagavulin","floor":7,"turns":1},{"damage":6,"enemies":"2 Louse","floor":8,"turns":4},{"damage":15,"enemies":"3 Sentries","floor":10,"turns":12},{"damage":2,"enemies":"Exordium Thugs","floor":13,"turns":7},{"damage":48,"enemies":"Slime Boss","floor":16,"turns":13},{"damage":20,"enemies":"Chosen","floor":18,"turns":8},{"damage":10,"enemies":"Shell Parasite","floor":21,"turns":5},{"damage":50,"enemies":"Masked Bandits","floor":22,"turns":3}],"seed_played":"8735711240748980441","potions_obtained":[{"floor":2,"key":"GamblersBrew"},{"floor":8,"key":"Regen Potion"},{"floor":13,"key":"Regen Potion"},{"floor":16,"key":"PowerPotion"}],"is_trial":false,"path_per_floor":["M","M","?","$","?","R","E","M","T","E","R","?","M","$","R","B",null,"M","$","?","M","?"],"character_chosen":"THE_SILENT","items_purchased":["Leg Sweep","PiercingWail","TwistedFunnel","Bouncing Flask","Infinite Blades+1","Poisoned Stab"],"campfire_rested":1,"item_purchase_floors":[4,4,14,14,19,19],"current_hp_per_floor":[70,70,70,70,70,70,70,64,64,49,49,35,33,33,54,21,70,50,50,50,40,0],"gold":50,"neow_bonus":"THREE_ENEMY_KILL","is_prod":false,"is_daily":false,"chose_seed":false,"campfire_upgraded":2,"win_rate":0,"timestamp":1555852687,"path_taken":["M","M","?","$","?","R","E","M","T","E","R","?","?","$","R","BOSS","M","$","?","M","?"],"build_version":"2019-01-23","purchased_purges":0,"victory":false,"max_hp_per_floor":[70,70,70,70,70,70,70,70,70,70,70,70,70,70,70,70,70,70,70,70,70,70],"card_choices":[{"not_picked":["Blade Dance","Acrobatics"],"picked":"Dagger Throw","floor":1},{"not_picked":["Outmaneuver","Dash"],"picked":"Tactician","floor":2},{"not_picked":["Choke","Underhanded Strike"],"picked":"After Image","floor":7},{"not_picked":["Expertise","Skewer"],"picked":"Dagger Throw","floor":8},{"not_picked":["Terror","Slice"],"picked":"Deflect","floor":10},{"not_picked":["Quick Slash","Dagger Throw"],"picked":"Deadly Poison","floor":13},{"not_picked":["Distraction","Concentrate"],"picked":"Well Laid Plans+1","floor":18},{"not_picked":["Outmaneuver","Masterful Stab"],"picked":"Finisher","floor":21}],"player_experience":406791,"relics_obtained":[{"floor":7,"key":"Tiny Chest"},{"floor":9,"key":"Kunai"},{"floor":10,"key":"Frozen Egg 2"}],"event_choices":[{"damage_healed":0,"gold_gain":0,"player_choice":"Box","damage_taken":0,"relics_obtained":["Bag of Preparation"],"max_hp_gain":0,"max_hp_loss":0,"event_name":"Big Fish","floor":3,"gold_loss":0,"cards_obtained":["Regret"]},{"damage_healed":0,"gold_gain":0,"player_choice":"Take Wound","damage_taken":0,"relics_obtained":["Golden Idol"],"max_hp_gain":0,"max_hp_loss":0,"event_name":"Golden Idol","floor":5,"gold_loss":0,"cards_obtained":["Injury"]},{"damage_healed":0,"gold_gain":0,"player_choice":"Entered Light","damage_taken":14,"max_hp_gain":0,"max_hp_loss":0,"event_name":"Shining Light","floor":12,"gold_loss":0,"cards_upgraded":["Defend_G","Strike_G"]},{"damage_healed":0,"gold_gain":0,"player_choice":"Opened","damage_taken":0,"relics_obtained":["Regal Pillow"],"max_hp_gain":0,"max_hp_loss":0,"event_name":"The Mausoleum","floor":20,"gold_loss":0},{"damage_healed":0,"gold_gain":0,"player_choice":"Fought Bandits","damage_taken":0,"max_hp_gain":0,"max_hp_loss":0,"event_name":"Masked Bandits","floor":22,"gold_loss":0}],"is_beta":false,"boss_relics":[{"not_picked":["Fusion Hammer","Snecko Eye"],"picked":"WristBlade"}],"items_purged_floors":[],"is_endless":false,"potions_floor_spawned":[2,8,13,16],"killed_by":"Masked Bandits","ascension_level":1}