{"gold_per_floor":[113,126,126,145,18,28,28,59,132,146,146,146,67,79,79,184,184,200,214,214,26,40,40,40,56,56,0,0,0,16,35,35,35],"floor_reached":33,"playtime":1726,"items_purged":["Strike_R","Strike_R"],"score":299,"play_id":"0ec8f8e3-caef-49a4-b345-27399887c76f","local_time":"20190418154017","is_ascension_mode":false,"campfire_choices":[{"floor":12,"key":"REST"},{"floor":15,"key":"REST"},{"floor":23,"key":"REST"},{"floor":28,"key":"REST"},{"floor":32,"key":"REST"}],"neow_cost":"CURSE","seed_source_timestamp":12191273367054,"circlet_count":0,"master_deck":["Defend_R","Defend_R","Defend_R","Defend_R","Bash","Feed","Anger","Heavy Blade","Iron Wave","Limit Break","Barricade","Headbutt","Anger","Body Slam","Power Through+1","Flex","Seeing Red","Limit Break","Inflame","Metallicize","Second Wind","True Grit+1","Power Through","Shrug It Off"],"relics":["Burning Blood","The Courier","Singing Bowl","Kunai","Empty Cage","Magic Flower"],"potions_floor_usage":[4,6,20,33],"damage_taken":[{"damage":6,"enemies":"Cultist","floor":1,"turns":5},{"damage":7,"enemies":"Small Slimes","floor":2,"turns":4},{"damage":1,"enemies":"Jaw Worm","floor":4,"turns":3},{"damage":22,"enemies":"Large Slime","floor":6,"turns":10},{"damage":53,"enemies":"3 Sentries","floor":8,"turns":13},{"damage":14,"enemies":"Exordium Wildlife","floor":10,"turns":5},{"damage":8,"enemies":"2 Fungi Beasts","floor":14,"turns":3},{"damage":77,"enemies":"Slime Boss","floor":16,"turns":14},{"damage":31,"enemies":"3 Byrds","floor":18,"turns":8},{"damage":43,"enemies":"Chosen","floor":19,"turns":9},{"damage":18,"enemies":"Colosseum Slavers","floor":20,"turns":9},{"damage":41,"enemies":"Snecko","floor":22,"turns":9},{"damage":25,"enemies":"Shelled Parasite and Fungi","floor":25,"turns":7},{"damage":14,"enemies":"Centurion and Healer","floor":30,"turns":6},{"damage":26,"enemies":"Cultist and Chosen","floor":31,"turns":7},{"damage":110,"enemies":"Automaton","floor":33,"turns":12}],"seed_played":"9186072808392212422","potions_obtained":[{"floor":1,"key":"PowerPotion"},{"floor":2,"key":"Energy Potion"},{"floor":16,"key":"FairyPotion"},{"floor":18,"key":"Dexterity Potion"},{"floor":25,"key":"Strength Potion"}],"is_trial":false,"path_per_floor":["M","M","T","M","$","M","$","E","T","M","?","R","$","M","R","B",null,"M","M","?","$","M","R","?","M","T","?","R","$","M","M","R","B"],"character_chosen":"IRONCLAD","items_purchased":["Limit Break","Body Slam","Seeing Red","Limit Break"],"campfire_rested":5,"item_purchase_floors":[5,13,21,21],"current_hp_per_floor":[83,85,85,86,86,73,73,29,29,24,24,52,52,55,85,19,105,80,43,34,34,9,41,41,25,25,25,58,58,53,36,69,0],"gold":35,"neow_bonus":"THREE_RARE_CARDS","is_prod":false,"is_daily":false,"chose_seed":false,"campfire_upgraded":0,"win_rate":0,"timestamp":1555566017,"path_taken":["M","M","?","?","$","M","$","E","T","M","?","R","$","M","R","BOSS","M","M","?","$","M","R","?","M","T","?","R","$","M","?","R","BOSS"],"build_version":"2019-01-23","purchased_purges":2,"victory":false,"max_hp_per_floor":[83,86,86,86,86,89,89,92,92,95,95,95,95,100,100,105,105,105,105,108,108,108,108,108,111,111,111,111,111,111,111,111,111],"card_choices":[{"not_picked":["Dark Embrace","Bludgeon"],"picked":"Feed","floor":0},{"not_picked":["Havoc","Twin Strike"],"picked":"Anger","floor":1},{"not_picked":["Dual Wield","Headbutt"],"picked":"Heavy Blade","floor":2},{"not_picked":["Searing Blow","Sword Boomerang"],"picked":"Iron Wave","floor":4},{"not_picked":["Ghostly Armor","Dual Wield"],"picked":"Barricade","floor":6},{"not_picked":["Second Wind","Disarm"],"picked":"Headbutt","floor":8},{"not_picked":["Bloodletting","Evolve"],"picked":"Anger","floor":10},{"not_picked":["Shockwave","Twin Strike","Dual Wield"],"picked":"Singing Bowl","floor":14},{"not_picked":["Double Tap","Offering","Exhume"],"picked":"Singing Bowl","floor":16},{"not_picked":["Anger","Reckless Charge+1"],"picked":"Power Through+1","floor":18},{"not_picked":["Pommel Strike","Havoc"],"picked":"Flex","floor":19},{"not_picked":["Heavy Blade","Entrench"],"picked":"Inflame","floor":22},{"not_picked":["Wild Strike","Twin Strike"],"picked":"True Grit+1","floor":25},{"not_picked":["Flame Barrier","Twin Strike"],"picked":"Power Through","floor":30},{"not_picked":["Uppercut","Cleave+1"],"picked":"Shrug It Off","floor":31}],"player_experience":331520,"relics_obtained":[{"floor":3,"key":"The Courier"},{"floor":8,"key":"Singing Bowl"},{"floor":9,"key":"Kunai"},{"floor":26,"key":"Magic Flower"}],"event_choices":[{"damage_healed":0,"gold_gain":0,"player_choice":"Ignored","damage_taken":0,"max_hp_gain":0,"max_hp_loss":0,"event_name":"NoteForYourself","floor":11,"gold_loss":0},{"damage_healed":0,"gold_gain":0,"player_choice":"Fight","damage_taken":0,"max_hp_gain":0,"max_hp_loss":0,"event_name":"Colosseum","floor":20,"gold_loss":0},{"damage_healed":0,"gold_gain":0,"player_choice":"Fled From Nobs","damage_taken":0,"max_hp_gain":0,"max_hp_loss":0,"event_name":"Colosseum","floor":20,"gold_loss":0},{"damage_healed":0,"gold_gain":0,"cards_transformed":["Strike_R","Strike_R"],"player_choice":"Became Test Subject","damage_taken":0,"max_hp_gain":0,"max_hp_loss":0,"event_name":"Drug Dealer","floor":24,"gold_loss":0,"cards_obtained":["Metallicize","Second Wind"]},{"damage_healed":0,"gold_gain":0,"player_choice":"Paid Fearfully","damage_taken":0,"max_hp_gain":0,"max_hp_loss":0,"event_name":"Masked Bandits","floor":27,"gold_loss":56}],"is_beta":false,"boss_relics":[{"not_picked":["Black Star","Orrery"],"picked":"Empty Cage"}],"items_purged_floors":[13,21],"is_endless":false,"potions_floor_spawned":[1,2,16,18,25],"killed_by":"Automaton","ascension_level":0}