{"gold_per_floor":[119,119,146,161,179,206,184,210,257,257,257,257,283,309,309,404,404,422,422,437,437,452,452,468,468],"floor_reached":25,"playtime":810,"items_purged":[],"score":219,"play_id":"bb653476-89b6-4dee-9939-1fb73cc2a431","local_time":"20190329035117","is_ascension_mode":false,"campfire_choices":[{"floor":10,"key":"REST"},{"floor":12,"key":"RECALL"},{"floor":15,"key":"REST"},{"floor":23,"key":"REST"}],"neow_cost":"CURSE","seed_source_timestamp":49730277651742,"circlet_count":0,"master_deck":["Strike_R","Strike_R","Strike_R","Strike_R","Defend_R","Defend_R","Defend_R","Defend_R","Bash","Jack Of All Trades","Flash of Steel","Armaments","Anger","Flame Barrier","Twin Strike","Intimidate","Twin Strike","Heavy Blade","Demon Form+1","Body Slam+1","Blood for Blood","Heavy Blade+1","Twin Strike"],"relics":["Burning Blood","Pen Nib","Bird Faced Urn","Dream Catcher","Shuriken","Mummified Hand","Boot","Empty Cage"],"potions_floor_usage":[8,16,16,25],"damage_taken":[{"damage":6,"enemies":"Jaw Worm","floor":1,"turns":3},{"damage":0,"enemies":"Small Slimes","floor":4,"turns":3},{"damage":0,"enemies":"2 Louse","floor":5,"turns":3},{"damage":34,"enemies":"Lagavulin","floor":6,"turns":6},{"damage":21,"enemies":"3 Sentries","floor":8,"turns":9},{"damage":8,"enemies":"Lagavulin","floor":13,"turns":5},{"damage":41,"enemies":"Hexaghost","floor":16,"turns":8},{"damage":25,"enemies":"Spheric Guardian","floor":18,"turns":6},{"damage":5,"enemies":"Chosen","floor":20,"turns":4},{"damage":38,"enemies":"Centurion and Healer","floor":22,"turns":6},{"damage":27,"enemies":"Snake Plant","floor":24,"turns":5},{"damage":45,"enemies":"Gremlin Leader","floor":25,"turns":5}],"seed_played":"-375083095118803122","potions_obtained":[{"floor":4,"key":"FearPotion"},{"floor":5,"key":"GamblersBrew"},{"floor":13,"key":"Block Potion"},{"floor":16,"key":"SpeedPotion"},{"floor":18,"key":"Strength Potion"}],"is_trial":false,"path_per_floor":["M","?","T","M","M","E","?","E","T","R","?","R","E","T","R","B",null,"M","?","M","?","M","R","M","E"],"character_chosen":"IRONCLAD","items_purchased":[],"campfire_rested":3,"item_purchase_floors":[],"current_hp_per_floor":[80,73,73,79,80,52,52,37,37,61,61,61,59,59,80,45,80,61,61,62,62,32,56,37,0],"gold":468,"neow_bonus":"RANDOM_COLORLESS_2","is_prod":false,"is_daily":false,"chose_seed":false,"campfire_upgraded":0,"win_rate":0,"timestamp":1553795477,"path_taken":["M","?","?","M","M","E","?","E","T","R","?","R","E","?","R","BOSS","M","?","M","?","?","R","M","E"],"build_version":"2019-01-23","purchased_purges":0,"victory":false,"max_hp_per_floor":[80,80,80,80,80,80,80,80,80,80,80,80,80,80,80,80,80,80,80,80,80,80,80,80,80],"card_choices":[{"not_picked":["Bloodletting","Carnage"],"picked":"Armaments","floor":1},{"not_picked":["Pummel","Combust","Clash"],"picked":"SKIP","floor":4},{"not_picked":["Battle Trance","Clash"],"picked":"Anger","floor":5},{"not_picked":["Clothesline","Disarm"],"picked":"Flame Barrier","floor":6},{"not_picked":["Armaments","Feel No Pain"],"picked":"Twin Strike","floor":8},{"not_picked":["Sever Soul","Seeing Red"],"picked":"Intimidate","floor":10},{"not_picked":["Shockwave","Iron Wave"],"picked":"Twin Strike","floor":13},{"not_picked":["Seeing Red","Entrench"],"picked":"Heavy Blade","floor":15},{"not_picked":["Dark Embrace","Juggernaut"],"picked":"Demon Form","floor":16},{"not_picked":["Fire Breathing","Headbutt"],"picked":"Body Slam+1","floor":18},{"not_picked":["Shrug It Off","Body Slam","Rupture+1"],"picked":"SKIP","floor":20},{"not_picked":["Twin Strike","Seeing Red"],"picked":"Blood for Blood","floor":22},{"not_picked":["Thunderclap","Shrug It Off"],"picked":"Heavy Blade+1","floor":23},{"not_picked":["Fiend Fire","Pommel Strike"],"picked":"Twin Strike","floor":24}],"player_experience":273969,"relics_obtained":[{"floor":6,"key":"Pen Nib"},{"floor":8,"key":"Bird Faced Urn"},{"floor":9,"key":"Dream Catcher"},{"floor":13,"key":"Mummified Hand"},{"floor":14,"key":"Boot"}],"event_choices":[{"cards_removed":["Normality"],"damage_healed":0,"gold_gain":0,"player_choice":"Card Removal","damage_taken":7,"max_hp_gain":0,"max_hp_loss":0,"event_name":"Golden Wing","floor":2,"gold_loss":0},{"damage_healed":0,"gold_gain":0,"player_choice":"Left Gold","damage_taken":0,"max_hp_gain":0,"max_hp_loss":0,"event_name":"World of Goop","floor":7,"gold_loss":22},{"damage_healed":0,"gold_gain":0,"player_choice":"Box","damage_taken":0,"relics_obtained":["Shuriken"],"max_hp_gain":0,"max_hp_loss":0,"event_name":"Big Fish","floor":11,"gold_loss":0,"cards_obtained":["Regret"]},{"damage_healed":0,"gold_gain":0,"player_choice":"Ignored","damage_taken":0,"max_hp_gain":0,"max_hp_loss":0,"event_name":"Beggar","floor":19,"gold_loss":0},{"damage_healed":0,"gold_gain":0,"player_choice":"Upgraded","damage_taken":0,"max_hp_gain":0,"max_hp_loss":0,"event_name":"Upgrade Shrine","floor":21,"gold_loss":0,"cards_upgraded":["Demon Form"]}],"is_beta":false,"boss_relics":[{"not_picked":["Lizard Tail","Sozu"],"picked":"Empty Cage"}],"items_purged_floors":[],"is_endless":false,"potions_floor_spawned":[4,5,13,16,18],"killed_by":"Gremlin Leader","ascension_level":0}