{"gold_per_floor":[118,118,118,118,43,43,71,120,145,156,156,173,194,94,94,195,195,214,245,245,245,265,265],"floor_reached":23,"playtime":1401,"items_purged":["Strike_B","Strike_B"],"score":263,"play_id":"7c2ae2e7-cba0-482f-85a5-474b244bb91a","local_time":"20190220171308","is_ascension_mode":true,"campfire_choices":[{"data":"Gash","floor":6,"key":"SMITH"},{"data":"Defend_B","floor":11,"key":"SMITH"},{"floor":15,"key":"REST"}],"neow_cost":"NONE","seed_source_timestamp":79751835250557,"circlet_count":0,"master_deck":["Strike_B","Strike_B+1","Defend_B+1","Defend_B+1","Defend_B","Defend_B","Zap","Dualcast","Gash+1","Gash","Seek","Skim","J.A.X."],"relics":["Cracked Core","NeowsBlessing","Bag of Marbles","Strawberry","Vajra","Omamori","Odd Mushroom","Nuclear Battery","Red Mask"],"potions_floor_usage":[16,18,18,18,18,23],"damage_taken":[{"damage":0,"enemies":"Small Slimes","floor":1,"turns":1},{"damage":0,"enemies":"Gremlin Nob","floor":7,"turns":1},{"damage":0,"enemies":"2 Louse","floor":10,"turns":1},{"damage":0,"enemies":"Jaw Worm","floor":12,"turns":2},{"damage":10,"enemies":"The Mushroom Lair","floor":13,"turns":4},{"damage":55,"enemies":"Slime Boss","floor":16,"turns":12},{"damage":9,"enemies":"2 Thieves","floor":18,"turns":4},{"damage":42,"enemies":"Masked Bandits","floor":19,"turns":4},{"damage":3,"enemies":"Spheric Guardian","floor":22,"turns":3},{"damage":35,"enemies":"Book of Stabbing","floor":23,"turns":4}],"seed_played":"-9199558494141826111","potions_obtained":[{"floor":13,"key":"Weak Potion"},{"floor":16,"key":"EntropicBrew"},{"floor":19,"key":"Fire Potion"}],"is_trial":false,"path_per_floor":["M","?","?","?","$","R","E","T","T","M","R","M","?","$","R","B",null,"M","?","?","?","M","E"],"character_chosen":"DEFECT","items_purchased":[],"campfire_rested":1,"item_purchase_floors":[],"current_hp_per_floor":[75,80,77,61,61,61,68,68,68,68,68,68,58,58,84,29,73,76,34,34,34,31,0],"gold":265,"neow_bonus":"THREE_ENEMY_KILL","is_prod":false,"is_daily":false,"chose_seed":false,"campfire_upgraded":2,"win_rate":0,"timestamp":1550704388,"path_taken":["M","?","?","?","$","R","E","?","T","?","R","M","?","?","R","BOSS","M","?","?","?","M","E"],"build_version":"2019-01-23","purchased_purges":2,"victory":false,"max_hp_per_floor":[75,80,80,80,80,80,87,87,87,87,87,87,87,87,87,87,87,87,87,87,87,87,87],"card_choices":[{"not_picked":["Ball Lightning","Rebound"],"picked":"Gash","floor":1},{"not_picked":["Force Field","Doom and Gloom","Aggregate"],"picked":"SKIP","floor":7},{"not_picked":["Glacier","Hello World","Barrage"],"picked":"SKIP","floor":10},{"not_picked":["Undo","Compile Driver"],"picked":"Gash","floor":12},{"not_picked":["Fission","Electrodynamics"],"picked":"Seek","floor":16},{"not_picked":["Tempest","Sweeping Beam+1"],"picked":"Skim","floor":18},{"not_picked":["Streamline+1","Ball Lightning","Beam Cell"],"picked":"SKIP","floor":22}],"player_experience":422836,"relics_obtained":[{"floor":7,"key":"Strawberry"},{"floor":8,"key":"Vajra"},{"floor":9,"key":"Omamori"},{"floor":13,"key":"Odd Mushroom"},{"floor":19,"key":"Red Mask"}],"event_choices":[{"damage_healed":0,"gold_gain":0,"player_choice":"Donut","damage_taken":0,"max_hp_gain":5,"max_hp_loss":0,"event_name":"Big Fish","floor":2,"gold_loss":0},{"damage_healed":0,"gold_gain":0,"player_choice":"Success","damage_taken":3,"relics_obtained":["Bag of Marbles"],"max_hp_gain":0,"max_hp_loss":0,"event_name":"Scrap Ooze","floor":3,"gold_loss":0},{"damage_healed":0,"gold_gain":0,"player_choice":"Entered Light","damage_taken":16,"max_hp_gain":0,"max_hp_loss":0,"event_name":"Shining Light","floor":4,"gold_loss":0,"cards_upgraded":["Defend_B","Strike_B"]},{"damage_healed":0,"gold_gain":0,"player_choice":"Fought Mushrooms","damage_taken":0,"max_hp_gain":0,"max_hp_loss":0,"event_name":"Mushrooms","floor":13,"gold_loss":0},{"damage_healed":0,"gold_gain":0,"player_choice":"Fought Bandits","damage_taken":0,"max_hp_gain":0,"max_hp_loss":0,"event_name":"Masked Bandits","floor":19,"gold_loss":0},{"damage_healed":0,"gold_gain":0,"player_choice":"Obtain J.A.X.","damage_taken":0,"max_hp_gain":0,"max_hp_loss":0,"event_name":"Drug Dealer","floor":20,"gold_loss":0,"cards_obtained":["J.A.X."]},{"damage_healed":0,"gold_gain":0,"player_choice":"Ignored","damage_taken":0,"max_hp_gain":0,"max_hp_loss":0,"event_name":"Vampires","floor":21,"gold_loss":0}],"is_beta":false,"boss_relics":[{"not_picked":["Calling Bell","Pandora\u0027s Box"],"picked":"Nuclear Battery"}],"items_purged_floors":[5,14],"is_endless":false,"potions_floor_spawned":[13,16,19],"killed_by":"Book of Stabbing","ascension_level":5}