{"gold_per_floor":[110,129,146,321,331,358,358,376,376,43,69,20,46,31],"floor_reached":14,"playtime":1386,"items_purged":["Doubt"],"score":110,"play_id":"e46ebdfb-c52e-4ddb-8e80-750dc8f4cc76","local_time":"20190706202413","is_ascension_mode":false,"campfire_choices":[{"floor":7,"key":"REST"}],"neow_cost":"NONE","seed_source_timestamp":30160430081900,"circlet_count":0,"master_deck":["Strike_B","Strike_B","Strike_B","Strike_B","Defend_B","Defend_B","Defend_B","Defend_B","Zap","Dualcast","Compile Driver","Barrage","Reprogram","Cold Snap","Compile Driver","White Noise","Amplify","Rebound+1","Purity","Compile Driver+1","FTL+1"],"relics":["Cracked Core","Question Card","Molten Egg 2","Dream Catcher","Bottled Lightning"],"potions_floor_usage":[6,11],"damage_taken":[{"damage":8,"enemies":"Jaw Worm","floor":1,"turns":4},{"damage":2,"enemies":"2 Louse","floor":2,"turns":3},{"damage":0,"enemies":"Cultist","floor":3,"turns":2},{"damage":20,"enemies":"Gremlin Gang","floor":5,"turns":4},{"damage":14,"enemies":"Gremlin Nob","floor":6,"turns":4},{"damage":13,"enemies":"Lots of Slimes","floor":8,"turns":4},{"damage":30,"enemies":"3 Sentries","floor":11,"turns":6},{"damage":14,"enemies":"Gremlin Nob","floor":13,"turns":3},{"damage":3,"enemies":"Looter","floor":14,"turns":2}],"seed_played":"7215342263700526364","potions_obtained":[{"floor":5,"key":"EssenceOfSteel"},{"floor":6,"key":"LiquidBronze"},{"floor":13,"key":"SpeedPotion"}],"is_trial":false,"path_per_floor":["M","M","M","?","M","E","R","M","T","$","E","?","E","M"],"character_chosen":"DEFECT","items_purchased":["Amplify","Rebound+1","Purity"],"campfire_rested":1,"item_purchase_floors":[10,10,10],"current_hp_per_floor":[74,72,72,72,52,38,62,49,49,49,19,19,5,2],"gold":31,"neow_bonus":"TEN_PERCENT_HP_BONUS","is_prod":false,"is_daily":false,"chose_seed":false,"campfire_upgraded":0,"win_rate":0.0,"timestamp":1562433853,"path_taken":["M","M","M","?","M","E","R","M","T","$","E","?","E","M"],"build_version":"2019-07-05","purchased_purges":1,"victory":false,"max_hp_per_floor":[82,82,82,82,82,82,82,82,82,82,82,82,82,82],"card_choices":[{"not_picked":["Beam Cell","Redo"],"picked":"Compile Driver","floor":1},{"not_picked":["Doom and Gloom","Beam Cell"],"picked":"Barrage","floor":2},{"not_picked":["Consume","Steam"],"picked":"Reprogram","floor":3},{"not_picked":["Ball Lightning","Beam Cell"],"picked":"Cold Snap","floor":5},{"not_picked":["Double Energy","BootSequence"],"picked":"Compile Driver","floor":6},{"not_picked":["Reinforced Body","Multi-Cast","Stack"],"picked":"White Noise","floor":8},{"not_picked":["Genetic Algorithm","Streamline+1","Beam Cell+1"],"picked":"Compile Driver+1","floor":11},{"not_picked":["Darkness","Static Discharge","Barrage+1"],"picked":"FTL+1","floor":13}],"player_experience":95486,"relics_obtained":[{"floor":6,"key":"Question Card"},{"floor":9,"key":"Molten Egg 2"},{"floor":11,"key":"Dream Catcher"},{"floor":13,"key":"Bottled Lightning"}],"event_choices":[{"damage_healed":0,"gold_gain":175,"player_choice":"AGREE","damage_taken":0,"max_hp_gain":0,"max_hp_loss":0,"event_name":"Liars Game","floor":4,"gold_loss":0,"cards_obtained":["Doubt"]},{"damage_healed":0,"gold_gain":0,"player_choice":"Left Gold","damage_taken":0,"max_hp_gain":0,"max_hp_loss":0,"event_name":"World of Goop","floor":12,"gold_loss":49}],"is_beta":false,"boss_relics":[],"items_purged_floors":[10],"is_endless":false,"potions_floor_spawned":[5,6,13],"killed_by":"Looter","ascension_level":0}