{"gold_per_floor":[109,121,1,76,26,53,53,53,53,53,53,53,64,76,76,174,174,188,39,51,61,76,76,106,120,120,120,120,45,57,57,57,153,153,164,164,183,233,233,233,233,243,268,298,298,248,9,29,29,29],"floor_reached":51,"playtime":2988,"items_purged":["Defend_R","Defend_R","Strike_R","Strike_R"],"score":763,"play_id":"34cb3daf-74f9-472d-8fbe-1d202569014e","local_time":"20190711031437","is_ascension_mode":true,"campfire_choices":[{"data":"Flex","floor":8,"key":"SMITH"},{"data":"Sword Boomerang","floor":12,"key":"SMITH"},{"data":"Rage","floor":15,"key":"SMITH"},{"data":"Double Tap","floor":23,"key":"SMITH"},{"data":"Flex","floor":27,"key":"SMITH"},{"data":"J.A.X.","floor":32,"key":"SMITH"},{"data":"Reaper","floor":40,"key":"SMITH"},{"data":"Heavy Blade","floor":45,"key":"SMITH"},{"data":"Reaper","floor":49,"key":"SMITH"}],"neow_cost":"NONE","seed_source_timestamp":10732203835270,"circlet_count":0,"master_deck":["Strike_R","Strike_R","Flex+1","Heavy Blade+1","Sword Boomerang+1","Rage+1","Double Tap+1","Twin Strike+1","Flex+1","Sword Boomerang","Pummel+1","Sword Boomerang+1","Dual Wield+1","J.A.X.+1","Inflame+1","Reaper+1","Warcry+1","Heavy Blade+1","Spot Weakness+1","Reaper+1"],"relics":["Burning Blood","NeowsBlessing","Dream Catcher","Self Forming Clay","Letter Opener","Runic Dome","Red Mask","Shuriken","Runic Pyramid","Du-Vu Doll","Smiling Mask","Toxic Egg 2"],"potions_floor_usage":[16,22,24,33,33,44,44,50,50],"damage_taken":[{"damage":0,"enemies":"Cultist","floor":1,"turns":1},{"damage":0,"enemies":"Jaw Worm","floor":2,"turns":1},{"damage":0,"enemies":"Gremlin Nob","floor":6,"turns":1},{"damage":0,"enemies":"Small Slimes","floor":13,"turns":1},{"damage":13,"enemies":"Blue Slaver","floor":14,"turns":2},{"damage":44,"enemies":"The Guardian","floor":16,"turns":7},{"damage":7,"enemies":"Shell Parasite","floor":18,"turns":3},{"damage":0,"enemies":"Chosen","floor":20,"turns":3},{"damage":24,"enemies":"Snake Plant","floor":21,"turns":2},{"damage":0,"enemies":"Snecko","floor":22,"turns":2},{"damage":0,"enemies":"Masked Bandits","floor":24,"turns":2},{"damage":14,"enemies":"Shelled Parasite and Fungi","floor":25,"turns":3},{"damage":8,"enemies":"Snake Plant","floor":30,"turns":2},{"damage":44,"enemies":"Collector","floor":33,"turns":5},{"damage":14,"enemies":"3 Darklings","floor":35,"turns":3},{"damage":31,"enemies":"3 Shapes","floor":37,"turns":2},{"damage":8,"enemies":"2 Orb Walkers","floor":38,"turns":2},{"damage":12,"enemies":"Jaw Worm Horde","floor":42,"turns":3},{"damage":15,"enemies":"Reptomancer","floor":44,"turns":2},{"damage":19,"enemies":"Maw","floor":48,"turns":5},{"damage":88,"enemies":"Donu and Deca","floor":50,"turns":6}],"seed_played":"-2977649824122523429","potions_obtained":[{"floor":1,"key":"Energy Potion"},{"floor":14,"key":"SteroidPotion"},{"floor":16,"key":"Dexterity Potion"},{"floor":20,"key":"GamblersBrew"},{"floor":21,"key":"EssenceOfSteel"},{"floor":22,"key":"FearPotion"},{"floor":25,"key":"Poison Potion"},{"floor":33,"key":"FearPotion"},{"floor":35,"key":"LiquidBronze"},{"floor":42,"key":"Explosive Potion"},{"floor":48,"key":"Ancient Potion"}],"is_trial":false,"path_per_floor":["M","M","$","?","?","E","?","R","T","?","T","R","M","M","R","B",null,"M","$","M","M","M","R","?","M","T","R","?","?","M","?","R","B",null,"M","?","M","?","?","R","?","M","T","E","R","$","$","M","R","B",null],"character_chosen":"IRONCLAD","items_purchased":["Sword Boomerang","Flex","Spot Weakness+1","Reaper"],"campfire_rested":0,"item_purchase_floors":[3,19,47,47],"current_hp_per_floor":[80,80,80,69,69,75,68,68,68,73,73,73,79,72,72,34,85,84,84,85,67,73,73,79,71,71,71,71,71,69,69,69,31,85,85,85,60,58,58,58,58,70,70,85,85,85,85,85,85,62],"gold":29,"neow_bonus":"THREE_ENEMY_KILL","is_prod":false,"is_daily":false,"chose_seed":false,"campfire_upgraded":9,"win_rate":0,"timestamp":1562807677,"path_taken":["M","?","$","?","?","E","?","R","T","?","?","R","M","M","R","BOSS","M","$","M","M","M","R","?","M","T","R","?","?","M","?","R","BOSS","M","?","M","?","?","R","?","M","T","E","R","?","$","?","R","BOSS"],"build_version":"2019-07-05","purchased_purges":4,"victory":true,"max_hp_per_floor":[80,80,80,80,80,80,80,80,80,85,85,85,85,85,85,85,85,85,85,85,85,85,85,85,85,85,85,85,85,85,85,85,85,85,85,85,85,85,85,85,85,85,85,85,85,85,85,85,85,85],"card_choices":[{"not_picked":["Pommel Strike","Anger"],"picked":"Flex","floor":1},{"not_picked":["Body Slam","Pommel Strike"],"picked":"Heavy Blade","floor":2},{"not_picked":["Sentinel","Pommel Strike","Hemokinesis"],"picked":"SKIP","floor":6},{"not_picked":["Dual Wield","Thunderclap","Feel No Pain"],"picked":"SKIP","floor":13},{"not_picked":["Battle Trance","Blood for Blood"],"picked":"Rage","floor":14},{"not_picked":["Dark Embrace","Barricade"],"picked":"Double Tap","floor":16},{"not_picked":["Second Wind","Anger"],"picked":"Twin Strike+1","floor":18},{"not_picked":["Reckless Charge+1","Shrug It Off+1"],"picked":"Sword Boomerang","floor":20},{"not_picked":["Headbutt+1","Warcry"],"picked":"Pummel+1","floor":21},{"not_picked":["Twin Strike","Wild Strike"],"picked":"Sword Boomerang+1","floor":22},{"not_picked":["True Grit","Anger"],"picked":"Dual Wield+1","floor":24},{"not_picked":["Infernal Blade","Headbutt","Ghostly Armor"],"picked":"SKIP","floor":25},{"not_picked":["Heavy Blade","Rampage"],"picked":"Inflame+1","floor":30},{"not_picked":["Demon Form","Limit Break"],"picked":"Reaper","floor":33},{"not_picked":["Heavy Blade","Cleave"],"picked":"Warcry+1","floor":35},{"not_picked":["Wild Strike","Clash"],"picked":"Heavy Blade+1","floor":37},{"not_picked":["True Grit+1","Havoc+1","Sword Boomerang"],"picked":"SKIP","floor":42},{"not_picked":["Feel No Pain+1","Searing Blow","Seeing Red"],"picked":"SKIP","floor":44},{"not_picked":["Havoc+1","Clash+1","Pommel Strike"],"picked":"SKIP","floor":48}],"player_experience":111719,"relics_obtained":[{"floor":6,"key":"Dream Catcher"},{"floor":9,"key":"Self Forming Clay"},{"floor":11,"key":"Letter Opener"},{"floor":24,"key":"Red Mask"},{"floor":26,"key":"Shuriken"},{"floor":38,"key":"Du-Vu Doll"},{"floor":43,"key":"Smiling Mask"},{"floor":44,"key":"Toxic Egg 2"}],"event_choices":[{"damage_healed":0,"gold_gain":75,"player_choice":"Gather Gold","damage_taken":11,"max_hp_gain":0,"max_hp_loss":0,"event_name":"World of Goop","floor":4,"gold_loss":0},{"cards_removed":["Defend_R"],"damage_healed":0,"gold_gain":0,"player_choice":"Card Removal","damage_taken":0,"max_hp_gain":0,"max_hp_loss":0,"event_name":"The Cleric","floor":5,"gold_loss":50},{"cards_removed":["Defend_R"],"damage_healed":0,"gold_gain":0,"player_choice":"Card Removal","damage_taken":7,"max_hp_gain":0,"max_hp_loss":0,"event_name":"Golden Wing","floor":7,"gold_loss":0},{"damage_healed":0,"gold_gain":0,"player_choice":"Donut","damage_taken":0,"max_hp_gain":5,"max_hp_loss":0,"event_name":"Big Fish","floor":10,"gold_loss":0},{"damage_healed":0,"gold_gain":0,"player_choice":"Fought Bandits","damage_taken":0,"max_hp_gain":0,"max_hp_loss":0,"event_name":"Masked Bandits","floor":24,"gold_loss":0},{"damage_healed":0,"gold_gain":0,"player_choice":"Obtain J.A.X.","damage_taken":0,"max_hp_gain":0,"max_hp_loss":0,"event_name":"Drug Dealer","floor":28,"gold_loss":0,"cards_obtained":["J.A.X."]},{"cards_removed":["Strike_R"],"damage_healed":0,"gold_gain":0,"player_choice":"Gave Gold","damage_taken":0,"max_hp_gain":0,"max_hp_loss":0,"event_name":"Beggar","floor":29,"gold_loss":75},{"damage_healed":0,"gold_gain":0,"player_choice":"Ignored","damage_taken":0,"max_hp_gain":0,"max_hp_loss":0,"event_name":"Ghosts","floor":31,"gold_loss":0},{"damage_healed":0,"gold_gain":0,"player_choice":"Ignored","damage_taken":0,"max_hp_gain":0,"max_hp_loss":0,"event_name":"Tomb of Lord Red Mask","floor":36,"gold_loss":0},{"damage_healed":0,"gold_gain":0,"player_choice":"Fight","damage_taken":0,"max_hp_gain":0,"max_hp_loss":0,"event_name":"Mysterious Sphere","floor":38,"gold_loss":0},{"damage_healed":0,"gold_gain":0,"player_choice":"Memory 1","damage_taken":0,"max_hp_gain":0,"max_hp_loss":0,"event_name":"SensoryStone","floor":39,"gold_loss":0},{"cards_removed":["Bash"],"damage_healed":0,"gold_gain":0,"player_choice":"Removed Attack","damage_taken":0,"max_hp_gain":0,"max_hp_loss":0,"event_name":"Falling","floor":41,"gold_loss":0}],"is_beta":false,"boss_relics":[{"not_picked":["Fusion Hammer","Calling Bell"],"picked":"Runic Dome"},{"not_picked":["White Beast Statue","Black Star"],"picked":"Runic Pyramid"}],"items_purged_floors":[3,19,46,47],"is_endless":false,"potions_floor_spawned":[1,14,16,20,21,22,25,33,35,37,42,48],"ascension_level":2}