{"gold_per_floor":[19,19,35,49,65,65,91,91,91,122,122,140,155,120,120,216,216,226,226,0,17,28,28,28],"floor_reached":24,"playtime":1132,"items_purged":["Pain"],"score":270,"play_id":"fe962f80-ce39-4269-9c9a-0b0b713a0179","local_time":"20190520170824","is_ascension_mode":true,"campfire_choices":[{"data":"Dagger Spray","floor":6,"key":"SMITH"},{"data":"Bouncing Flask","floor":8,"key":"SMITH"},{"floor":11,"key":"REST"},{"data":"Sucker Punch","floor":15,"key":"SMITH"},{"floor":23,"key":"REST"}],"neow_cost":"NO_GOLD","seed_source_timestamp":2275038663815,"circlet_count":0,"master_deck":["Defend_G","Defend_G","Defend_G","Defend_G","Defend_G","Strike_G","Strike_G","Survivor","Neutralize+1","Dagger Spray+1","Dash","Acrobatics","Bouncing Flask+1","Quick Slash","Sucker Punch+1","Bane","Flying Knee","Adrenaline","Slice+1","Wraith Form v2+1","Malaise+1","Deflect","Poisoned Stab+1","Bullet Time"],"relics":["Ring of the Snake","Peace Pipe","Dodecahedron","Shuriken","Blue Candle","Astrolabe","WarpedTongs","Bag of Marbles"],"potions_floor_usage":[7,18,18,18,18,24,24,24],"damage_taken":[{"damage":0,"enemies":"2 Louse","floor":1,"turns":3},{"damage":0,"enemies":"Cultist","floor":3,"turns":3},{"damage":2,"enemies":"Jaw Worm","floor":4,"turns":4},{"damage":14,"enemies":"Large Slime","floor":5,"turns":9},{"damage":12,"enemies":"Gremlin Nob","floor":7,"turns":5},{"damage":25,"enemies":"Lagavulin","floor":10,"turns":8},{"damage":1,"enemies":"Red Slaver","floor":12,"turns":4},{"damage":0,"enemies":"Exordium Wildlife","floor":13,"turns":2},{"damage":10,"enemies":"Slime Boss","floor":16,"turns":9},{"damage":13,"enemies":"Spheric Guardian","floor":18,"turns":6},{"damage":25,"enemies":"2 Thieves","floor":21,"turns":3},{"damage":6,"enemies":"Cultist and Chosen","floor":22,"turns":9},{"damage":63,"enemies":"Gremlin Leader","floor":24,"turns":7}],"seed_played":"1011540650822892085","potions_obtained":[{"floor":3,"key":"EssenceOfSteel"},{"floor":4,"key":"FearPotion"},{"floor":5,"key":"Regen Potion"},{"floor":12,"key":"Swift Potion"},{"floor":16,"key":"EntropicBrew"},{"floor":21,"key":"PowerPotion"}],"is_trial":false,"path_per_floor":["M","?","M","M","M","R","E","R","T","E","R","M","M","?","R","B",null,"M","?","$","M","M","R","E"],"character_chosen":"THE_SILENT","items_purchased":["Bag of Marbles"],"campfire_rested":2,"item_purchase_floors":[20],"current_hp_per_floor":[63,63,63,61,47,47,49,49,49,24,45,44,44,61,61,51,65,52,52,52,27,21,42,0],"gold":28,"neow_bonus":"ONE_RARE_RELIC","is_prod":false,"is_daily":false,"chose_seed":false,"campfire_upgraded":3,"win_rate":0,"timestamp":1558336104,"path_taken":["M","?","M","M","M","R","E","R","T","E","R","M","?","?","R","BOSS","M","?","$","M","M","R","E"],"build_version":"2019-01-23","purchased_purges":1,"victory":false,"max_hp_per_floor":[70,70,70,70,70,70,70,70,70,70,70,70,70,70,70,70,70,70,70,70,70,70,70,70],"card_choices":[{"not_picked":["Poisoned Stab","Noxious Fumes"],"picked":"Dagger Spray","floor":1},{"not_picked":["Poisoned Stab","Backflip"],"picked":"Dash","floor":3},{"not_picked":["PiercingWail","Riddle With Holes"],"picked":"Acrobatics","floor":4},{"not_picked":["Finisher","Flechettes"],"picked":"Bouncing Flask","floor":5},{"not_picked":["Dagger Spray","Eviscerate"],"picked":"Quick Slash","floor":7},{"not_picked":["Deflect","Malaise"],"picked":"Sucker Punch","floor":10},{"not_picked":["Catalyst","Sucker Punch"],"picked":"Bane","floor":12},{"not_picked":["Underhanded Strike","Terror"],"picked":"Flying Knee","floor":13},{"not_picked":["Tools of the Trade","Die Die Die"],"picked":"Adrenaline","floor":16},{"not_picked":["Quick Slash","Blur"],"picked":"Deflect","floor":18},{"not_picked":["Outmaneuver","Catalyst"],"picked":"Poisoned Stab+1","floor":21},{"not_picked":["Dodge and Roll","Finisher"],"picked":"Bullet Time","floor":22}],"player_experience":683594,"relics_obtained":[{"floor":7,"key":"Dodecahedron"},{"floor":9,"key":"Shuriken"},{"floor":10,"key":"Blue Candle"}],"event_choices":[{"damage_healed":0,"gold_gain":0,"player_choice":"Upgraded","damage_taken":0,"max_hp_gain":0,"max_hp_loss":0,"event_name":"Upgrade Shrine","floor":2,"gold_loss":0,"cards_upgraded":["Neutralize"]},{"damage_healed":17,"gold_gain":0,"player_choice":"Healed","damage_taken":0,"max_hp_gain":0,"max_hp_loss":0,"event_name":"The Cleric","floor":14,"gold_loss":35},{"damage_healed":0,"gold_gain":0,"player_choice":"Rummage","damage_taken":0,"relics_obtained":["WarpedTongs"],"max_hp_gain":0,"max_hp_loss":0,"event_name":"Accursed Blacksmith","floor":19,"gold_loss":0,"cards_obtained":["Pain"]}],"is_beta":false,"boss_relics":[{"not_picked":["Pandora\u0027s Box","Busted Crown"],"picked":"Astrolabe"}],"items_purged_floors":[20],"is_endless":false,"potions_floor_spawned":[3,4,5,12,16,21],"killed_by":"Gremlin Leader","ascension_level":6}