{"gold_per_floor":[119,119,135,310,357,388,388,403,403,420,452,484,103,378,378,481,481,492,492,505,520,77,110,110,36,89,106,106,39,69,69],"floor_reached":31,"playtime":1217,"items_purged":["Regret"],"score":283,"play_id":"2e90508d-0d27-41c3-b9b4-d854e1e21880","local_time":"20190327163646","is_ascension_mode":false,"campfire_choices":[{"data":"Perfected Strike","floor":7,"key":"SMITH"},{"data":"Armaments","floor":15,"key":"SMITH"},{"floor":24,"key":"REST"},{"floor":28,"key":"RECALL"}],"neow_cost":"CURSE","seed_source_timestamp":21167388403134,"circlet_count":0,"master_deck":["Strike_R","Strike_R","Strike_R","Strike_R","Strike_R","Defend_R","Defend_R","Defend_R","Defend_R","Bash","Writhe","Perfected Strike+1","Infernal Blade","Doubt","Pommel Strike","Cleave","Perfected Strike","Feed","Headbutt","Pommel Strike","Armaments+1","Sadistic Nature","Double Tap","Clothesline","Rage+1","Heavy Blade","Evolve","Dual Wield","Power Through","Metallicize+1","Uppercut","Limit Break"],"relics":["Burning Blood","Regal Pillow","Centennial Puzzle","Bottled Flame","MawBank","Pen Nib","White Beast Statue","Nloth\u0027s Gift","Ginger","Oddly Smooth Stone","Nunchaku"],"potions_floor_usage":[6,12,16,18,20,21,23,30,30,31],"damage_taken":[{"damage":5,"enemies":"Small Slimes","floor":1,"turns":3},{"damage":13,"enemies":"Jaw Worm","floor":3,"turns":3},{"damage":24,"enemies":"Gremlin Nob","floor":6,"turns":4},{"damage":0,"enemies":"Cultist","floor":8,"turns":2},{"damage":10,"enemies":"Exordium Thugs","floor":10,"turns":2},{"damage":18,"enemies":"Lagavulin","floor":11,"turns":3},{"damage":0,"enemies":"Red Slaver","floor":12,"turns":1},{"damage":26,"enemies":"Slime Boss","floor":16,"turns":8},{"damage":15,"enemies":"Spheric Guardian","floor":18,"turns":3},{"damage":13,"enemies":"3 Byrds","floor":20,"turns":5},{"damage":7,"enemies":"Snecko","floor":21,"turns":4},{"damage":58,"enemies":"Book of Stabbing","floor":23,"turns":6},{"damage":4,"enemies":"Cultist and Chosen","floor":27,"turns":4},{"damage":52,"enemies":"Slavers","floor":30,"turns":6},{"damage":25,"enemies":"3 Cultists","floor":31,"turns":4}],"seed_played":"8072250190901150173","potions_obtained":[{"floor":1,"key":"BloodPotion"},{"floor":6,"key":"SkillPotion"},{"floor":8,"key":"AttackPotion"},{"floor":12,"key":"SkillPotion"},{"floor":18,"key":"Weak Potion"},{"floor":20,"key":"FearPotion"},{"floor":21,"key":"Ancient Potion"},{"floor":23,"key":"Weak Potion"},{"floor":27,"key":"Strength Potion"},{"floor":30,"key":"Fire Potion"}],"is_trial":false,"path_per_floor":["M","?","M","?","T","E","R","M","T","M","E","M","$","?","R","B",null,"M","?","M","M","$","E","R","$","T","M","R","$","E","M"],"character_chosen":"IRONCLAD","items_purchased":["Pommel Strike","Pen Nib","Armaments","Sadistic Nature","Ginger","Evolve","Power Through","Uppercut"],"campfire_rested":1,"item_purchase_floors":[13,13,13,13,22,22,25,29],"current_hp_per_floor":[80,80,73,73,73,63,63,69,69,65,53,59,59,59,59,39,80,74,74,70,69,69,17,57,57,57,62,62,62,16,0],"gold":69,"neow_bonus":"ONE_RARE_RELIC","is_prod":false,"is_daily":false,"chose_seed":false,"campfire_upgraded":2,"win_rate":0,"timestamp":1553668606,"path_taken":["M","?","M","?","?","E","R","M","T","M","E","M","$","?","R","BOSS","M","?","?","M","$","E","R","?","T","M","R","$","E","M"],"build_version":"2019-01-23","purchased_purges":1,"victory":false,"max_hp_per_floor":[80,80,80,80,80,80,80,80,80,80,80,80,80,80,80,80,80,83,83,86,86,86,86,86,86,86,89,89,89,89,89],"card_choices":[{"not_picked":["Pommel Strike","Hemokinesis"],"picked":"Perfected Strike","floor":1},{"not_picked":["Flex","Warcry"],"picked":"Infernal Blade","floor":3},{"not_picked":["Cleave","Headbutt"],"picked":"Pommel Strike","floor":6},{"not_picked":["Dropkick","Sever Soul"],"picked":"Cleave","floor":8},{"not_picked":["Clothesline","Carnage"],"picked":"Perfected Strike","floor":10},{"not_picked":["Thunderclap","Brutality"],"picked":"Feed","floor":11},{"not_picked":["True Grit","Sword Boomerang"],"picked":"Headbutt","floor":12},{"not_picked":["Juggernaut","Limit Break"],"picked":"Double Tap","floor":16},{"not_picked":["Entrench","Dropkick"],"picked":"Clothesline","floor":18},{"not_picked":["Body Slam","Ghostly Armor+1"],"picked":"Rage+1","floor":20},{"not_picked":["True Grit","Sever Soul"],"picked":"Heavy Blade","floor":21},{"not_picked":["Clash","Flex"],"picked":"Dual Wield","floor":23},{"not_picked":["Clothesline+1","Shrug It Off"],"picked":"Metallicize+1","floor":27},{"not_picked":["Ghostly Armor","Wild Strike"],"picked":"Limit Break","floor":30}],"player_experience":196286,"relics_obtained":[{"floor":5,"key":"Regal Pillow"},{"floor":6,"key":"Centennial Puzzle"},{"floor":9,"key":"Bottled Flame"},{"floor":11,"key":"MawBank"},{"floor":23,"key":"Oddly Smooth Stone"},{"floor":30,"key":"Nunchaku"}],"event_choices":[{"damage_healed":0,"gold_gain":0,"player_choice":"Leave","damage_taken":0,"max_hp_gain":0,"max_hp_loss":0,"event_name":"The Cleric","floor":2,"gold_loss":0},{"damage_healed":0,"gold_gain":175,"player_choice":"AGREE","damage_taken":0,"max_hp_gain":0,"max_hp_loss":0,"event_name":"Liars Game","floor":4,"gold_loss":0,"cards_obtained":["Doubt"]},{"damage_healed":0,"gold_gain":275,"player_choice":"Desecrate","damage_taken":0,"max_hp_gain":0,"max_hp_loss":0,"event_name":"Golden Shrine","floor":14,"gold_loss":0,"cards_obtained":["Regret"]},{"damage_healed":0,"gold_gain":0,"player_choice":"Traded Relic","damage_taken":0,"relics_obtained":["Nloth\u0027s Gift"],"max_hp_gain":0,"max_hp_loss":0,"event_name":"N\u0027loth","floor":19,"relics_lost":["Du-Vu Doll"],"gold_loss":0}],"is_beta":false,"boss_relics":[{"not_picked":["Coffee Dripper","Pandora\u0027s Box"],"picked":"White Beast Statue"}],"items_purged_floors":[22],"is_endless":false,"potions_floor_spawned":[1,6,8,12,18,20,21,23,27,30],"killed_by":"3 Cultists","ascension_level":0}