{"gold_per_floor":[115,132,152,166,131,165,165,165,165,0,13,25,35,50,50,50],"floor_reached":16,"playtime":692,"items_purged":[],"score":106,"play_id":"aa8b9233-c7ae-4d2e-b60c-fb40c6596eb9","local_time":"20190326170631","is_ascension_mode":false,"campfire_choices":[{"data":"Power Through","floor":8,"key":"SMITH"},{"floor":15,"key":"RECALL"}],"neow_cost":"NONE","seed_source_timestamp":78053393428152,"circlet_count":0,"master_deck":["Strike_R","Strike_R","Strike_R","Strike_R","Strike_R","Defend_R","Defend_R","Defend_R","Defend_R","Bash","Rage","Inflame","Evolve","Power Through+1","Iron Wave","Impatience","Rage","Thunderclap","Clash","Body Slam"],"relics":["Coffee Dripper","Shuriken","Darkstone Periapt","Kunai"],"potions_floor_usage":[3,11,13,16,16,16],"damage_taken":[{"damage":0,"enemies":"2 Louse","floor":1,"turns":3},{"damage":0,"enemies":"Small Slimes","floor":2,"turns":3},{"damage":7,"enemies":"Jaw Worm","floor":3,"turns":3},{"damage":29,"enemies":"Gremlin Gang","floor":4,"turns":6},{"damage":47,"enemies":"Gremlin Nob","floor":6,"turns":5},{"damage":8,"enemies":"Looter","floor":11,"turns":3},{"damage":0,"enemies":"Large Slime","floor":12,"turns":6},{"damage":0,"enemies":"Blue Slaver","floor":13,"turns":3},{"damage":0,"enemies":"2 Fungi Beasts","floor":14,"turns":4},{"damage":4,"enemies":"The Guardian","floor":16,"turns":4}],"seed_played":"6015574019116491822","potions_obtained":[{"floor":1,"key":"Explosive Potion"},{"floor":6,"key":"SkillPotion"},{"floor":12,"key":"Weak Potion"},{"floor":13,"key":"Ancient Potion"},{"floor":14,"key":"SteroidPotion"}],"is_trial":false,"path_per_floor":["M","M","M","M","?","E","?","R","T","$","M","M","M","M","R","B"],"character_chosen":"IRONCLAD","items_purchased":["Impatience","Ancient Potion"],"campfire_rested":0,"item_purchase_floors":[10,10],"current_hp_per_floor":[80,80,73,44,64,17,10,10,10,10,2,2,2,2,2,0],"gold":50,"neow_bonus":"BOSS_RELIC","is_prod":false,"is_daily":false,"chose_seed":false,"campfire_upgraded":1,"win_rate":0,"timestamp":1553583991,"path_taken":["M","M","M","M","?","E","?","R","T","?","?","M","M","M","R","BOSS"],"build_version":"2019-01-23","purchased_purges":0,"victory":false,"max_hp_per_floor":[80,80,80,80,80,80,80,80,80,80,80,80,80,80,80,80],"card_choices":[{"not_picked":["Seeing Red","Wild Strike"],"picked":"Rage","floor":1},{"not_picked":["Heavy Blade","Pummel"],"picked":"Inflame","floor":2},{"not_picked":["Wild Strike","Power Through"],"picked":"Evolve","floor":3},{"not_picked":["Iron Wave","Havoc"],"picked":"Power Through","floor":4},{"not_picked":["Twin Strike","Wild Strike"],"picked":"Iron Wave","floor":6},{"not_picked":["Shockwave","Twin Strike"],"picked":"Rage","floor":11},{"not_picked":["Pummel","Sever Soul"],"picked":"Thunderclap","floor":12},{"not_picked":["Power Through","Bloodletting"],"picked":"Clash","floor":13},{"not_picked":["True Grit","Clothesline"],"picked":"Body Slam","floor":14}],"player_experience":181051,"relics_obtained":[{"floor":6,"key":"Shuriken"},{"floor":9,"key":"Kunai"}],"event_choices":[{"damage_healed":20,"gold_gain":0,"player_choice":"Healed","damage_taken":0,"max_hp_gain":0,"max_hp_loss":0,"event_name":"The Cleric","floor":5,"gold_loss":35},{"damage_healed":0,"gold_gain":0,"player_choice":"Success","damage_taken":7,"relics_obtained":["Darkstone Periapt"],"max_hp_gain":0,"max_hp_loss":0,"event_name":"Scrap Ooze","floor":7,"gold_loss":0}],"is_beta":false,"boss_relics":[],"items_purged_floors":[],"is_endless":false,"potions_floor_spawned":[1,6,12,13,14],"killed_by":"The Guardian","ascension_level":0}