{"gold_per_floor":[116,116,131,21,21,21,46,46,46,76,76,76,76,93,93,195,195,209,29,0,0,0,0],"floor_reached":23,"playtime":1533,"items_purged":["Defend_B","Strike_B"],"score":352,"play_id":"ce0b3d77-4106-4dec-a022-8b01e8163a5b","local_time":"20190705072612","is_ascension_mode":true,"campfire_choices":[{"data":"Glacier","floor":6,"key":"SMITH"},{"data":"Machine Learning","floor":8,"key":"SMITH"},{"data":"Gash","floor":13,"key":"SMITH"},{"data":"Loop","floor":15,"key":"SMITH"}],"neow_cost":"NONE","seed_source_timestamp":157710601498018,"circlet_count":0,"master_deck":["AscendersBane","Strike_B","Defend_B","Defend_B","Defend_B","Zap","Dualcast","Meteor Strike","Self Repair","Glacier+1","Machine Learning+1","Gash+1","Loop+1","Echo Form","White Noise","Blizzard"],"relics":["FrozenCore","NeowsBlessing","FaceOfCleric","Vajra","Pear","Meat on the Bone"],"potions_floor_usage":[10,10,16],"damage_taken":[{"damage":0,"enemies":"Jaw Worm","floor":1,"turns":1},{"damage":0,"enemies":"Cultist","floor":3,"turns":1},{"damage":0,"enemies":"3 Sentries","floor":7,"turns":1},{"damage":14,"enemies":"Gremlin Nob","floor":10,"turns":4},{"damage":0,"enemies":"2 Louse","floor":14,"turns":3},{"damage":11,"enemies":"The Guardian","floor":16,"turns":12},{"damage":15,"enemies":"Spheric Guardian","floor":18,"turns":8},{"damage":38,"enemies":"2 Thieves","floor":20,"turns":5},{"damage":51,"enemies":"Book of Stabbing","floor":23,"turns":5}],"seed_played":"-4959319192570174184","potions_obtained":[{"floor":1,"key":"EssenceOfSteel"},{"floor":3,"key":"Poison Potion"},{"floor":14,"key":"Fire Potion"},{"floor":18,"key":"Ancient Potion"}],"is_trial":false,"path_per_floor":["M","?","M","$","?","R","E","R","T","E","$","?","R","M","R","B",null,"M","$","M","?","?","E"],"character_chosen":"DEFECT","items_purchased":["Glacier","Blizzard"],"campfire_rested":0,"item_purchase_floors":[4,19],"current_hp_per_floor":[68,68,68,68,68,68,76,76,86,80,80,80,80,88,88,85,88,88,88,65,47,47,0],"gold":0,"neow_bonus":"THREE_ENEMY_KILL","is_prod":false,"is_daily":false,"chose_seed":false,"campfire_upgraded":4,"win_rate":0,"timestamp":1562329572,"path_taken":["M","?","?","$","?","R","E","R","T","E","?","?","R","M","R","BOSS","M","$","M","?","?","E"],"build_version":"2019-07-01","purchased_purges":2,"victory":false,"max_hp_per_floor":[75,75,75,75,75,75,76,76,86,87,87,87,87,88,88,89,89,90,90,91,96,96,96],"card_choices":[{"not_picked":["Sweeping Beam","Turbo","Leap"],"picked":"SKIP","floor":1},{"not_picked":["Compile Driver","Leap"],"picked":"Self Repair","floor":3},{"not_picked":["Conserve Battery","Sunder"],"picked":"Machine Learning","floor":7},{"not_picked":["Darkness","Streamline"],"picked":"Gash","floor":10},{"not_picked":["Hologram","Coolheaded"],"picked":"Loop","floor":14},{"not_picked":["Hyperbeam","Biased Cognition"],"picked":"Echo Form","floor":16},{"not_picked":["Rebound","Sunder"],"picked":"White Noise","floor":18},{"not_picked":["Barrage+1","Darkness+1","Cold Snap+1"],"picked":"SKIP","floor":20}],"player_experience":519433,"relics_obtained":[{"floor":7,"key":"Vajra"},{"floor":9,"key":"Pear"},{"floor":10,"key":"Meat on the Bone"}],"event_choices":[{"damage_healed":0,"gold_gain":0,"cards_transformed":["Strike_B"],"player_choice":"Transformed","damage_taken":0,"max_hp_gain":0,"max_hp_loss":0,"event_name":"Transmorgrifier","floor":2,"gold_loss":0,"cards_obtained":["Meteor Strike"]},{"damage_healed":0,"gold_gain":0,"player_choice":"Trade","damage_taken":0,"relics_obtained":["FaceOfCleric"],"max_hp_gain":0,"max_hp_loss":0,"event_name":"FaceTrader","floor":5,"gold_loss":0},{"cards_removed":["Strike_B"],"damage_healed":0,"gold_gain":0,"player_choice":"Forget","damage_taken":0,"max_hp_gain":0,"max_hp_loss":0,"event_name":"Living Wall","floor":12,"gold_loss":0},{"damage_healed":0,"gold_gain":0,"player_choice":"Shed Blood","damage_taken":23,"max_hp_gain":5,"max_hp_loss":0,"event_name":"Forgotten Altar","floor":21,"gold_loss":0},{"damage_healed":0,"gold_gain":0,"player_choice":"Ignored","damage_taken":0,"max_hp_gain":0,"max_hp_loss":0,"event_name":"Ghosts","floor":22,"gold_loss":0}],"is_beta":false,"boss_relics":[{"not_picked":["Runic Pyramid","Sozu"],"picked":"FrozenCore"}],"items_purged_floors":[4,19],"is_endless":false,"potions_floor_spawned":[1,3,14,18],"killed_by":"Book of Stabbing","ascension_level":10}