{"gold_per_floor":[114,114,39,39,55,88,88,35,35,49,49,65,84,95,95,194,194,204,304,284,299,314,314,334,358,358,358,373,472,491,522,522,621,621,635,110,120,136,136,161,161,161,161,176,208,208,243,259,259,259,259,259,51,77,77],"floor_reached":55,"playtime":2160,"items_purged":["Strike_R","Regret"],"score":804,"play_id":"01cba0dd-73f9-43dd-90a1-a4faf9ce8b86","local_time":"20190109042325","is_ascension_mode":false,"campfire_choices":[{"floor":7.0,"key":"RECALL"},{"data":"Armaments","floor":15.0,"key":"SMITH"},{"floor":23.0,"key":"REST"},{"floor":27.0,"key":"REST"},{"floor":32.0,"key":"REST"},{"floor":41.0,"key":"REST"},{"floor":49.0,"key":"REST"},{"data":"Double Tap","floor":52.0,"key":"SMITH"}],"neow_cost":"PERCENT_DAMAGE","seed_source_timestamp":1178734556578074,"circlet_count":0,"master_deck":["Strike_R","Strike_R","Strike_R","Defend_R","Defend_R","Defend_R","Defend_R","Bash","Discovery","Blind+1","Sword Boomerang+1","Uppercut","Double Tap+1","Flex","Cleave","Iron Wave","Pommel Strike+1","Iron Wave","Thunderclap","Pummel","Shrug It Off","Armaments+1","Fiend Fire","Shrug It Off","True Grit+1","Shrug It Off+1","Cleave","Metallicize","Iron Wave+1","Juggernaut","Madness","Madness","Shrug It Off+1","Iron Wave+1","Pommel Strike+1","Shrug It Off+1","Spot Weakness+1"],"special_seed":0,"relics":["Burning Blood","Bronze Scales","Prayer Wheel","Dodecahedron","Busted Crown","StoneCalendar","Pear","Pen Nib","Matryoshka","Letter Opener","Philosopher\u0027s Stone","Brimstone","Orichalcum","Happy Flower","Whetstone","Toxic Egg 2","Blood Vial","Pantograph","ClockworkSouvenir","Oddly Smooth Stone"],"potions_floor_usage":[55,55],"damage_taken":[{"damage":0.0,"enemies":"Jaw Worm","floor":1.0,"turns":4.0},{"damage":2.0,"enemies":"Cultist","floor":5.0,"turns":3.0},{"damage":26.0,"enemies":"Lagavulin","floor":6.0,"turns":5.0},{"damage":0.0,"enemies":"Small Slimes","floor":10.0,"turns":3.0},{"damage":5.0,"enemies":"Blue Slaver","floor":12.0,"turns":2.0},{"damage":2.0,"enemies":"Lots of Slimes","floor":13.0,"turns":2.0},{"damage":14.0,"enemies":"Exordium Thugs","floor":14.0,"turns":4.0},{"damage":38.0,"enemies":"Hexaghost","floor":16.0,"turns":9.0},{"damage":1.0,"enemies":"Chosen","floor":18.0,"turns":4.0},{"damage":16.0,"enemies":"Colosseum Slavers","floor":19.0,"turns":5.0},{"damage":31.0,"enemies":"Colosseum Nobs","floor":19.0,"turns":5.0},{"damage":15.0,"enemies":"Spheric Guardian","floor":21.0,"turns":4.0},{"damage":25.0,"enemies":"Shelled Parasite and Fungi","floor":22.0,"turns":5.0},{"damage":20.0,"enemies":"3 Cultists","floor":24.0,"turns":6.0},{"damage":7.0,"enemies":"Snake Plant","floor":28.0,"turns":4.0},{"damage":21.0,"enemies":"Centurion and Healer","floor":30.0,"turns":7.0},{"damage":36.0,"enemies":"Slavers","floor":31.0,"turns":5.0},{"damage":56.0,"enemies":"Collector","floor":33.0,"turns":9.0},{"damage":23.0,"enemies":"3 Shapes","floor":35.0,"turns":5.0},{"damage":2.0,"enemies":"3 Darklings","floor":37.0,"turns":3.0},{"damage":11.0,"enemies":"Maw","floor":38.0,"turns":5.0},{"damage":33.0,"enemies":"Giant Head","floor":40.0,"turns":7.0},{"damage":0.0,"enemies":"Sphere and 2 Shapes","floor":44.0,"turns":3.0},{"damage":19.0,"enemies":"Reptomancer","floor":45.0,"turns":4.0},{"damage":2.0,"enemies":"Nemesis","floor":47.0,"turns":3.0},{"damage":17.0,"enemies":"3 Darklings","floor":48.0,"turns":3.0},{"damage":62.0,"enemies":"Donu and Deca","floor":50.0,"turns":6.0},{"damage":84,"enemies":"Shield and Spear","floor":54,"turns":6},{"damage":41,"enemies":"The Heart","floor":55,"turns":2}],"seed_played":"-3256361051857895183","potions_obtained":[{"floor":5.0,"key":"Energy Potion"},{"floor":10.0,"key":"SneckoOil"},{"floor":16.0,"key":"LiquidBronze"},{"floor":18.0,"key":"AttackPotion"},{"floor":20.0,"key":"AttackPotion"},{"floor":22.0,"key":"Regen Potion"},{"floor":33.0,"key":"AttackPotion"},{"floor":38.0,"key":"Fire Potion"},{"floor":44.0,"key":"Ancient Potion"},{"floor":47.0,"key":"Energy Potion"},{"floor":54,"key":"Fire Potion"}],"is_trial":false,"path_per_floor":["M","?","$","?","M","E","R","$","T","M","T","M","M","M","R","B",null,"M","?","?","M","M","R","M","T","T","R","M","?","M","E","R","B",null,"M","$","M","M","?","E","R","?","T","M","E","?","E","M","R","B",null,"R","$","E","B"],"character_chosen":"IRONCLAD","items_purchased":["Flex","Brimstone","Orichalcum","Metallicize","ClockworkSouvenir"],"campfire_rested":5,"item_purchase_floors":[8,36,36,36,53],"current_hp_per_floor":[62,62,62,62,66,46,46,46,46,52,52,53,57,49,49,17,80,80,55,55,46,27,54,40,40,40,67,66,66,51,33,60,10,90,73,73,77,72,61,34,61,61,61,67,54,54,60,51,78,34,90,90,90,12,0],"gold":77,"neow_bonus":"RANDOM_COLORLESS_2","is_prod":false,"is_daily":false,"chose_seed":false,"campfire_upgraded":2,"win_rate":0,"timestamp":1547025805,"path_taken":["M","?","$","?","M","E","R","?","T","M","?","M","M","M","R","BOSS","M","?","?","?","M","R","M","?","T","R","M","?","M","E","R","BOSS","M","$","M","M","?","E","R","?","T","?","E","?","E","M","R","BOSS","R","$","E","BOSS"],"build_version":"2019-01-03v4","purchased_purges":2,"victory":false,"max_hp_per_floor":[80,80,80,80,80,80,80,80,80,80,80,80,80,80,80,80,80,80,90,90,90,90,90,90,90,90,90,90,90,90,90,90,90,90,90,90,90,90,90,90,90,90,90,90,90,90,90,90,90,90,90,90,90,90,90],"card_choices":[{"not_picked":["Perfected Strike","Shockwave"],"picked":"Sword Boomerang","floor":1.0},{"not_picked":["Fire Breathing","Headbutt"],"picked":"Uppercut","floor":5.0},{"not_picked":["Heavy Blade","Rage"],"picked":"Double Tap","floor":6.0},{"not_picked":["Sword Boomerang","Armaments"],"picked":"Cleave","floor":10.0},{"not_picked":["Armaments","Clothesline"],"picked":"Iron Wave","floor":10.0},{"not_picked":["Cleave","Armaments"],"picked":"Pommel Strike","floor":12.0},{"not_picked":["Dropkick","Disarm"],"picked":"Iron Wave","floor":12.0},{"not_picked":["Uppercut","Twin Strike"],"picked":"Thunderclap","floor":13.0},{"not_picked":["Clothesline","Twin Strike"],"picked":"Pummel","floor":13.0},{"not_picked":["Disarm","Flex"],"picked":"Shrug It Off","floor":14.0},{"not_picked":["Body Slam","Clash"],"picked":"Armaments","floor":14.0},{"not_picked":["Dark Embrace","Brutality"],"picked":"Fiend Fire","floor":16.0},{"not_picked":["Fire Breathing+1"],"picked":"SKIP","floor":18.0},{"not_picked":["Blood for Blood"],"picked":"SKIP","floor":18.0},{"not_picked":[],"picked":"Shrug It Off","floor":21.0},{"not_picked":["Twin Strike"],"picked":"SKIP","floor":21.0},{"not_picked":[],"picked":"True Grit+1","floor":22.0},{"not_picked":["Pommel Strike"],"picked":"SKIP","floor":22.0},{"not_picked":[],"picked":"Shrug It Off+1","floor":24.0},{"not_picked":["Corruption"],"picked":"SKIP","floor":24.0},{"not_picked":[],"picked":"Cleave","floor":28.0},{"not_picked":["Blood for Blood"],"picked":"SKIP","floor":28.0},{"not_picked":["Warcry"],"picked":"SKIP","floor":30.0},{"not_picked":["Heavy Blade+1"],"picked":"SKIP","floor":30.0},{"not_picked":["Body Slam"],"picked":"SKIP","floor":31.0},{"not_picked":["Thunderclap+1"],"picked":"SKIP","floor":35.0},{"not_picked":["Armaments"],"picked":"SKIP","floor":35.0},{"not_picked":[],"picked":"Iron Wave+1","floor":37.0},{"not_picked":["Iron Wave"],"picked":"SKIP","floor":37.0},{"not_picked":[],"picked":"Juggernaut","floor":38.0},{"not_picked":["Shockwave+1"],"picked":"SKIP","floor":38.0},{"not_picked":["Iron Wave"],"picked":"SKIP","floor":40.0},{"not_picked":[],"picked":"Shrug It Off+1","floor":44.0},{"not_picked":[],"picked":"Iron Wave+1","floor":44.0},{"not_picked":[],"picked":"Pommel Strike+1","floor":45.0},{"not_picked":["Sword Boomerang+1"],"picked":"SKIP","floor":47.0},{"not_picked":[],"picked":"Shrug It Off+1","floor":48.0},{"not_picked":["True Grit+1"],"picked":"SKIP","floor":48.0},{"not_picked":[],"picked":"Spot Weakness+1","floor":54}],"player_experience":28300,"relics_obtained":[{"floor":6.0,"key":"Prayer Wheel"},{"floor":9.0,"key":"Dodecahedron"},{"floor":19.0,"key":"StoneCalendar"},{"floor":19.0,"key":"Pear"},{"floor":25.0,"key":"Pen Nib"},{"floor":26.0,"key":"Matryoshka"},{"floor":31.0,"key":"Letter Opener"},{"floor":40.0,"key":"Happy Flower"},{"floor":43.0,"key":"Whetstone"},{"floor":43.0,"key":"Toxic Egg 2"},{"floor":45.0,"key":"Blood Vial"},{"floor":47.0,"key":"Pantograph"},{"floor":54,"key":"Oddly Smooth Stone"}],"event_choices":[{"damage_healed":0.0,"max_hp_gain":0.0,"max_hp_loss":0.0,"gold_gain":0.0,"event_name":"Upgrade Shrine","player_choice":"Upgraded","floor":2.0,"gold_loss":0.0,"damage_taken":0.0,"cards_upgraded":["Blind"]},{"damage_healed":0.0,"max_hp_gain":0.0,"max_hp_loss":0.0,"gold_gain":0.0,"event_name":"Big Fish","player_choice":"Box","floor":4.0,"gold_loss":0.0,"damage_taken":0.0,"relics_obtained":["Bronze Scales"],"cards_obtained":["Regret"]},{"damage_healed":0.0,"max_hp_gain":0.0,"max_hp_loss":0.0,"gold_gain":0.0,"event_name":"Colosseum","player_choice":"Fight","floor":19.0,"gold_loss":0.0,"damage_taken":0.0},{"damage_healed":0.0,"max_hp_gain":0.0,"max_hp_loss":0.0,"gold_gain":0.0,"event_name":"Colosseum","player_choice":"Fought Nobs","floor":19.0,"gold_loss":0.0,"damage_taken":0.0},{"damage_healed":0.0,"max_hp_gain":0.0,"max_hp_loss":0.0,"gold_gain":0.0,"event_name":"The Woman in Blue","player_choice":"Bought 1 Potion","floor":20.0,"gold_loss":0.0,"damage_taken":0.0},{"damage_healed":0.0,"max_hp_gain":0.0,"max_hp_loss":0.0,"gold_gain":99.0,"event_name":"Nest","player_choice":"Stole From Cult","floor":29.0,"gold_loss":0.0,"damage_taken":0.0},{"damage_healed":0.0,"max_hp_gain":0.0,"max_hp_loss":0.0,"gold_gain":0.0,"event_name":"Winding Halls","player_choice":"Embrace Madness","floor":39.0,"gold_loss":0.0,"damage_taken":11.0,"cards_obtained":["Madness","Madness"]},{"damage_healed":0.0,"max_hp_gain":0.0,"max_hp_loss":0.0,"gold_gain":0.0,"event_name":"NoteForYourself","player_choice":"Ignored","floor":42.0,"gold_loss":0.0,"damage_taken":0.0},{"cards_removed":["Strike_R"],"damage_healed":0.0,"max_hp_gain":0.0,"max_hp_loss":0.0,"gold_gain":0.0,"event_name":"Purifier","player_choice":"Purged","floor":46.0,"gold_loss":0.0,"damage_taken":0.0}],"is_beta":false,"boss_relics":[{"not_picked":["Orrery","Coffee Dripper"],"picked":"Busted Crown"},{"not_picked":["Snecko Eye","Mark of Pain"],"picked":"Philosopher\u0027s Stone"}],"items_purged_floors":[3,36],"is_endless":false,"potions_floor_spawned":[5,10,16,18,22,28,33,38,44,47,54],"killed_by":"The Heart","ascension_level":0}