{"gold_per_floor":[215,228,243,261,261,295,63,76,76,76,95,95,110,129,129,225,225,242,242,342,342,359,359,392,392,417,435,462,462,462,472,472,570,570,587,687,699,699,715,715,743,743,743,761,772,772,783,58,58,58],"floor_reached":51,"playtime":3018,"items_purged":["Pain","Doubt"],"score":1014,"play_id":"3612af5e-5757-4a76-9044-68bb893c00dd","local_time":"20190516234515","is_ascension_mode":true,"campfire_choices":[{"data":"Barricade","floor":10.0,"key":"SMITH"},{"data":"Entrench","floor":12.0,"key":"SMITH"},{"data":"Whirlwind","floor":15.0,"key":"SMITH"},{"data":"Feel No Pain","floor":23.0,"key":"SMITH"},{"data":"Bash","floor":25,"key":"SMITH"},{"data":"Inflame","floor":30,"key":"SMITH"},{"data":"Seeing Red","floor":32,"key":"SMITH"},{"data":"Power Through","floor":40,"key":"SMITH"},{"data":"Power Through","floor":42,"key":"SMITH"},{"data":"Spot Weakness","floor":46,"key":"SMITH"},{"data":"Havoc","floor":49,"key":"SMITH"}],"neow_cost":"NONE","seed_source_timestamp":0,"circlet_count":0,"master_deck":["Strike_R","Strike_R","Strike_R","Strike_R","Strike_R","Defend_R","Defend_R","Defend_R","Defend_R","Bash+1","Whirlwind+1","Power Through+1","Warcry","Power Through+1","Pommel Strike","Barricade+1","Entrench+1","Wild Strike","Feel No Pain+1","Reaper","Armaments+1","True Grit+1","Cleave+1","Clumsy","Inflame+1","Seeing Red+1","Dark Embrace+1","Sever Soul","Warcry+1","Corruption+1","Evolve+1","Headbutt+1","Spot Weakness+1","Metallicize+1","Impervious","Havoc+1"],"special_seed":0,"relics":["Burning Blood","WarpedTongs","Singing Bowl","PreservedInsect","Self Forming Clay","Cursed Key","Dead Branch","Shuriken","Unceasing Top","Bronze Scales","Mummified Hand","White Beast Statue","Magic Flower","Molten Egg 2","Meat on the Bone","Bird Faced Urn","Vajra"],"potions_floor_usage":[24,45,45],"damage_taken":[{"damage":1.0,"enemies":"Cultist","floor":1.0,"turns":3.0},{"damage":9.0,"enemies":"Jaw Worm","floor":2.0,"turns":4.0},{"damage":0.0,"enemies":"Small Slimes","floor":3.0,"turns":3.0},{"damage":8.0,"enemies":"3 Louse","floor":4.0,"turns":2.0},{"damage":29.0,"enemies":"3 Sentries","floor":6.0,"turns":11.0},{"damage":4.0,"enemies":"Large Slime","floor":8.0,"turns":5.0},{"damage":0.0,"enemies":"2 Fungi Beasts","floor":11.0,"turns":3.0},{"damage":2.0,"enemies":"Lots of Slimes","floor":13.0,"turns":4.0},{"damage":3.0,"enemies":"Large Slime","floor":14.0,"turns":5.0},{"damage":40.0,"enemies":"Slime Boss","floor":16.0,"turns":9.0},{"damage":21.0,"enemies":"2 Thieves","floor":18.0,"turns":4.0},{"damage":36.0,"enemies":"Colosseum Slavers","floor":20.0,"turns":5.0},{"damage":10.0,"enemies":"Colosseum Nobs","floor":20.0,"turns":4.0},{"damage":0.0,"enemies":"Spheric Guardian","floor":22.0,"turns":7.0},{"damage":0,"enemies":"Gremlin Leader","floor":24,"turns":9},{"damage":17,"enemies":"Snake Plant","floor":27,"turns":5},{"damage":21,"enemies":"Book of Stabbing","floor":28,"turns":5},{"damage":12,"enemies":"Chosen and Byrds","floor":31,"turns":5},{"damage":6,"enemies":"Collector","floor":33,"turns":11},{"damage":21,"enemies":"3 Shapes","floor":35,"turns":4},{"damage":3,"enemies":"Mind Bloom Boss Battle","floor":36,"turns":5},{"damage":21,"enemies":"3 Darklings","floor":37,"turns":7},{"damage":24,"enemies":"Transient","floor":39,"turns":5},{"damage":14,"enemies":"Giant Head","floor":41,"turns":7},{"damage":19,"enemies":"Jaw Worm Horde","floor":44,"turns":5},{"damage":14,"enemies":"Writhing Mass","floor":45,"turns":3},{"damage":11,"enemies":"Spire Growth","floor":47,"turns":4},{"damage":40,"enemies":"Time Eater","floor":50,"turns":9}],"seed_played":"5599743672318376304","potions_obtained":[{"floor":1.0,"key":"Regen Potion"},{"floor":2.0,"key":"GamblersBrew"},{"floor":8.0,"key":"EssenceOfSteel"},{"floor":20.0,"key":"PowerPotion"},{"floor":28,"key":"LiquidBronze"},{"floor":29,"key":"Weak Potion"},{"floor":29,"key":"SpeedPotion"},{"floor":36,"key":"PowerPotion"},{"floor":45,"key":"EssenceOfSteel"},{"floor":47,"key":"Regen Potion"}],"is_trial":false,"path_per_floor":["M","M","M","M","?","E","$","M","T","R","M","R","M","M","R","B",null,"M","?","?","?","M","R","E","R","T","M","E","?","R","M","R","B",null,"M","?","M","?","M","R","E","R","T","M","M","R","M","$","R","B",null],"character_chosen":"IRONCLAD","items_purchased":["PreservedInsect","Bird Faced Urn","Impervious","Havoc","Vajra"],"campfire_rested":0,"item_purchase_floors":[7,48,48,48,48],"current_hp_per_floor":[80,77,80,78,78,55,55,57,57,57,63,63,67,70,70,51,73,68,68,44,70,78,78,82,82,82,71,58,58,58,62,62,84,84,69,84,86,86,86,86,81,81,81,86,81,81,84,84,84,86],"gold":58,"neow_bonus":"HUNDRED_GOLD","is_prod":false,"is_daily":false,"chose_seed":false,"campfire_upgraded":11,"win_rate":0,"timestamp":1558014315,"path_taken":["M","?","?","M","?","E","$","M","T","R","M","R","?","M","R","BOSS","M","?","?","?","M","R","E","R","T","M","E","?","R","?","R","BOSS","M","?","M","?","?","R","E","R","T","M","M","R","M","$","R","BOSS"],"build_version":"2019-01-23","purchased_purges":2,"victory":true,"max_hp_per_floor":[80,80,80,80,80,80,80,80,80,80,80,80,80,80,80,80,80,80,80,80,80,82,82,82,82,82,82,84,84,84,84,84,84,84,84,84,86,86,86,86,86,86,86,86,86,86,86,86,86,86],"card_choices":[{"not_picked":["Rupture","Pummel"],"picked":"Whirlwind","floor":1.0},{"not_picked":["Thunderclap","True Grit"],"picked":"Power Through","floor":2.0},{"not_picked":["Iron Wave","Headbutt"],"picked":"Warcry","floor":3.0},{"not_picked":["Reckless Charge","Searing Blow"],"picked":"Power Through","floor":4.0},{"not_picked":["Twin Strike","Blood for Blood"],"picked":"Pommel Strike","floor":6.0},{"not_picked":["Clash","Flex"],"picked":"Barricade","floor":8.0},{"not_picked":["Flex","Intimidate"],"picked":"Entrench","floor":11.0},{"not_picked":["Twin Strike","Sword Boomerang"],"picked":"Wild Strike","floor":13.0},{"not_picked":["Perfected Strike","Sword Boomerang"],"picked":"Feel No Pain","floor":14.0},{"not_picked":["Bludgeon","Dark Embrace"],"picked":"Reaper","floor":16.0},{"not_picked":["Body Slam","Pummel"],"picked":"Armaments+1","floor":18.0},{"not_picked":["Perfected Strike","Rupture+1"],"picked":"True Grit+1","floor":20.0},{"not_picked":["Dropkick","Power Through","Anger"],"picked":"Singing Bowl","floor":22.0},{"not_picked":["Iron Wave","Ghostly Armor"],"picked":"Cleave+1","floor":24},{"not_picked":["Blood for Blood","Armaments"],"picked":"Inflame","floor":27},{"not_picked":["Thunderclap","Dropkick","Heavy Blade"],"picked":"Singing Bowl","floor":28},{"not_picked":["Thunderclap+1","Clothesline"],"picked":"Seeing Red","floor":31},{"not_picked":["Offering","Bludgeon"],"picked":"Dark Embrace","floor":33},{"not_picked":["Flame Barrier","Perfected Strike"],"picked":"Sever Soul","floor":35},{"not_picked":["Clash","Battle Trance"],"picked":"Warcry+1","floor":36},{"not_picked":["Sword Boomerang","Armaments","Shrug It Off"],"picked":"Singing Bowl","floor":37},{"not_picked":["Anger+1","Wild Strike"],"picked":"Corruption+1","floor":39},{"not_picked":["Perfected Strike","Pommel Strike"],"picked":"Evolve+1","floor":41},{"not_picked":["Immolate+1","Rage+1"],"picked":"Headbutt+1","floor":44},{"not_picked":["Hemokinesis+1","Headbutt+1"],"picked":"Spot Weakness","floor":45},{"not_picked":["Heavy Blade+1","Bloodletting"],"picked":"Metallicize+1","floor":47}],"player_experience":629956,"relics_obtained":[{"floor":6.0,"key":"Singing Bowl"},{"floor":9.0,"key":"Self Forming Clay"},{"floor":20.0,"key":"Dead Branch"},{"floor":20.0,"key":"Shuriken"},{"floor":24,"key":"Unceasing Top"},{"floor":26,"key":"Bronze Scales"},{"floor":28,"key":"Mummified Hand"},{"floor":36,"key":"Magic Flower"},{"floor":41,"key":"Molten Egg 2"},{"floor":43,"key":"Meat on the Bone"}],"event_choices":[{"damage_healed":0.0,"max_hp_gain":0.0,"max_hp_loss":0.0,"gold_gain":0.0,"event_name":"Accursed Blacksmith","player_choice":"Rummage","floor":5.0,"gold_loss":0.0,"damage_taken":0.0,"relics_obtained":["WarpedTongs"],"cards_obtained":["Pain"]},{"damage_healed":0.0,"max_hp_gain":0.0,"max_hp_loss":0.0,"gold_gain":0.0,"event_name":"Vampires","player_choice":"Ignored","floor":19.0,"gold_loss":0.0,"damage_taken":0.0},{"damage_healed":0.0,"max_hp_gain":0.0,"max_hp_loss":0.0,"gold_gain":0.0,"event_name":"Colosseum","player_choice":"Fight","floor":20.0,"gold_loss":0.0,"damage_taken":0.0},{"damage_healed":0.0,"max_hp_gain":0.0,"max_hp_loss":0.0,"gold_gain":0.0,"event_name":"Colosseum","player_choice":"Fought Nobs","floor":20.0,"gold_loss":0.0,"damage_taken":0.0},{"damage_healed":26.0,"max_hp_gain":0.0,"max_hp_loss":0.0,"gold_gain":0.0,"event_name":"The Library","player_choice":"Heal","floor":21.0,"gold_loss":0.0,"damage_taken":0.0},{"damage_healed":0,"gold_gain":0,"player_choice":"Got Potions","damage_taken":0,"max_hp_gain":0,"max_hp_loss":0,"event_name":"Lab","floor":29,"gold_loss":0},{"damage_healed":0,"gold_gain":0,"player_choice":"Fight","damage_taken":0,"max_hp_gain":0,"max_hp_loss":0,"event_name":"MindBloom","floor":36,"gold_loss":0},{"damage_healed":0,"gold_gain":0,"player_choice":"Upgraded","damage_taken":0,"max_hp_gain":0,"max_hp_loss":0,"event_name":"Upgrade Shrine","floor":38,"gold_loss":0,"cards_upgraded":["Dark Embrace"]}],"is_beta":false,"boss_relics":[{"not_picked":["Black Blood","Calling Bell"],"picked":"Cursed Key"},{"not_picked":["Runic Pyramid","Runic Dome"],"picked":"White Beast Statue"}],"items_purged_floors":[7,48],"is_endless":false,"potions_floor_spawned":[1,2,8,14,20,20,28,31,33,35,36,37,39,41,44,45,47],"ascension_level":5}