{"gold_per_floor":[119,119,294,294,309,341,341,375,429,429,429,472,496,519,519,519],"floor_reached":16,"playtime":911,"items_purged":[],"score":143,"play_id":"63172ee4-8cab-495b-a613-14e02b34046d","local_time":"20190328012737","is_ascension_mode":false,"campfire_choices":[{"data":"Neutralize","floor":7,"key":"SMITH"},{"data":"Concentrate","floor":15,"key":"SMITH"}],"neow_cost":"NONE","seed_source_timestamp":53326080490295,"circlet_count":0,"master_deck":["Defend_G","Defend_G","Defend_G","Defend_G","Defend_G","Strike_G","Strike_G","Strike_G","Strike_G","Strike_G","Survivor","Neutralize+1","Backflip","Deflect","PiercingWail","Flying Knee","Injury","Blur","Dagger Throw","Concentrate+1"],"relics":["Ring of the Snake","NeowsBlessing","PreservedInsect","Orichalcum","Golden Idol","Tough Bandages"],"potions_floor_usage":[8,12,16,16],"damage_taken":[{"damage":0,"enemies":"2 Louse","floor":1,"turns":1},{"damage":0,"enemies":"Small Slimes","floor":5,"turns":1},{"damage":0,"enemies":"Lagavulin","floor":6,"turns":1},{"damage":14,"enemies":"3 Sentries","floor":8,"turns":13},{"damage":11,"enemies":"Gremlin Nob","floor":12,"turns":5},{"damage":0,"enemies":"Jaw Worm","floor":13,"turns":6},{"damage":0,"enemies":"Large Slime","floor":14,"turns":9},{"damage":61,"enemies":"Hexaghost","floor":16,"turns":19}],"seed_played":"233083194876155163","potions_obtained":[{"floor":6,"key":"Regen Potion"},{"floor":8,"key":"Strength Potion"},{"floor":12,"key":"EssenceOfSteel"},{"floor":13,"key":"Poison Potion"}],"is_trial":false,"path_per_floor":["M","?","?","?","M","E","R","E","T","?","?","E","M","M","R","B"],"character_chosen":"THE_SILENT","items_purchased":[],"campfire_rested":0,"item_purchase_floors":[],"current_hp_per_floor":[70,70,70,70,70,70,70,69,69,69,69,58,58,58,58,0],"gold":519,"neow_bonus":"THREE_ENEMY_KILL","is_prod":false,"is_daily":false,"chose_seed":false,"campfire_upgraded":2,"win_rate":0,"timestamp":1553700457,"path_taken":["M","?","?","?","M","E","R","E","T","?","?","E","M","M","R","BOSS"],"build_version":"2019-01-23","purchased_purges":0,"victory":false,"max_hp_per_floor":[70,70,70,70,70,70,70,70,70,70,70,70,70,70,70,70],"card_choices":[{"not_picked":["All Out Attack","Acrobatics"],"picked":"Backflip","floor":1},{"not_picked":["Prepared","Dash"],"picked":"Deflect","floor":5},{"not_picked":["Slice","Setup"],"picked":"PiercingWail","floor":6},{"not_picked":["Venomology","Crippling Poison"],"picked":"Flying Knee","floor":8},{"not_picked":["Catalyst","Setup"],"picked":"Blur","floor":12},{"not_picked":["Skewer","Flying Knee"],"picked":"Dagger Throw","floor":13},{"not_picked":["Tactician","Bane"],"picked":"Concentrate","floor":14}],"player_experience":217874,"relics_obtained":[{"floor":6,"key":"PreservedInsect"},{"floor":8,"key":"Orichalcum"},{"floor":12,"key":"Tough Bandages"}],"event_choices":[{"damage_healed":0,"gold_gain":0,"player_choice":"Leave","damage_taken":0,"max_hp_gain":0,"max_hp_loss":0,"event_name":"The Cleric","floor":2,"gold_loss":0},{"damage_healed":0,"gold_gain":175,"player_choice":"AGREE","damage_taken":0,"max_hp_gain":0,"max_hp_loss":0,"event_name":"Liars Game","floor":3,"gold_loss":0,"cards_obtained":["Doubt"]},{"cards_removed":["Doubt"],"damage_healed":0,"gold_gain":0,"player_choice":"Forget","damage_taken":0,"max_hp_gain":0,"max_hp_loss":0,"event_name":"Living Wall","floor":4,"gold_loss":0},{"damage_healed":0,"gold_gain":0,"player_choice":"Ignored","damage_taken":0,"max_hp_gain":0,"max_hp_loss":0,"event_name":"Golden Wing","floor":10,"gold_loss":0},{"damage_healed":0,"gold_gain":0,"player_choice":"Take Wound","damage_taken":0,"relics_obtained":["Golden Idol"],"max_hp_gain":0,"max_hp_loss":0,"event_name":"Golden Idol","floor":11,"gold_loss":0,"cards_obtained":["Injury"]}],"is_beta":false,"boss_relics":[],"items_purged_floors":[],"is_endless":false,"potions_floor_spawned":[6,8,12,13],"killed_by":"Hexaghost","ascension_level":0}