{"gold_per_floor":[115,1,12,87,97,97,97,111,111,141,141,151,162,36,36,36],"floor_reached":16,"playtime":1196,"items_purged":["Strike_R","Strike_R"],"score":92,"play_id":"eb40e6be-b923-4ad6-91cf-cf38cc6db826","local_time":"20190717013429","is_ascension_mode":false,"campfire_choices":[{"data":"Armaments","floor":6,"key":"SMITH"},{"data":"Brutality","floor":15,"key":"SMITH"}],"neow_cost":"PERCENT_DAMAGE","seed_source_timestamp":35036566634231,"circlet_count":0,"master_deck":["Strike_R","Defend_R","Defend_R","Defend_R","Defend_R","Bash","Combust","Brutality+1","Cleave","Ghostly Armor","Armaments+1","Shrug It Off","Intimidate","Hemokinesis","Pommel Strike"],"relics":["Burning Blood","Shovel"],"potions_floor_usage":[16],"damage_taken":[{"damage":3,"enemies":"2 Louse","floor":1,"turns":2},{"damage":5,"enemies":"Small Slimes","floor":3,"turns":4},{"damage":5,"enemies":"Cultist","floor":5,"turns":3},{"damage":1,"enemies":"Lots of Slimes","floor":8,"turns":2},{"damage":10,"enemies":"Large Slime","floor":12,"turns":5},{"damage":4,"enemies":"Blue Slaver","floor":13,"turns":5},{"damage":49,"enemies":"Hexaghost","floor":16,"turns":12}],"seed_played":"-4880322343243438601","potions_obtained":[{"floor":3,"key":"Dexterity Potion"},{"floor":5,"key":"Ancient Potion"},{"floor":12,"key":"Regen Potion"}],"is_trial":false,"path_per_floor":["M","$","M","?","M","R","?","M","T","?","?","M","M","$","R","B"],"character_chosen":"IRONCLAD","items_purchased":["Ghostly Armor","Pommel Strike"],"campfire_rested":0,"item_purchase_floors":[2,14],"current_hp_per_floor":[59,59,60,49,50,50,50,55,55,55,37,33,35,35,35,1],"gold":36,"neow_bonus":"TRANSFORM_TWO_CARDS","is_prod":false,"is_daily":false,"chose_seed":false,"campfire_upgraded":2,"win_rate":0,"timestamp":1563320069,"path_taken":["M","$","M","?","M","R","?","M","T","?","?","M","M","$","R","BOSS"],"build_version":"2019-07-05","purchased_purges":2,"victory":false,"max_hp_per_floor":[80,80,80,80,80,80,80,80,80,80,80,80,80,80,80,80],"card_choices":[{"not_picked":["Body Slam","Havoc"],"picked":"Cleave","floor":1},{"not_picked":["Reckless Charge","True Grit","Anger"],"picked":"SKIP","floor":3},{"not_picked":["Twin Strike","Flex"],"picked":"Armaments","floor":5},{"not_picked":["Second Wind","Wild Strike"],"picked":"Shrug It Off","floor":8},{"not_picked":["Rage","Whirlwind"],"picked":"Intimidate","floor":12},{"not_picked":["Heavy Blade","Inflame"],"picked":"Hemokinesis","floor":13}],"player_experience":182700,"relics_obtained":[],"event_choices":[{"damage_healed":0,"gold_gain":75,"player_choice":"Gather Gold","damage_taken":11,"max_hp_gain":0,"max_hp_loss":0,"event_name":"World of Goop","floor":4,"gold_loss":0},{"damage_healed":0,"gold_gain":0,"player_choice":"Ignored","damage_taken":0,"max_hp_gain":0,"max_hp_loss":0,"event_name":"Liars Game","floor":7,"gold_loss":0},{"damage_healed":0,"gold_gain":30,"player_choice":"Searched \u00271\u0027 times","damage_taken":0,"max_hp_gain":0,"max_hp_loss":0,"event_name":"Dead Adventurer","floor":10,"gold_loss":0},{"damage_healed":0,"gold_gain":0,"player_choice":"Success","damage_taken":18,"relics_obtained":["Shovel"],"max_hp_gain":0,"max_hp_loss":0,"event_name":"Scrap Ooze","floor":11,"gold_loss":0}],"is_beta":false,"boss_relics":[],"items_purged_floors":[2,14],"is_endless":false,"potions_floor_spawned":[3,5,12],"killed_by":"Hexaghost","ascension_level":0}