{"gold_per_floor":[114,129,129,129,142,142,174,174,198,198,215,283,458,34,34,131,131,151,151,331,349,34,34,46,46,119,151,166,166,177,188,188,288,288,304,321,321,43,55,55,55,69,69,69,69],"floor_reached":45,"playtime":1926,"items_purged":["Regret"],"score":458,"play_id":"6075df0b-df95-48a0-b2dd-0be31a672208","local_time":"20190327180557","is_ascension_mode":false,"campfire_choices":[{"data":"Clothesline","floor":6,"key":"SMITH"},{"data":"Flex","floor":8,"key":"SMITH"},{"data":"Spot Weakness","floor":10,"key":"SMITH"},{"floor":15,"key":"REST"},{"floor":23,"key":"REST"},{"floor":25,"key":"REST"},{"floor":29,"key":"REST"},{"floor":32,"key":"REST"},{"floor":40,"key":"REST"},{"floor":44,"key":"REST"}],"neow_cost":"NONE","seed_source_timestamp":25808561803416,"circlet_count":0,"master_deck":["Bash","Panacea+1","Clothesline+1","Thunderclap","Spot Weakness+1","Flex+1","Rampage","Power Through","Impervious","Infernal Blade","RitualDagger","Twin Strike","Rage","Pommel Strike","Armaments","Infernal Blade","Rage","Spot Weakness","Entrench+1","Limit Break","Evolve","Whirlwind","Demon Form","Hemokinesis","Limit Break","Flex","Dual Wield","Iron Wave","Exhume","Heavy Blade+1","Armaments","Panacea+1","Warcry+1","Trip","Flex","Parasite"],"relics":["Burning Blood","PreservedInsect","Omamori","Boot","Medical Kit","Cursed Key","OrangePellets","Pantograph","Pandora\u0027s Box","Torii","DollysMirror","Frozen Egg 2"],"potions_floor_usage":[7,30,33,33,36,42],"damage_taken":[{"damage":6,"enemies":"Jaw Worm","floor":1,"turns":3},{"damage":12,"enemies":"Small Slimes","floor":2,"turns":5},{"damage":0,"enemies":"2 Louse","floor":5,"turns":2},{"damage":26,"enemies":"Lagavulin","floor":7,"turns":5},{"damage":5,"enemies":"Blue Slaver","floor":11,"turns":4},{"damage":56,"enemies":"Hexaghost","floor":16,"turns":10},{"damage":0,"enemies":"Chosen","floor":18,"turns":4},{"damage":5,"enemies":"Shell Parasite","floor":21,"turns":4},{"damage":32,"enemies":"Centurion and Healer","floor":24,"turns":5},{"damage":40,"enemies":"Slavers","floor":27,"turns":5},{"damage":31,"enemies":"3 Cultists","floor":28,"turns":6},{"damage":7,"enemies":"Snake Plant","floor":30,"turns":5},{"damage":27,"enemies":"Centurion and Healer","floor":31,"turns":7},{"damage":50,"enemies":"Champ","floor":33,"turns":12},{"damage":11,"enemies":"3 Shapes","floor":35,"turns":3},{"damage":54,"enemies":"3 Darklings","floor":36,"turns":8},{"damage":13,"enemies":"Jaw Worm Horde","floor":39,"turns":5},{"damage":40,"enemies":"Transient","floor":42,"turns":5},{"damage":38,"enemies":"Sphere and 2 Shapes","floor":45,"turns":6}],"seed_played":"-3377530445448523750","potions_obtained":[{"floor":5,"key":"Poison Potion"},{"floor":18,"key":"EssenceOfSteel"},{"floor":28,"key":"SpeedPotion"},{"floor":31,"key":"PowerPotion"},{"floor":33,"key":"FearPotion"},{"floor":39,"key":"Dexterity Potion"}],"is_trial":false,"path_per_floor":["M","M","?","?","M","R","E","R","T","R","M","?","?","$","R","B",null,"M","?","?","M","$","R","M","R","T","E","M","R","M","M","R","B",null,"M","M","T","$","M","R","?","M","T","R","M"],"character_chosen":"IRONCLAD","items_purchased":["Boot","Medical Kit","Power Through","Rage","Pommel Strike","OrangePellets","DollysMirror"],"campfire_rested":7,"item_purchase_floors":[14,14,14,22,22,22,38],"current_hp_per_floor":[80,74,74,74,80,80,60,60,60,60,61,61,61,61,80,30,80,80,74,50,51,51,75,49,73,73,39,14,38,37,16,40,21,80,75,27,27,27,20,44,44,10,10,34,0],"gold":69,"neow_bonus":"RANDOM_COLORLESS","is_prod":false,"is_daily":false,"chose_seed":false,"campfire_upgraded":3,"win_rate":0,"timestamp":1553673957,"path_taken":["M","M","?","?","M","R","E","R","T","R","M","?","?","$","R","BOSS","M","?","?","M","$","R","?","R","T","E","M","R","M","M","R","BOSS","M","?","?","$","M","R","?","M","T","R","M"],"build_version":"2019-01-23","purchased_purges":1,"victory":false,"max_hp_per_floor":[80,80,80,80,80,80,80,80,80,80,80,80,80,80,80,80,80,80,80,80,80,80,80,80,80,80,80,80,80,80,80,80,80,80,80,80,80,80,80,80,80,80,80,80,80],"card_choices":[{"not_picked":["Havoc","Carnage"],"picked":"Clothesline","floor":1},{"not_picked":["Carnage","Blood for Blood"],"picked":"Thunderclap","floor":2},{"not_picked":["Shrug It Off","True Grit"],"picked":"Spot Weakness","floor":5},{"not_picked":["Wild Strike","Clothesline"],"picked":"Flex","floor":7},{"not_picked":["Battle Trance","Corruption"],"picked":"Rampage","floor":11},{"not_picked":["Juggernaut","Exhume"],"picked":"Impervious","floor":16},{"not_picked":["Body Slam","Thunderclap+1"],"picked":"Infernal Blade","floor":18},{"not_picked":["Sword Boomerang","Searing Blow"],"picked":"Twin Strike","floor":21},{"not_picked":["Iron Wave","Wild Strike+1"],"picked":"Armaments","floor":24},{"not_picked":["Heavy Blade","Metallicize"],"picked":"Infernal Blade","floor":27},{"not_picked":["Headbutt","Twin Strike"],"picked":"Rage","floor":28},{"not_picked":["Second Wind","Clash"],"picked":"Spot Weakness","floor":30},{"not_picked":["Infernal Blade","Corruption"],"picked":"Entrench+1","floor":31},{"not_picked":["Fiend Fire","Brutality"],"picked":"Limit Break","floor":33},{"not_picked":["True Grit","Flex"],"picked":"Heavy Blade+1","floor":35},{"not_picked":["Thunderclap+1","Carnage"],"picked":"Armaments","floor":36},{"not_picked":["Iron Wave+1","Clash+1"],"picked":"Warcry+1","floor":39},{"not_picked":["Chrysalis","Master of Strategy"],"picked":"Trip","floor":41},{"not_picked":["Whirlwind","Perfected Strike+1"],"picked":"Flex","floor":42}],"player_experience":200067,"relics_obtained":[{"floor":7,"key":"PreservedInsect"},{"floor":9,"key":"Omamori"},{"floor":27,"key":"Pantograph"},{"floor":37,"key":"Torii"},{"floor":43,"key":"Frozen Egg 2"}],"event_choices":[{"damage_healed":0,"gold_gain":0,"player_choice":"Leave","damage_taken":0,"max_hp_gain":0,"max_hp_loss":0,"event_name":"The Cleric","floor":3,"gold_loss":0},{"damage_healed":0,"gold_gain":0,"player_choice":"Grow","damage_taken":0,"max_hp_gain":0,"max_hp_loss":0,"event_name":"Living Wall","floor":4,"gold_loss":0,"cards_upgraded":["Panacea"]},{"damage_healed":0,"gold_gain":68,"player_choice":"Gained Gold","damage_taken":0,"max_hp_gain":0,"max_hp_loss":0,"event_name":"Golden Wing","floor":12,"gold_loss":0},{"damage_healed":0,"gold_gain":175,"player_choice":"AGREE","damage_taken":0,"max_hp_gain":0,"max_hp_loss":0,"event_name":"Liars Game","floor":13,"gold_loss":0,"cards_obtained":["Doubt"]},{"damage_healed":0,"gold_gain":0,"player_choice":"Joined the Cult","damage_taken":6,"max_hp_gain":0,"max_hp_loss":0,"event_name":"Nest","floor":19,"gold_loss":0,"cards_obtained":["RitualDagger"]},{"damage_healed":0,"gold_gain":180,"player_choice":"GOLD GOLD ","damage_taken":24,"max_hp_gain":0,"max_hp_loss":0,"event_name":"Knowing Skull","floor":20,"potions_obtained":[],"gold_loss":0,"cards_obtained":[]},{"damage_healed":0,"gold_gain":0,"player_choice":"Memory 1","damage_taken":0,"max_hp_gain":0,"max_hp_loss":0,"event_name":"SensoryStone","floor":41,"gold_loss":0}],"is_beta":false,"boss_relics":[{"not_picked":["Runic Dome","Busted Crown"],"picked":"Cursed Key"},{"not_picked":["Fusion Hammer","Snecko Eye"],"picked":"Pandora\u0027s Box"}],"items_purged_floors":[38],"is_endless":false,"potions_floor_spawned":[5,18,28,31,33,39],"killed_by":"Sphere and 2 Shapes","ascension_level":0}