{"gold_per_floor":[110,110,60,60,25,25,55,67,118,144,144,160,235,235,235,338,338,338,338,50,50,50,50,50,50,50,50,50,50,50,50,50,50],"floor_reached":33,"playtime":714,"items_purged":[],"score":305,"play_id":"a635bdf0-4ebd-449b-b499-aba06f9146b8","local_time":"20190119175656","is_ascension_mode":true,"campfire_choices":[{"data":"Rampage","floor":6.0,"key":"SMITH"},{"data":"Demon Form","floor":11.0,"key":"SMITH"},{"floor":15.0,"key":"REST"},{"floor":23.0,"key":"REST"},{"data":"Metallicize","floor":25.0,"key":"SMITH"},{"floor":29.0,"key":"REST"},{"floor":32.0,"key":"REST"}],"neow_cost":"PERCENT_DAMAGE","seed_source_timestamp":197470024111091,"circlet_count":0,"master_deck":["Strike_R","Strike_R","Strike_R","Defend_R+1","Defend_R","Defend_R+1","Bash","Metallicize+1","Rampage+1","Demon Form+1","Shrug It Off","Necronomicurse","Shame"],"special_seed":0,"relics":["Burning Blood","Red Skull","Juzu Bracelet","Vajra","Incense Burner","Ectoplasm","Thread and Needle","Necronomicon","War Paint","Ancient Tea Set","Frozen Egg 2","Bag of Preparation"],"potions_floor_usage":[],"damage_taken":[{"damage":6.0,"enemies":"Cultist","floor":1.0,"turns":3.0},{"damage":12.0,"enemies":"Gremlin Nob","floor":7.0,"turns":4.0},{"damage":1.0,"enemies":"Small Slimes","floor":8.0,"turns":4.0},{"damage":15.0,"enemies":"Lagavulin","floor":10.0,"turns":5.0},{"damage":3.0,"enemies":"Jaw Worm","floor":12.0,"turns":4.0},{"damage":12.0,"enemies":"Slime Boss","floor":16.0,"turns":7.0},{"damage":13.0,"enemies":"Spheric Guardian","floor":18.0,"turns":4.0},{"damage":15.0,"enemies":"3 Byrds","floor":22.0,"turns":5.0},{"damage":48.0,"enemies":"Gremlin Leader","floor":27.0,"turns":6.0},{"damage":67,"enemies":"Collector","floor":33,"turns":7}],"seed_played":"9049203820374690828","potions_obtained":[{"floor":1.0,"key":"Block Potion"},{"floor":7.0,"key":"AttackPotion"}],"is_trial":false,"path_per_floor":["M","?","?","$","$","R","E","M","T","E","R","M","?","?","R","B",null,"M","?","$","?","M","R","?","R","T","E","?","R","$","?","R","B"],"character_chosen":"IRONCLAD","items_purchased":["Rampage","Thread and Needle"],"campfire_rested":4,"item_purchase_floors":[5,20],"current_hp_per_floor":[56,56,56,56,56,56,50,55,55,46,46,49,38,38,62,56,80,73,58,58,42,33,58,58,58,58,16,16,41,41,41,66,0],"gold":50,"neow_bonus":"REMOVE_TWO","is_prod":false,"is_daily":false,"chose_seed":false,"campfire_upgraded":3,"win_rate":0,"timestamp":1547938616,"path_taken":["M","?","?","?","$","R","E","M","T","E","R","M","?","?","R","BOSS","M","?","$","?","M","R","?","R","T","E","?","R","$","?","R","BOSS"],"build_version":"2019-01-17v2","purchased_purges":0,"victory":false,"max_hp_per_floor":[80,80,80,80,80,80,80,80,80,80,80,80,80,80,80,80,80,80,85,85,85,85,85,85,85,85,85,85,85,85,85,85,85],"card_choices":[{"not_picked":["Carnage","Iron Wave"],"picked":"Metallicize","floor":1.0},{"not_picked":["Bloodletting","Twin Strike"],"picked":"Demon Form","floor":7.0},{"not_picked":["Headbutt","Metallicize"],"picked":"Shrug It Off","floor":8.0},{"not_picked":["Perfected Strike","Sever Soul","Wild Strike"],"picked":"SKIP","floor":10.0},{"not_picked":["Clash","Flex","Iron Wave"],"picked":"SKIP","floor":12.0},{"not_picked":["True Grit","Flex+1","Blood for Blood"],"picked":"SKIP","floor":18.0},{"not_picked":["Dual Wield","Headbutt","Havoc+1"],"picked":"SKIP","floor":22.0},{"not_picked":["Shrug It Off","Sever Soul"],"picked":"Cleave","floor":27.0}],"player_experience":91503,"relics_obtained":[{"floor":7.0,"key":"Juzu Bracelet"},{"floor":9.0,"key":"Vajra"},{"floor":10.0,"key":"Incense Burner"},{"floor":21.0,"key":"Necronomicon"},{"floor":26.0,"key":"Ancient Tea Set"},{"floor":27.0,"key":"Frozen Egg 2"}],"event_choices":[{"damage_healed":0.0,"max_hp_gain":0.0,"max_hp_loss":0.0,"gold_gain":0.0,"event_name":"Big Fish","player_choice":"Box","floor":2.0,"gold_loss":0.0,"damage_taken":0.0,"relics_obtained":["Red Skull"],"cards_obtained":["Regret"]},{"cards_removed":["Regret"],"damage_healed":0.0,"max_hp_gain":0.0,"max_hp_loss":0.0,"gold_gain":0.0,"event_name":"The Cleric","player_choice":"Card Removal","floor":3.0,"gold_loss":50.0,"damage_taken":0.0},{"damage_healed":0.0,"max_hp_gain":0.0,"max_hp_loss":0.0,"gold_gain":75.0,"event_name":"World of Goop","player_choice":"Gather Gold","floor":13.0,"gold_loss":0.0,"damage_taken":11.0},{"cards_removed":["Strike_R"],"damage_healed":0.0,"max_hp_gain":0.0,"max_hp_loss":0.0,"gold_gain":0.0,"event_name":"Living Wall","player_choice":"Forget","floor":14.0,"gold_loss":0.0,"damage_taken":0.0},{"damage_healed":0.0,"max_hp_gain":5.0,"max_hp_loss":0.0,"gold_gain":0.0,"event_name":"Forgotten Altar","player_choice":"Shed Blood","floor":19.0,"gold_loss":0.0,"damage_taken":20.0},{"damage_healed":0.0,"max_hp_gain":0.0,"max_hp_loss":0.0,"gold_gain":0.0,"event_name":"Cursed Tome","player_choice":"Obtained Book","floor":21.0,"gold_loss":0.0,"damage_taken":16.0},{"damage_healed":0.0,"max_hp_gain":0.0,"max_hp_loss":0.0,"gold_gain":0.0,"event_name":"Addict","player_choice":"Stole Relic","floor":24.0,"gold_loss":0.0,"damage_taken":0.0,"relics_obtained":["War Paint"],"cards_obtained":["Shame"]},{"cards_removed":["Cleave"],"damage_healed":0.0,"max_hp_gain":0.0,"max_hp_loss":0.0,"gold_gain":0.0,"event_name":"WeMeetAgain","player_choice":"Gave Card","floor":28.0,"gold_loss":0.0,"damage_taken":0.0,"relics_obtained":["Bag of Preparation"]},{"damage_healed":0.0,"max_hp_gain":0.0,"max_hp_loss":0.0,"gold_gain":0.0,"event_name":"Beggar","player_choice":"Ignored","floor":31.0,"gold_loss":0.0,"damage_taken":0.0}],"is_beta":false,"boss_relics":[{"not_picked":["Fusion Hammer","Eternal Feather"],"picked":"Ectoplasm"}],"items_purged_floors":[],"is_endless":false,"potions_floor_spawned":[1,7],"killed_by":"Collector","ascension_level":3}