{"gold_per_floor":[109,127,145,111,128,128,154,172,254,254,254,272,272,18,18,120,120,136,146,146,156,156],"floor_reached":22,"playtime":652,"items_purged":[],"score":244,"play_id":"038e0b53-28e6-4f23-bb15-777f76c0ee77","local_time":"20190523165753","is_ascension_mode":true,"campfire_choices":[{"floor":6,"key":"REST"},{"floor":11,"key":"REST"},{"data":"1","floor":15,"key":"LIFT"}],"neow_cost":"CURSE","seed_source_timestamp":14516222354913,"circlet_count":0,"master_deck":["Strike_B","Strike_B","Strike_B","Strike_B","Defend_B","Defend_B","Defend_B","Defend_B","Zap","Dualcast","Genetic Algorithm","Static Discharge","Redo","Hologram","White Noise","Go for the Eyes","Sweeping Beam","Self Repair","Ball Lightning","Seek","Leap","Capacitor","RitualDagger","Conserve Battery"],"relics":["Cracked Core","Girya","Pen Nib","Symbiotic Virus","Ancient Tea Set","Philosopher\u0027s Stone"],"potions_floor_usage":[7,7,12,18,21],"damage_taken":[{"damage":8,"enemies":"Jaw Worm","floor":1,"turns":5},{"damage":15,"enemies":"Small Slimes","floor":2,"turns":4},{"damage":3,"enemies":"Cultist","floor":3,"turns":4},{"damage":16,"enemies":"2 Fungi Beasts","floor":5,"turns":3},{"damage":24,"enemies":"Lagavulin","floor":7,"turns":6},{"damage":13,"enemies":"Blue Slaver","floor":8,"turns":2},{"damage":16,"enemies":"Lots of Slimes","floor":12,"turns":3},{"damage":18,"enemies":"Slime Boss","floor":16,"turns":8},{"damage":16,"enemies":"3 Byrds","floor":18,"turns":3},{"damage":31,"enemies":"2 Thieves","floor":19,"turns":3},{"damage":23,"enemies":"Snake Plant","floor":21,"turns":3},{"damage":7,"enemies":"Masked Bandits","floor":22,"turns":1}],"seed_played":"-2833245084938337117","potions_obtained":[{"floor":1,"key":"Dexterity Potion"},{"floor":2,"key":"LiquidBronze"},{"floor":5,"key":"AttackPotion"},{"floor":8,"key":"SkillPotion"},{"floor":19,"key":"Dexterity Potion"}],"is_trial":false,"path_per_floor":["M","M","M","?","M","R","E","M","T","?","R","M","?","$","R","B",null,"M","M","?","M","?"],"character_chosen":"DEFECT","items_purchased":["Ancient Tea Set","Self Repair","Ball Lightning"],"campfire_rested":2,"item_purchase_floors":[14,14,14],"current_hp_per_floor":[60,45,42,42,26,48,24,11,11,11,33,17,42,42,42,31,64,55,31,25,2,0],"gold":156,"neow_bonus":"ONE_RARE_RELIC","is_prod":false,"is_daily":false,"chose_seed":false,"campfire_upgraded":0,"win_rate":0,"timestamp":1558594673,"path_taken":["M","M","M","?","M","R","E","M","T","?","R","?","?","$","R","BOSS","M","M","?","M","?"],"build_version":"2019-01-23","purchased_purges":0,"victory":false,"max_hp_per_floor":[75,75,75,75,75,75,75,75,75,75,75,75,75,75,75,75,75,75,75,75,75,75],"card_choices":[{"not_picked":["Compile Driver","Steam"],"picked":"Genetic Algorithm","floor":1},{"not_picked":["Barrage","Loop"],"picked":"Static Discharge","floor":2},{"not_picked":["Static Discharge","Storm"],"picked":"Redo","floor":3},{"not_picked":["Gash","Steam Power"],"picked":"Hologram","floor":5},{"not_picked":["Heatsinks","Amplify"],"picked":"White Noise","floor":7},{"not_picked":["Turbo","Compile Driver"],"picked":"Go for the Eyes","floor":8},{"not_picked":["Ball Lightning","Reprogram"],"picked":"Sweeping Beam","floor":12},{"not_picked":["Fission","Thunder Strike"],"picked":"Seek","floor":16},{"not_picked":["Ball Lightning","Beam Cell"],"picked":"Leap","floor":18},{"not_picked":["Gash","Consume"],"picked":"Capacitor","floor":19},{"not_picked":["Redo","Doom and Gloom"],"picked":"Conserve Battery","floor":21}],"player_experience":714313,"relics_obtained":[{"floor":7,"key":"Pen Nib"},{"floor":9,"key":"Symbiotic Virus"}],"event_choices":[{"damage_healed":0,"gold_gain":0,"player_choice":"Left Gold","damage_taken":0,"max_hp_gain":0,"max_hp_loss":0,"event_name":"World of Goop","floor":4,"gold_loss":34},{"cards_removed":["Shame"],"damage_healed":0,"gold_gain":0,"player_choice":"Purged","damage_taken":0,"max_hp_gain":0,"max_hp_loss":0,"event_name":"Purifier","floor":10,"gold_loss":0},{"damage_healed":25,"gold_gain":0,"player_choice":"Banana","damage_taken":0,"max_hp_gain":0,"max_hp_loss":0,"event_name":"Big Fish","floor":13,"gold_loss":0},{"damage_healed":0,"gold_gain":0,"player_choice":"Joined the Cult","damage_taken":6,"max_hp_gain":0,"max_hp_loss":0,"event_name":"Nest","floor":20,"gold_loss":0,"cards_obtained":["RitualDagger"]},{"damage_healed":0,"gold_gain":0,"player_choice":"Fought Bandits","damage_taken":0,"max_hp_gain":0,"max_hp_loss":0,"event_name":"Masked Bandits","floor":22,"gold_loss":0}],"is_beta":false,"boss_relics":[{"not_picked":["Snecko Eye","White Beast Statue"],"picked":"Philosopher\u0027s Stone"}],"items_purged_floors":[],"is_endless":false,"potions_floor_spawned":[1,2,5,8,19],"killed_by":"Masked Bandits","ascension_level":6}