{"gold_per_floor":[119,137,149,149,159,159,189,189,214,232,292,292,320,330,330,431,481,491,141,141,159,176,176,207,207,261,171,183,202,220,252,252,252],"floor_reached":33,"playtime":1853,"items_purged":["Defend_B"],"score":432,"play_id":"8e5d2abe-8e3f-4b24-b724-ec295e6dd718","local_time":"20190623023318","is_ascension_mode":true,"campfire_choices":[{"data":"Biased Cognition","floor":6,"key":"SMITH"},{"floor":8,"key":"REST"},{"data":"Zap","floor":12,"key":"SMITH"},{"floor":15,"key":"REST"},{"floor":23,"key":"REST"},{"data":"Beam Cell","floor":25,"key":"SMITH"},{"floor":32,"key":"REST"}],"neow_cost":"PERCENT_DAMAGE","seed_source_timestamp":28878712040693,"circlet_count":0,"master_deck":["AscendersBane","Strike_B+1","Strike_B","Strike_B","Defend_B","Defend_B","Defend_B","Zap+1","Dualcast","Biased Cognition+1","Conserve Battery","Glacier","Stack","Cold Snap","Genetic Algorithm","Turbo","Cold Snap","Loop","Sunder","Seek+1","Blizzard","BootSequence","Rainbow","Compile Driver","RitualDagger","Streamline","Defragment","Beam Cell+1","Self Repair","Static Discharge+1","Undo"],"relics":["Cracked Core","Blood Vial","PreservedInsect","Boot","Potion Belt","Tiny House","Vajra","Singing Bowl","Tiny Chest","Red Mask"],"potions_floor_usage":[7,11,16,33,33,33,33],"damage_taken":[{"damage":6,"enemies":"Cultist","floor":1,"turns":3},{"damage":10,"enemies":"Small Slimes","floor":2,"turns":4},{"damage":7,"enemies":"Jaw Worm","floor":3,"turns":5},{"damage":0,"enemies":"Blue Slaver","floor":5,"turns":4},{"damage":17,"enemies":"Lagavulin","floor":7,"turns":11},{"damage":6,"enemies":"Red Slaver","floor":10,"turns":5},{"damage":6,"enemies":"Lagavulin Event","floor":11,"turns":6},{"damage":18,"enemies":"3 Sentries","floor":13,"turns":9},{"damage":9,"enemies":"Exordium Wildlife","floor":14,"turns":7},{"damage":17,"enemies":"Slime Boss","floor":16,"turns":16},{"damage":0,"enemies":"Chosen","floor":18,"turns":8},{"damage":11,"enemies":"Spheric Guardian","floor":21,"turns":5},{"damage":25,"enemies":"Shelled Parasite and Fungi","floor":22,"turns":8},{"damage":11,"enemies":"Slavers","floor":24,"turns":5},{"damage":20,"enemies":"Sentry and Sphere","floor":28,"turns":8},{"damage":7,"enemies":"Snake Plant","floor":29,"turns":3},{"damage":33,"enemies":"Centurion and Healer","floor":30,"turns":5},{"damage":2,"enemies":"Masked Bandits","floor":31,"turns":3},{"damage":45,"enemies":"Champ","floor":33,"turns":7}],"seed_played":"-1994873641501358454","potions_obtained":[{"floor":3,"key":"Weak Potion"},{"floor":5,"key":"FearPotion"},{"floor":10,"key":"Weak Potion"},{"floor":14,"key":"Energy Potion"},{"floor":16,"key":"LiquidBronze"},{"floor":17,"key":"Fire Potion"},{"floor":21,"key":"FearPotion"}],"is_trial":false,"path_per_floor":["M","M","M","?","M","R","E","R","T","M","?","R","E","M","R","B",null,"M","$","?","M","M","R","E","R","T","?","M","M","M","?","R","B"],"character_chosen":"DEFECT","items_purchased":["Rainbow","Compile Driver","Vajra"],"campfire_rested":4,"item_purchase_floors":[19,19,19],"current_hp_per_floor":[44,34,27,52,52,52,35,57,57,53,49,49,33,26,48,33,70,72,72,66,57,34,58,49,49,49,49,31,33,11,11,35,0],"gold":252,"neow_bonus":"THREE_RARE_CARDS","is_prod":false,"is_daily":false,"chose_seed":false,"campfire_upgraded":3,"win_rate":0,"timestamp":1561221198,"path_taken":["M","M","M","?","M","R","E","R","T","M","?","R","E","M","R","BOSS","M","$","?","M","M","R","E","R","T","?","?","M","M","?","R","BOSS"],"build_version":"2019-01-23","purchased_purges":1,"victory":false,"max_hp_per_floor":[75,75,75,75,75,75,75,75,75,75,75,75,75,75,75,75,80,80,80,80,80,80,80,80,80,80,80,80,80,82,82,82,82],"card_choices":[{"not_picked":["All For One","Multi-Cast"],"picked":"Biased Cognition","floor":0},{"not_picked":["Barrage","Rebound"],"picked":"Conserve Battery","floor":1},{"not_picked":["Multi-Cast","Stack"],"picked":"Glacier","floor":2},{"not_picked":["Redo","Coolheaded"],"picked":"Stack","floor":3},{"not_picked":["Beam Cell","Rebound"],"picked":"Cold Snap","floor":5},{"not_picked":["Barrage","Recycle"],"picked":"Genetic Algorithm","floor":7},{"not_picked":["Stack","Rebound"],"picked":"Turbo","floor":10},{"not_picked":["Rebound","Barrage"],"picked":"Cold Snap","floor":11},{"not_picked":["All For One","Tempest"],"picked":"Loop","floor":13},{"not_picked":["Glacier","Scrape"],"picked":"Sunder","floor":14},{"not_picked":["Buffer","Rainbow"],"picked":"Seek","floor":16},{"not_picked":["Reprogram","Cold Snap"],"picked":"Blizzard","floor":17},{"not_picked":["Skim","Stack+1"],"picked":"BootSequence","floor":18},{"not_picked":["Lockon","Rebound"],"picked":"Streamline","floor":21},{"not_picked":["Compile Driver","Static Discharge"],"picked":"Defragment","floor":22},{"not_picked":["Turbo+1","Go for the Eyes"],"picked":"Beam Cell","floor":24},{"not_picked":["Chill","FTL+1"],"picked":"Self Repair","floor":28},{"not_picked":["Reprogram","Hologram"],"picked":"Static Discharge+1","floor":29},{"not_picked":["Beam Cell","Thunder Strike","Compile Driver"],"picked":"Singing Bowl","floor":30},{"not_picked":["Sweeping Beam","Cold Snap+1"],"picked":"Undo","floor":31}],"player_experience":869129,"relics_obtained":[{"floor":7,"key":"Blood Vial"},{"floor":9,"key":"PreservedInsect"},{"floor":13,"key":"Potion Belt"},{"floor":24,"key":"Singing Bowl"},{"floor":26,"key":"Tiny Chest"},{"floor":31,"key":"Red Mask"}],"event_choices":[{"damage_healed":25,"gold_gain":0,"player_choice":"Banana","damage_taken":0,"max_hp_gain":0,"max_hp_loss":0,"event_name":"Big Fish","floor":4,"gold_loss":0},{"damage_healed":0,"gold_gain":0,"player_choice":"Searched \u00273\u0027 times","damage_taken":0,"relics_obtained":["Boot"],"max_hp_gain":0,"max_hp_loss":0,"event_name":"Dead Adventurer","floor":11,"gold_loss":0},{"damage_healed":0,"gold_gain":0,"player_choice":"Joined the Cult","damage_taken":6,"max_hp_gain":0,"max_hp_loss":0,"event_name":"Nest","floor":20,"gold_loss":0,"cards_obtained":["RitualDagger"]},{"cards_removed":["Strike_B"],"damage_healed":0,"gold_gain":0,"player_choice":"Upgrade and Remove","damage_taken":0,"max_hp_gain":0,"max_hp_loss":0,"event_name":"Designer","floor":27,"gold_loss":90,"cards_upgraded":["Strike_B"]},{"damage_healed":0,"gold_gain":0,"player_choice":"Fought Bandits","damage_taken":0,"max_hp_gain":0,"max_hp_loss":0,"event_name":"Masked Bandits","floor":31,"gold_loss":0}],"is_beta":false,"boss_relics":[{"not_picked":["Busted Crown","Lizard Tail"],"picked":"Tiny House"}],"items_purged_floors":[19],"is_endless":false,"potions_floor_spawned":[3,5,10,14,16,21,29],"killed_by":"Champ","ascension_level":11}