{"gold_per_floor":[112,112,112,132,149,149,167,198,225,225,199,211,211,211,211,310,310,329,329,348,359,359,359],"floor_reached":23,"playtime":1730,"items_purged":[],"score":191,"play_id":"004e3fa0-adba-4541-a826-9ac226aa2fe8","local_time":"20190705143325","is_ascension_mode":false,"campfire_choices":[{"data":"Haku:Barrier","floor":6.0,"key":"SMITH"},{"data":"Haku:Strike","floor":10.0,"key":"SMITH"},{"floor":15.0,"key":"REST"}],"neow_cost":"NONE","seed_source_timestamp":58478898941300,"circlet_count":0,"master_deck":["Haku:Strike+1","Haku:Strike","Haku:Strike","Haku:Strike","Haku:Blocking","Haku:Blocking","Haku:Blocking+1","Haku:Blocking","Haku:Guren","Haku:Sweep","Haku:Agito","Haku:ClawGrip","Haku:Barrier+1","Haku:AirGrab","Haku:TheTyrant","Haku:PlasticNight","Haku:CrusadeSeraphim+1","Haku:HeavySlash+1"],"special_seed":0,"relics":["Haku:Susanoo","halation:EternalFortune","Winged Necklace","Strawberry","StuffTheSpire:TintedRock","Replay:Fungal Core","elementalistmod:BlueRibbon"],"potions_floor_usage":[21,21],"damage_taken":[{"damage":2.0,"enemies":"conspire:RoseBush","floor":1.0,"turns":3.0},{"damage":3.0,"enemies":"2 Louse","floor":4.0,"turns":2.0},{"damage":1.0,"enemies":"Cultist","floor":5.0,"turns":3.0},{"damage":0.0,"enemies":"Looter","floor":7.0,"turns":3.0},{"damage":39.0,"enemies":"Lagavulin","floor":8.0,"turns":7.0},{"damage":0.0,"enemies":"Large Slime","floor":12.0,"turns":4.0},{"damage":37.0,"enemies":"Fading Forest","floor":16.0,"turns":11.0},{"damage":32,"enemies":"Shell Parasite","floor":18,"turns":9},{"damage":16,"enemies":"theJungle:GiantWrat","floor":20,"turns":8},{"damage":40,"enemies":"theJungle:Snecko_Cultist_And_Trap","floor":21,"turns":9},{"damage":1,"enemies":"theJungle:Cassacara","floor":23,"turns":2}],"seed_played":"5536116352133061884","potions_obtained":[{"floor":5.0,"key":"LifebloodPotion"},{"floor":16.0,"key":"Languid Potion"},{"floor":18,"key":"conspire:EchoDraught"}],"is_trial":false,"path_per_floor":["M","$","?","M","M","R","M","E","T","R","?","M","?","?","R","B",null,"M","?","M","M","AVR","E"],"character_chosen":"HAKUMEN","items_purchased":[],"campfire_rested":1,"item_purchase_floors":[],"current_hp_per_floor":[81,81,84,81,80,80,80,41,48,48,48,48,48,48,73,36,86,54,54,41,1,1,0],"gold":359,"neow_bonus":"TEN_PERCENT_HP_BONUS","is_prod":false,"is_daily":false,"chose_seed":false,"campfire_upgraded":2,"win_rate":0.0,"timestamp":1562351605,"path_taken":["M","$","?","?","M","R","M","E","T","R","?","M","?","?","R","BOSS","M","?","?","M","AVR","E"],"build_version":"2019-07-01","purchased_purges":0,"victory":false,"max_hp_per_floor":[83,83,86,86,86,86,86,86,93,93,93,93,93,86,86,86,86,86,86,89,89,89,89],"card_choices":[{"not_picked":["Haku:GodFist","Haku:Void"],"picked":"Haku:Agito","floor":1.0},{"not_picked":["Haku:PandoraTears","Haku:FuzzyJump"],"picked":"Haku:ClawGrip","floor":4.0},{"not_picked":["Haku:GuardThrust","Haku:LightPunch"],"picked":"Haku:Barrier","floor":5.0},{"not_picked":["Haku:Divide","Haku:Mugen"],"picked":"Haku:AirGrab","floor":7.0},{"not_picked":["Haku:Timekiller","Haku:Guren","Haku:SmartSteer"],"picked":"SKIP","floor":8.0},{"not_picked":["Haku:CommandOrder","Haku:ExceedAccel","Haku:BlackAndWhite"],"picked":"SKIP","floor":12.0},{"not_picked":["Haku:Timekiller","Haku:Xmatic"],"picked":"Haku:TheTyrant","floor":16.0},{"not_picked":["Haku:FatalCounter","Haku:InstantBlock"],"picked":"Haku:PlasticNight","floor":18},{"not_picked":["Haku:ClawGrip","Haku:BlitzAttack"],"picked":"Haku:CrusadeSeraphim+1","floor":20},{"not_picked":["Haku:Hotaru","Haku:FatalCounter+1"],"picked":"Haku:HeavySlash+1","floor":21}],"player_experience":120197,"relics_obtained":[{"floor":8.0,"key":"Winged Necklace"},{"floor":9.0,"key":"Strawberry"},{"floor":20,"key":"halation:EternalFortune"}],"event_choices":[{"damage_healed":0.0,"max_hp_gain":0.0,"max_hp_loss":0.0,"gold_gain":0.0,"event_name":"World of Goop","player_choice":"Left Gold","floor":11.0,"gold_loss":26.0,"damage_taken":0.0}],"is_beta":false,"boss_relics":[{"not_picked":["White Beast Statue","Lizard Tail"],"picked":"Replay:Fungal Core"}],"items_purged_floors":[],"is_endless":false,"potions_floor_spawned":[5,16,18],"killed_by":"theJungle:Cassacara","ascension_level":0}