{"gold_per_floor":[219,229,229,37,47,47,47,47,47,66,66,66,96,116,116,116],"floor_reached":16,"playtime":467,"items_purged":[],"score":100,"play_id":"73c640b1-df08-4b58-98fd-478605962140","local_time":"20190330192820","is_ascension_mode":false,"campfire_choices":[{"data":"Bash","floor":6,"key":"SMITH"},{"floor":15,"key":"REST"}],"neow_cost":"NONE","seed_source_timestamp":1183805486734,"circlet_count":0,"master_deck":["Strike_R","Strike_R","Strike_R","Strike_R","Strike_R","Defend_R","Defend_R","Defend_R","Defend_R","Bash+1","Rage","Perfected Strike","Rampage+1","Shrug It Off","Intimidate"],"relics":["Burning Blood","Juzu Bracelet","PreservedInsect","Regal Pillow"],"potions_floor_usage":[16,16,16],"damage_taken":[{"damage":4,"enemies":"Small Slimes","floor":1,"turns":5},{"damage":2,"enemies":"Cultist","floor":2,"turns":5},{"damage":1,"enemies":"Jaw Worm","floor":5,"turns":3},{"damage":8,"enemies":"Large Slime","floor":10,"turns":5},{"damage":23,"enemies":"Lagavulin","floor":13,"turns":5},{"damage":0,"enemies":"2 Fungi Beasts","floor":14,"turns":3},{"damage":81,"enemies":"Hexaghost","floor":16,"turns":12}],"seed_played":"2902024376850404804","potions_obtained":[{"floor":1,"key":"EssenceOfSteel"},{"floor":2,"key":"Poison Potion"},{"floor":13,"key":"Block Potion"}],"is_trial":false,"path_per_floor":["M","M","?","$","M","R","?","$","T","M","?","?","E","M","R","B"],"character_chosen":"IRONCLAD","items_purchased":["Juzu Bracelet","Rampage"],"campfire_rested":1,"item_purchase_floors":[4,4],"current_hp_per_floor":[80,80,72,72,77,77,77,77,77,75,75,63,46,52,80,0],"gold":116,"neow_bonus":"HUNDRED_GOLD","is_prod":false,"is_daily":false,"chose_seed":false,"campfire_upgraded":1,"win_rate":0,"timestamp":1553938100,"path_taken":["M","M","?","?","M","R","?","$","T","M","?","?","E","M","R","BOSS"],"build_version":"2019-01-23","purchased_purges":0,"victory":false,"max_hp_per_floor":[80,80,80,80,80,80,80,80,80,80,80,80,80,80,80,80],"card_choices":[{"not_picked":["Headbutt","Anger"],"picked":"Rage","floor":1},{"not_picked":["Rage","Warcry"],"picked":"Perfected Strike","floor":2},{"not_picked":["Headbutt","Sword Boomerang","Second Wind"],"picked":"SKIP","floor":5},{"not_picked":["Cleave","Headbutt"],"picked":"Shrug It Off","floor":10},{"not_picked":["Battle Trance","Dark Embrace"],"picked":"Intimidate","floor":13},{"not_picked":["Headbutt","Body Slam","Carnage"],"picked":"SKIP","floor":14}],"player_experience":289585,"relics_obtained":[{"floor":13,"key":"Regal Pillow"}],"event_choices":[{"damage_healed":0,"gold_gain":0,"player_choice":"Damaged","damage_taken":8,"max_hp_gain":0,"max_hp_loss":0,"event_name":"Wheel of Change","floor":3,"gold_loss":0},{"damage_healed":0,"gold_gain":0,"player_choice":"Leave","damage_taken":0,"max_hp_gain":0,"max_hp_loss":0,"event_name":"The Cleric","floor":7,"gold_loss":0},{"damage_healed":0,"gold_gain":0,"player_choice":"Upgraded","damage_taken":0,"max_hp_gain":0,"max_hp_loss":0,"event_name":"Upgrade Shrine","floor":11,"gold_loss":0,"cards_upgraded":["Rampage"]},{"damage_healed":0,"gold_gain":0,"player_choice":"Success","damage_taken":12,"relics_obtained":["PreservedInsect"],"max_hp_gain":0,"max_hp_loss":0,"event_name":"Scrap Ooze","floor":12,"gold_loss":0}],"is_beta":false,"boss_relics":[],"items_purged_floors":[],"is_endless":false,"potions_floor_spawned":[1,2,13],"killed_by":"Hexaghost","ascension_level":0}