{"gold_per_floor":[112,128,53,53,65,65,99,111,111,126,126,154,154,1,1,77,77,97,12,12,12,12,12,42,42,88,106,106,121,121,139,139,215,215,234,234,244,244,244,244,70,70,70,70,21,36,36,68,68,68],"floor_reached":51,"playtime":2328,"items_purged":["Strike_R","Strike_R"],"score":1268,"play_id":"b522514c-a0e6-4870-b93e-e611d27f33e3","local_time":"20190713200004","is_ascension_mode":true,"campfire_choices":[{"data":"Carnage","floor":6,"key":"SMITH"},{"data":"Uppercut","floor":11,"key":"SMITH"},{"data":"Whirlwind","floor":13,"key":"SMITH"},{"floor":15,"key":"REST"},{"data":"Flame Barrier","floor":23,"key":"SMITH"},{"data":"Berserk","floor":25,"key":"SMITH"},{"data":"J.A.X.","floor":28,"key":"SMITH"},{"floor":32,"key":"REST"},{"data":"Disarm","floor":40,"key":"SMITH"},{"data":"Enlightenment","floor":42,"key":"SMITH"},{"floor":49,"key":"REST"}],"neow_cost":"NONE","seed_source_timestamp":191089573197407,"circlet_count":0,"master_deck":["AscendersBane","Strike_R","Strike_R","Defend_R","Defend_R","Defend_R","Defend_R","Bash","Carnage+1","Iron Wave","Uppercut+1","Disarm+1","Whirlwind+1","Berserk+1","Flame Barrier+1","J.A.X.+1","Finesse","Secret Technique","Enlightenment+1","Shrug It Off"],"relics":["Black Blood","Potion Belt","Juzu Bracelet","Pear","Vajra","Odd Mushroom","Busted Crown","Blood Vial","PreservedInsect","Centennial Puzzle","Shuriken","Orichalcum"],"potions_floor_usage":[10,16,16,33,33,48,50,50,50,50],"damage_taken":[{"damage":2,"enemies":"2 Louse","floor":1,"turns":3},{"damage":5,"enemies":"Small Slimes","floor":2,"turns":4},{"damage":2,"enemies":"Jaw Worm","floor":5,"turns":3},{"damage":27,"enemies":"Gremlin Nob","floor":7,"turns":4},{"damage":12,"enemies":"Blue Slaver","floor":8,"turns":5},{"damage":32,"enemies":"Lots of Slimes","floor":10,"turns":5},{"damage":27,"enemies":"The Mushroom Lair","floor":12,"turns":6},{"damage":18,"enemies":"Slime Boss","floor":16,"turns":8},{"damage":4,"enemies":"Chosen","floor":18,"turns":3},{"damage":42,"enemies":"Gremlin Leader","floor":24,"turns":7},{"damage":5,"enemies":"Shell Parasite","floor":27,"turns":5},{"damage":3,"enemies":"Chosen and Byrds","floor":29,"turns":4},{"damage":4,"enemies":"Centurion and Healer","floor":31,"turns":4},{"damage":49,"enemies":"Champ","floor":33,"turns":8},{"damage":6,"enemies":"Orb Walker","floor":35,"turns":4},{"damage":11,"enemies":"3 Shapes","floor":37,"turns":11},{"damage":20,"enemies":"Transient","floor":46,"turns":5},{"damage":32,"enemies":"Giant Head","floor":48,"turns":5},{"damage":48,"enemies":"Awakened One","floor":50,"turns":12}],"seed_played":"-4378107461743492156","potions_obtained":[{"floor":1,"key":"LiquidBronze"},{"floor":5,"key":"SpeedPotion"},{"floor":12,"key":"Dexterity Potion"},{"floor":24,"key":"Strength Potion"},{"floor":29,"key":"Energy Potion"},{"floor":46,"key":"Swift Potion"},{"floor":48,"key":"SkillPotion"}],"is_trial":false,"path_per_floor":["M","M","?","?","M","R","E","M","T","M","R","?","R","$","R","B",null,"M","?","?","?","$","R","E","R","T","M","R","M","?","M","R","B",null,"M","?","M","?","?","R","$","R","T","?","$","M","$","E","R","B",null],"character_chosen":"IRONCLAD","items_purchased":["Ancient Potion","Dexterity Potion","Shrug It Off","SpeedPotion"],"campfire_rested":3,"item_purchase_floors":[14,41,41,45],"current_hp_per_floor":[72,73,73,68,72,72,61,55,55,29,29,8,8,8,33,21,69,71,71,71,71,71,71,37,37,37,40,40,45,45,49,74,33,72,78,68,69,69,69,69,69,69,69,69,69,61,61,41,65,29],"gold":68,"neow_bonus":"RANDOM_COMMON_RELIC","is_prod":false,"is_daily":false,"chose_seed":false,"campfire_upgraded":8,"win_rate":0,"timestamp":1563015604,"path_taken":["M","M","?","?","M","R","E","M","T","M","R","?","R","$","R","BOSS","M","?","?","?","$","R","E","R","T","M","R","M","?","M","R","BOSS","M","?","M","?","?","R","?","R","T","?","$","M","?","E","R","BOSS"],"build_version":"2019-07-01","purchased_purges":2,"victory":true,"max_hp_per_floor":[75,75,75,75,75,75,85,85,85,85,85,85,85,85,85,85,85,85,85,85,85,85,85,85,85,85,85,85,85,85,85,85,85,85,85,85,85,81,81,81,81,81,81,81,81,81,81,81,81,81],"card_choices":[{"not_picked":["Searing Blow","Anger"],"picked":"Carnage","floor":1},{"not_picked":["Intimidate","Twin Strike"],"picked":"Iron Wave","floor":2},{"not_picked":["Heavy Blade","Rage","Armaments"],"picked":"SKIP","floor":5},{"not_picked":["Heavy Blade","Rage","Armaments"],"picked":"SKIP","floor":5},{"not_picked":["Rupture","Pommel Strike"],"picked":"Uppercut","floor":7},{"not_picked":["Combust","Havoc"],"picked":"Disarm","floor":8},{"not_picked":["Combust","Corruption","Body Slam"],"picked":"SKIP","floor":10},{"not_picked":["Combust","Corruption","Body Slam"],"picked":"SKIP","floor":10},{"not_picked":["Battle Trance","Seeing Red"],"picked":"Whirlwind","floor":12},{"not_picked":["Brutality","Demon Form"],"picked":"Berserk","floor":16},{"not_picked":["Perfected Strike+1"],"picked":"SKIP","floor":18},{"not_picked":["Anger"],"picked":"SKIP","floor":24},{"not_picked":["Seeing Red"],"picked":"SKIP","floor":27},{"not_picked":["Seeing Red"],"picked":"SKIP","floor":27},{"not_picked":["Dual Wield"],"picked":"SKIP","floor":29},{"not_picked":["Armaments"],"picked":"SKIP","floor":31},{"not_picked":["Armaments"],"picked":"SKIP","floor":31},{"not_picked":["Metallicize+1"],"picked":"SKIP","floor":35},{"not_picked":[],"picked":"Finesse","floor":36},{"not_picked":[],"picked":"Secret Technique","floor":36},{"not_picked":[],"picked":"Enlightenment","floor":36},{"not_picked":["Anger"],"picked":"SKIP","floor":37},{"not_picked":["Pommel Strike"],"picked":"SKIP","floor":46},{"not_picked":["Power Through"],"picked":"SKIP","floor":48}],"player_experience":1125090,"relics_obtained":[{"floor":7,"key":"Pear"},{"floor":9,"key":"Vajra"},{"floor":12,"key":"Odd Mushroom"},{"floor":24,"key":"PreservedInsect"},{"floor":26,"key":"Centennial Puzzle"},{"floor":43,"key":"Shuriken"},{"floor":48,"key":"Orichalcum"}],"event_choices":[{"cards_removed":["Strike_R"],"damage_healed":0,"gold_gain":0,"player_choice":"Card Removal","damage_taken":0,"max_hp_gain":0,"max_hp_loss":0,"event_name":"The Cleric","floor":3,"gold_loss":75},{"damage_healed":0,"gold_gain":0,"player_choice":"Success","damage_taken":5,"relics_obtained":["Juzu Bracelet"],"max_hp_gain":0,"max_hp_loss":0,"event_name":"Scrap Ooze","floor":4,"gold_loss":0},{"damage_healed":0,"gold_gain":0,"player_choice":"Fought Mushrooms","damage_taken":0,"max_hp_gain":0,"max_hp_loss":0,"event_name":"Mushrooms","floor":12,"gold_loss":0},{"damage_healed":0,"gold_gain":0,"player_choice":"Obtained Relic","damage_taken":0,"relics_obtained":["Blood Vial"],"max_hp_gain":0,"max_hp_loss":0,"event_name":"Addict","floor":19,"gold_loss":85},{"damage_healed":0,"gold_gain":0,"player_choice":"Read","damage_taken":0,"max_hp_gain":0,"max_hp_loss":0,"event_name":"The Library","floor":20,"gold_loss":0,"cards_obtained":["Flame Barrier"]},{"damage_healed":0,"gold_gain":0,"player_choice":"Obtain J.A.X.","damage_taken":0,"max_hp_gain":0,"max_hp_loss":0,"event_name":"Drug Dealer","floor":21,"gold_loss":0,"cards_obtained":["J.A.X."]},{"damage_healed":0,"gold_gain":0,"player_choice":"Ignored","damage_taken":0,"max_hp_gain":0,"max_hp_loss":0,"event_name":"The Mausoleum","floor":30,"gold_loss":0},{"damage_healed":0,"gold_gain":0,"player_choice":"Memory 3","damage_taken":10,"max_hp_gain":0,"max_hp_loss":0,"event_name":"SensoryStone","floor":36,"gold_loss":0},{"damage_healed":0,"gold_gain":0,"player_choice":"Max HP","damage_taken":0,"max_hp_gain":0,"max_hp_loss":4,"event_name":"Winding Halls","floor":38,"gold_loss":0},{"damage_healed":0,"gold_gain":0,"player_choice":"Ignored","damage_taken":0,"max_hp_gain":0,"max_hp_loss":0,"event_name":"Tomb of Lord Red Mask","floor":39,"gold_loss":0},{"damage_healed":0,"gold_gain":0,"player_choice":"0 cards matched","damage_taken":0,"max_hp_gain":0,"max_hp_loss":0,"event_name":"Match and Keep!","floor":44,"gold_loss":0,"cards_obtained":[]}],"is_beta":false,"boss_relics":[{"not_picked":["Runic Dome","White Beast Statue"],"picked":"Busted Crown"},{"not_picked":["Empty Cage","Cursed Key"],"picked":"Black Blood"}],"items_purged_floors":[14,41],"is_endless":false,"potions_floor_spawned":[1,5,12,24,29,46,48],"ascension_level":15}