{"gold_per_floor":[110,130,146,163,163,193,203,236,236,186,31,60,75,0,0,100,100,113,133,133,133,148,177,77,107,152,164,192,192,192,95,95,200,200,217,16,71,0,100,132,145,171,171,171,171,181,213,64,64,64],"floor_reached":51,"playtime":4496,"items_purged":["Strike_R","Defend_R"],"score":836,"play_id":"221318a7-ebd9-474d-96ec-ddde266ae2f3","local_time":"20190108020538","is_ascension_mode":false,"campfire_choices":[{"floor":15,"key":"REST"},{"data":"Double Tap","floor":29,"key":"SMITH"},{"floor":32,"key":"REST"},{"floor":44,"key":"REST"},{"floor":49,"key":"REST"}],"neow_cost":"NONE","seed_source_timestamp":0,"circlet_count":0,"master_deck":["Strike_R+1","Strike_R+1","Strike_R+1","Defend_R+1","Defend_R+1","Bash","Anger","Anger","Iron Wave+1","Battle Trance","Fire Breathing","Armaments","Shrug It Off","Cleave","Spot Weakness","Double Tap+1","Headbutt+1","Iron Wave+1","Flex","Iron Wave+1","Shrug It Off","Metallicize","Dual Wield+1","Rage+1","Finesse","Demon Form","Berserk","Pommel Strike+1","Warcry+1","Inflame","Clothesline+1","Disarm","Chrysalis","Inflame+1","Warcry"],"special_seed":0,"relics":["Burning Blood","War Paint","Whetstone","Prayer Wheel","WingedGreaves","Bronze Scales","Mummified Hand","Philosopher\u0027s Stone","Nunchaku","Centennial Puzzle","Dream Catcher","Bag of Preparation","Bird Faced Urn","Lizard Tail","ClockworkSouvenir","Mango","Red Mask","Peace Pipe","Gremlin Horn","Vajra","Meat on the Bone","Blood Vial","Pen Nib"],"potions_floor_usage":[6,25,25,33,39,40,40],"damage_taken":[{"damage":6.0,"enemies":"Cultist","floor":1.0,"turns":3.0},{"damage":0.0,"enemies":"2 Louse","floor":2.0,"turns":2.0},{"damage":8.0,"enemies":"Small Slimes","floor":3.0,"turns":3.0},{"damage":9.0,"enemies":"Exordium Wildlife","floor":4.0,"turns":7.0},{"damage":14,"enemies":"Gremlin Nob","floor":6,"turns":4},{"damage":3,"enemies":"Looter","floor":7,"turns":3},{"damage":16,"enemies":"3 Sentries","floor":8,"turns":6},{"damage":13,"enemies":"Lagavulin","floor":12,"turns":5},{"damage":8,"enemies":"Red Slaver","floor":13,"turns":4},{"damage":41,"enemies":"Hexaghost","floor":16,"turns":9},{"damage":6,"enemies":"Chosen","floor":18,"turns":4},{"damage":10,"enemies":"2 Thieves","floor":19,"turns":3},{"damage":11,"enemies":"Snecko","floor":22,"turns":5},{"damage":16,"enemies":"Gremlin Leader","floor":23,"turns":5},{"damage":21,"enemies":"Slavers","floor":25,"turns":3},{"damage":15,"enemies":"Cultist and Chosen","floor":27,"turns":6},{"damage":1,"enemies":"Book of Stabbing","floor":28,"turns":4},{"damage":28,"enemies":"Automaton","floor":33,"turns":8},{"damage":16,"enemies":"3 Shapes","floor":35,"turns":5},{"damage":32,"enemies":"2 Orb Walkers","floor":37,"turns":5},{"damage":20,"enemies":"Mind Bloom Boss Battle","floor":39,"turns":3},{"damage":72,"enemies":"Nemesis","floor":40,"turns":11},{"damage":0,"enemies":"Orb Walker","floor":41,"turns":4},{"damage":50,"enemies":"Reptomancer","floor":42,"turns":5},{"damage":37,"enemies":"Writhing Mass","floor":46,"turns":5},{"damage":13,"enemies":"Giant Head","floor":47,"turns":6},{"damage":72,"enemies":"Donu and Deca","floor":50,"turns":7}],"seed_played":"-4629747189193158125","potions_obtained":[{"floor":1.0,"key":"FearPotion"},{"floor":3.0,"key":"GamblersBrew"},{"floor":4.0,"key":"SpeedPotion"},{"floor":6,"key":"SteroidPotion"},{"floor":25,"key":"PowerPotion"},{"floor":37,"key":"Fire Potion"},{"floor":39,"key":"SneckoOil"},{"floor":40,"key":"FearPotion"},{"floor":41,"key":"Weak Potion"},{"floor":47,"key":"AttackPotion"}],"is_trial":false,"path_per_floor":["M","M","M","M","?","E","M","E","T","?","$","E","M","$","R","B",null,"M","M","?","?","M","E","$","E","T","M","E","R","?","$","R","B",null,"M","$","?","?","?","E","M","E","T","R","?","M","E","$","R","B",null],"character_chosen":"IRONCLAD","items_purchased":["Bronze Scales","Finesse","ClockworkSouvenir","Pen Nib"],"campfire_rested":4,"item_purchase_floors":[11,31,36,48],"current_hp_per_floor":[80,80,78,75,59,51,54,44,44,44,44,37,35,35,59,24,80,80,76,76,76,71,61,61,46,46,37,42,42,27,27,52,40,85,77,77,69,69,61,57,75,45,45,74,74,57,64,64,93,55],"gold":64,"neow_bonus":"RANDOM_COMMON_RELIC","is_prod":false,"is_daily":false,"chose_seed":false,"campfire_upgraded":1,"win_rate":0.0,"timestamp":1546931138,"path_taken":["M","?","M","M","?","E","M","E","T","?","$","E","M","?","R","BOSS","M","M","?","?","?","E","$","E","T","?","E","R","?","?","R","BOSS","M","$","?","?","?","E","M","E","T","R","?","M","E","?","R","BOSS"],"build_version":"2019-01-03v4","purchased_purges":2,"victory":true,"max_hp_per_floor":[80,80,80,80,80,80,80,80,80,80,80,80,80,80,80,80,80,80,80,80,80,80,80,80,80,80,80,80,80,85,85,85,85,85,85,85,99,99,99,99,99,99,99,99,99,99,99,99,99,99],"card_choices":[{"not_picked":["Hemokinesis","Clash"],"picked":"Anger","floor":1.0},{"not_picked":["Clash","Corruption"],"picked":"Anger","floor":2.0},{"not_picked":["Body Slam","Rupture"],"picked":"Iron Wave","floor":3.0},{"not_picked":["Uppercut","Carnage"],"picked":"Battle Trance","floor":4.0},{"not_picked":["Second Wind","Sword Boomerang"],"picked":"Fire Breathing","floor":6},{"not_picked":["Feel No Pain","Clothesline"],"picked":"Armaments","floor":7},{"not_picked":["Shockwave","Clothesline"],"picked":"Shrug It Off","floor":8},{"not_picked":["Bloodletting","Burning Pact","Corruption"],"picked":"SKIP","floor":12},{"not_picked":["Clash","Armaments"],"picked":"Cleave","floor":13},{"not_picked":["Clothesline","Armaments"],"picked":"Spot Weakness","floor":13},{"not_picked":["Feed","Bludgeon"],"picked":"Double Tap","floor":16},{"not_picked":["Thunderclap+1","Warcry"],"picked":"Headbutt+1","floor":18},{"not_picked":["Rage+1","Body Slam+1"],"picked":"Iron Wave+1","floor":18},{"not_picked":["Heavy Blade","Dropkick"],"picked":"Flex","floor":19},{"not_picked":["Sword Boomerang+1","Burning Pact","Warcry"],"picked":"SKIP","floor":19},{"not_picked":["Twin Strike","Bludgeon"],"picked":"Iron Wave+1","floor":22},{"not_picked":["Second Wind","Clothesline+1"],"picked":"Shrug It Off","floor":22},{"not_picked":["Blood for Blood","Sword Boomerang","Combust+1"],"picked":"SKIP","floor":23},{"not_picked":["Juggernaut","Pummel"],"picked":"Metallicize","floor":25},{"not_picked":["Armaments+1","Rage+1"],"picked":"Dual Wield+1","floor":27},{"not_picked":["Cleave","Rampage"],"picked":"Rage+1","floor":27},{"not_picked":["Heavy Blade","Rampage","Cleave"],"picked":"SKIP","floor":28},{"not_picked":["Intimidate","Pommel Strike"],"picked":"Demon Form","floor":32},{"not_picked":["Fiend Fire","Limit Break"],"picked":"Berserk","floor":33},{"not_picked":["Anger","Metallicize+1"],"picked":"Pommel Strike+1","floor":35},{"not_picked":["Thunderclap+1","Anger+1","True Grit+1"],"picked":"SKIP","floor":35},{"not_picked":["Anger+1","Blood for Blood+1"],"picked":"Warcry+1","floor":37},{"not_picked":["Armaments","Iron Wave"],"picked":"Inflame","floor":39},{"not_picked":["Clothesline","Searing Blow+1","Rampage"],"picked":"SKIP","floor":40},{"not_picked":["Heavy Blade+1","Thunderclap+1"],"picked":"Clothesline+1","floor":41},{"not_picked":["Anger+1","Cleave+1","Twin Strike"],"picked":"SKIP","floor":41},{"not_picked":["Feed","Heavy Blade","Pommel Strike+1"],"picked":"SKIP","floor":42},{"not_picked":["Headbutt+1","Twin Strike"],"picked":"Disarm","floor":44},{"not_picked":["Mind Blast","Panacea"],"picked":"Chrysalis","floor":45},{"not_picked":["Sword Boomerang","Spot Weakness+1","Metallicize"],"picked":"SKIP","floor":46},{"not_picked":["Flex+1","Anger","Perfected Strike+1"],"picked":"SKIP","floor":46},{"not_picked":["Fiend Fire","Body Slam+1"],"picked":"Inflame+1","floor":47},{"not_picked":["Second Wind","Twin Strike"],"picked":"Warcry","floor":49}],"player_experience":6311,"relics_obtained":[{"floor":6,"key":"Whetstone"},{"floor":8,"key":"Prayer Wheel"},{"floor":9,"key":"WingedGreaves"},{"floor":12,"key":"Mummified Hand"},{"floor":23,"key":"Centennial Puzzle"},{"floor":25,"key":"Dream Catcher"},{"floor":26,"key":"Bag of Preparation"},{"floor":28,"key":"Bird Faced Urn"},{"floor":37,"key":"Mango"},{"floor":39,"key":"Peace Pipe"},{"floor":40,"key":"Gremlin Horn"},{"floor":42,"key":"Vajra"},{"floor":43,"key":"Meat on the Bone"},{"floor":47,"key":"Blood Vial"}],"event_choices":[{"damage_healed":0,"gold_gain":0,"player_choice":"Entered Light","damage_taken":16,"max_hp_gain":0,"max_hp_loss":0,"event_name":"Shining Light","floor":5,"gold_loss":0,"cards_upgraded":["Strike_R","Strike_R"]},{"cards_removed":["Strike_R"],"damage_healed":0,"gold_gain":0,"player_choice":"Card Removal","damage_taken":0,"max_hp_gain":0,"max_hp_loss":0,"event_name":"The Cleric","floor":10,"gold_loss":50},{"damage_healed":0,"gold_gain":0,"player_choice":"Opened","damage_taken":0,"relics_obtained":["Nunchaku"],"max_hp_gain":0,"max_hp_loss":0,"event_name":"The Mausoleum","floor":20,"gold_loss":0},{"cards_removed":["Defend_R"],"damage_healed":0,"gold_gain":0,"player_choice":"Offered Basic","damage_taken":0,"max_hp_gain":0,"max_hp_loss":0,"event_name":"Bonfire Elementals","floor":21,"gold_loss":0},{"damage_healed":0,"gold_gain":0,"player_choice":"Shed Blood","damage_taken":20,"max_hp_gain":5,"max_hp_loss":0,"event_name":"Forgotten Altar","floor":30,"gold_loss":0},{"damage_healed":0,"gold_gain":0,"player_choice":"Fight","damage_taken":0,"max_hp_gain":0,"max_hp_loss":0,"event_name":"Mysterious Sphere","floor":37,"gold_loss":0},{"damage_healed":0,"gold_gain":0,"player_choice":"Paid","damage_taken":0,"relics_obtained":["Red Mask"],"max_hp_gain":0,"max_hp_loss":0,"event_name":"Tomb of Lord Red Mask","floor":38,"gold_loss":71},{"damage_healed":0,"gold_gain":0,"player_choice":"Fight","damage_taken":0,"max_hp_gain":0,"max_hp_loss":0,"event_name":"MindBloom","floor":39,"gold_loss":0},{"damage_healed":0,"gold_gain":0,"player_choice":"Memory 1","damage_taken":0,"max_hp_gain":0,"max_hp_loss":0,"event_name":"SensoryStone","floor":45,"gold_loss":0}],"is_beta":false,"boss_relics":[{"not_picked":["Runic Pyramid","Runic Dome"],"picked":"Philosopher\u0027s Stone"},{"not_picked":["Empty Cage","Snecko Eye"],"picked":"Lizard Tail"}],"items_purged_floors":[14,24],"is_endless":false,"potions_floor_spawned":[1,3,4,6,22,23,25,37,39,40,41,47],"ascension_level":0}