{"gold_per_floor":[113,288,288,305,305,2,2,16,16,0,0,0,26,45,45,147,147,166,166,166,17,31,31,41,41,91,119,119,152,169,109,109,109],"floor_reached":33,"playtime":1225,"items_purged":[],"score":261,"play_id":"7d0196bf-0821-4148-a98b-21378ee0191a","local_time":"20190329013051","is_ascension_mode":false,"campfire_choices":[{"data":"Bash","floor":7,"key":"SMITH"},{"floor":11,"key":"RECALL"},{"floor":15,"key":"REST"},{"data":"Double Tap","floor":23,"key":"SMITH"},{"floor":25,"key":"REST"},{"data":"Infernal Blade","floor":28,"key":"SMITH"},{"data":"Shrug It Off","floor":32,"key":"SMITH"}],"neow_cost":"NONE","seed_source_timestamp":40886880228093,"circlet_count":0,"master_deck":["Strike_R","Strike_R","Strike_R","Strike_R","Defend_R","Defend_R","Defend_R","Bash+1","Twin Strike","Twin Strike","Cleave+1","Pommel Strike+1","Twin Strike+1","Thunderclap+1","Double Tap+1","Infernal Blade+1","Iron Wave+1","Thunderclap+1","Headbutt+1","Dual Wield","Blood for Blood+1","Shrug It Off+1","Dual Wield","Uppercut+1"],"relics":["Burning Blood","Oddly Smooth Stone","Pantograph","Molten Egg 2","Unceasing Top","Bird Faced Urn","Calling Bell","Orichalcum","Darkstone Periapt","Dead Branch","Tiny Chest","Regal Pillow","Red Mask","Paper Frog"],"potions_floor_usage":[13,16,16,18,18,30,33],"damage_taken":[{"damage":0,"enemies":"Small Slimes","floor":1,"turns":3},{"damage":12,"enemies":"Jaw Worm","floor":4,"turns":4},{"damage":8,"enemies":"2 Louse","floor":8,"turns":2},{"damage":33,"enemies":"3 Sentries","floor":13,"turns":9},{"damage":18,"enemies":"Lots of Slimes","floor":14,"turns":2},{"damage":43,"enemies":"The Guardian","floor":16,"turns":9},{"damage":20,"enemies":"Spheric Guardian","floor":18,"turns":4},{"damage":18,"enemies":"2 Thieves","floor":22,"turns":3},{"damage":16,"enemies":"Snake Plant","floor":24,"turns":3},{"damage":8,"enemies":"Masked Bandits","floor":27,"turns":3},{"damage":5,"enemies":"Gremlin Leader","floor":29,"turns":8},{"damage":4,"enemies":"Cultist and Chosen","floor":30,"turns":4},{"damage":91,"enemies":"Collector","floor":33,"turns":9}],"seed_played":"677083509129759210","potions_obtained":[{"floor":4,"key":"FearPotion"},{"floor":5,"key":"Ancient Potion"},{"floor":5,"key":"AttackPotion"},{"floor":14,"key":"SteroidPotion"},{"floor":16,"key":"SkillPotion"},{"floor":27,"key":"Fire Potion"},{"floor":29,"key":"Poison Potion"}],"is_trial":false,"path_per_floor":["M","?","?","M","?","$","R","M","T","?","R","T","E","M","R","B",null,"M","?","?","$","M","R","M","R","T","?","R","E","M","?","R","B"],"character_chosen":"IRONCLAD","items_purchased":["Molten Egg 2","Cleave+1","Tiny Chest","Iron Wave+1"],"campfire_rested":2,"item_purchase_floors":[6,6,21,21],"current_hp_per_floor":[80,80,68,62,62,62,62,60,60,60,60,60,33,21,45,33,80,66,66,66,66,54,54,44,68,68,66,66,67,69,69,69,0],"gold":109,"neow_bonus":"RANDOM_COMMON_RELIC","is_prod":false,"is_daily":false,"chose_seed":false,"campfire_upgraded":4,"win_rate":0,"timestamp":1553787051,"path_taken":["M","?","?","M","?","$","R","?","T","?","R","?","E","M","R","BOSS","M","?","?","$","?","R","M","R","T","?","R","E","M","?","R","BOSS"],"build_version":"2019-01-23","purchased_purges":0,"victory":false,"max_hp_per_floor":[80,80,80,80,80,80,80,80,80,80,80,80,80,80,80,80,80,80,80,80,80,80,80,80,80,80,80,80,80,80,80,80,80],"card_choices":[{"not_picked":["Uppercut","Sword Boomerang"],"picked":"Twin Strike","floor":1},{"not_picked":["Anger","Dual Wield"],"picked":"Twin Strike","floor":4},{"not_picked":["Combust","Shrug It Off"],"picked":"Pommel Strike+1","floor":8},{"not_picked":["Searing Blow+1","Shockwave"],"picked":"Twin Strike+1","floor":13},{"not_picked":["Disarm","Anger+1"],"picked":"Thunderclap+1","floor":14},{"not_picked":["Immolate+1","Feed+1"],"picked":"Double Tap","floor":16},{"not_picked":["Iron Wave+1","Metallicize"],"picked":"Infernal Blade","floor":18},{"not_picked":["Cleave+1","Clash+1"],"picked":"Thunderclap+1","floor":22},{"not_picked":["Clash+1","Feel No Pain+1"],"picked":"Headbutt+1","floor":24},{"not_picked":["Sword Boomerang+1","Clash+1"],"picked":"Dual Wield","floor":27},{"not_picked":["True Grit","Second Wind"],"picked":"Blood for Blood+1","floor":29},{"not_picked":["Seeing Red+1","Ghostly Armor"],"picked":"Shrug It Off","floor":30}],"player_experience":265223,"relics_obtained":[{"floor":12,"key":"Unceasing Top"},{"floor":13,"key":"Bird Faced Urn"},{"floor":17,"key":"Orichalcum"},{"floor":17,"key":"Darkstone Periapt"},{"floor":17,"key":"Dead Branch"},{"floor":26,"key":"Regal Pillow"},{"floor":27,"key":"Red Mask"},{"floor":29,"key":"Paper Frog"}],"event_choices":[{"damage_healed":0,"gold_gain":175,"player_choice":"AGREE","damage_taken":0,"max_hp_gain":0,"max_hp_loss":0,"event_name":"Liars Game","floor":2,"gold_loss":0,"cards_obtained":["Doubt"]},{"damage_healed":0,"gold_gain":0,"player_choice":"Success","damage_taken":12,"relics_obtained":["Pantograph"],"max_hp_gain":0,"max_hp_loss":0,"event_name":"Scrap Ooze","floor":3,"gold_loss":0},{"damage_healed":0,"gold_gain":0,"player_choice":"Got Potions","damage_taken":0,"max_hp_gain":0,"max_hp_loss":0,"event_name":"Lab","floor":5,"gold_loss":0},{"damage_healed":0,"gold_gain":0,"player_choice":"Left Gold","damage_taken":0,"max_hp_gain":0,"max_hp_loss":0,"event_name":"World of Goop","floor":10,"gold_loss":16},{"damage_healed":0,"gold_gain":0,"player_choice":"Ignored","damage_taken":0,"max_hp_gain":0,"max_hp_loss":0,"event_name":"Ghosts","floor":19,"gold_loss":0},{"cards_removed":["Regret","Writhe","Doubt","Doubt"],"damage_healed":0,"gold_gain":0,"player_choice":"Removed Curses","damage_taken":0,"max_hp_gain":0,"max_hp_loss":0,"event_name":"Fountain of Cleansing","floor":20,"gold_loss":0},{"damage_healed":0,"gold_gain":0,"player_choice":"Fought Bandits","damage_taken":0,"max_hp_gain":0,"max_hp_loss":0,"event_name":"Masked Bandits","floor":27,"gold_loss":0},{"damage_healed":0,"gold_gain":0,"cards_transformed":["Defend_R","Strike_R"],"player_choice":"Transformed Cards","damage_taken":0,"max_hp_gain":0,"max_hp_loss":0,"event_name":"Designer","floor":31,"gold_loss":60,"cards_obtained":["Dual Wield","Uppercut"]}],"is_beta":false,"boss_relics":[{"not_picked":["White Beast Statue","Runic Cube"],"picked":"Calling Bell"}],"items_purged_floors":[],"is_endless":false,"potions_floor_spawned":[4,14,16,27,29],"killed_by":"Collector","ascension_level":0}