{"gold_per_floor":[19,30,48,64,36,63,63,90,90,100,114,114],"floor_reached":12,"playtime":584,"items_purged":[],"score":184,"play_id":"4853b928-7f83-4d32-a318-eb484ae7b68f","local_time":"20190712171436","is_ascension_mode":true,"campfire_choices":[{"floor":7,"key":"REST"}],"neow_cost":"NO_GOLD","seed_source_timestamp":0,"circlet_count":0,"master_deck":["AscendersBane","Strike_B","Strike_B","Strike_B","Strike_B","Defend_B","Defend_B","Defend_B","Defend_B","Zap","Dualcast","Core Surge","Conserve Battery","Gash","Loop","Steam","Steam","Fission","Gash","Beam Cell","Self Repair"],"relics":["Cracked Core","Bag of Preparation","Omamori","Oddly Smooth Stone"],"potions_floor_usage":[8,12,12,12],"damage_taken":[{"damage":0,"enemies":"Cultist","floor":1,"turns":2},{"damage":7,"enemies":"Small Slimes","floor":2,"turns":3},{"damage":0,"enemies":"2 Louse","floor":3,"turns":2},{"damage":7,"enemies":"Large Slime","floor":4,"turns":5},{"damage":34,"enemies":"Gremlin Nob","floor":6,"turns":5},{"damage":11,"enemies":"Lagavulin","floor":8,"turns":7},{"damage":3,"enemies":"Gremlin Gang","floor":10,"turns":7},{"damage":7,"enemies":"Exordium Wildlife","floor":11,"turns":4},{"damage":29,"enemies":"Gremlin Nob","floor":12,"turns":3}],"seed_played":"908556972219054","potions_obtained":[{"floor":4,"key":"Ancient Potion"},{"floor":6,"key":"PowerPotion"},{"floor":8,"key":"Swift Potion"},{"floor":10,"key":"EntropicBrew"}],"is_trial":false,"path_per_floor":["M","M","M","M","$","E","R","E","T","M","M","E"],"character_chosen":"DEFECT","items_purchased":["Steam"],"campfire_rested":1,"item_purchase_floors":[5],"current_hp_per_floor":[64,57,57,50,50,16,37,26,26,23,16,0],"gold":114,"neow_bonus":"THREE_RARE_CARDS","is_prod":false,"is_daily":false,"chose_seed":true,"campfire_upgraded":0,"win_rate":0,"timestamp":1562966076,"path_taken":["M","M","M","M","$","E","R","E","T","M","?","E"],"build_version":"2019-07-10","purchased_purges":0,"victory":false,"max_hp_per_floor":[71,71,71,71,71,71,71,71,71,71,71,71],"card_choices":[{"not_picked":["Fission","Machine Learning"],"picked":"Core Surge","floor":0},{"not_picked":["Stack","Streamline"],"picked":"Conserve Battery","floor":1},{"not_picked":["Sweeping Beam","Hologram"],"picked":"Gash","floor":2},{"not_picked":["Conserve Battery","Rip and Tear"],"picked":"Loop","floor":3},{"not_picked":["Streamline","Coolheaded"],"picked":"Steam","floor":4},{"not_picked":["FTL","Scrape"],"picked":"Fission","floor":6},{"not_picked":["Beam Cell","Thunder Strike"],"picked":"Gash","floor":8},{"not_picked":["Doom and Gloom","Conserve Battery"],"picked":"Beam Cell","floor":10},{"not_picked":["Barrage","Hologram"],"picked":"Self Repair","floor":11}],"player_experience":3211803,"relics_obtained":[{"floor":6,"key":"Bag of Preparation"},{"floor":8,"key":"Omamori"},{"floor":9,"key":"Oddly Smooth Stone"}],"event_choices":[],"is_beta":true,"boss_relics":[],"items_purged_floors":[],"is_endless":false,"potions_floor_spawned":[4,6,8,10],"killed_by":"Gremlin Nob","ascension_level":20}