{"gold_per_floor":[116,132,132,155,155,190,190,214,214,118,118,149,164,94,94,94],"floor_reached":16,"playtime":637,"items_purged":["Strike_G"],"score":145,"play_id":"f8c6c8f2-eb23-4ec4-8530-13dac68805ed","local_time":"20190712130410","is_ascension_mode":true,"campfire_choices":[{"data":"Crippling Poison","floor":7,"key":"SMITH"},{"data":"Noxious Fumes","floor":15,"key":"SMITH"}],"neow_cost":"NONE","seed_source_timestamp":69293539493599,"circlet_count":0,"master_deck":["Strike_G","Strike_G","Strike_G","Strike_G","Defend_G","Defend_G","Defend_G","Defend_G","Defend_G","Survivor","Neutralize","Crippling Poison+1","Dagger Spray","Crippling Poison+1","Prepared","Skewer","Deflect","Backflip","Blur","Backflip","Noxious Fumes+1"],"special_seed":0,"relics":["Ring of the Snake","Golden Idol","Smiling Mask","Snake Skull","Singing Bowl","Odd Mushroom"],"potions_floor_usage":[8,12],"damage_taken":[{"damage":4,"enemies":"Cultist","floor":1,"turns":5},{"damage":0,"enemies":"Small Slimes","floor":2,"turns":3},{"damage":0,"enemies":"2 Louse","floor":4,"turns":2},{"damage":39,"enemies":"Lagavulin","floor":6,"turns":9},{"damage":9,"enemies":"Blue Slaver","floor":8,"turns":4},{"damage":5,"enemies":"The Mushroom Lair","floor":12,"turns":3},{"damage":9,"enemies":"Exordium Thugs","floor":13,"turns":4},{"damage":32,"enemies":"Slime Boss","floor":16,"turns":8}],"seed_played":"6869489927953898094","potions_obtained":[{"floor":4,"key":"Regen Potion"},{"floor":8,"key":"Regen Potion"}],"is_trial":false,"path_per_floor":["M","M","?","M","?","E","R","M","T","$","T","?","M","$","R","B"],"character_chosen":"THE_SILENT","items_purchased":["Backflip","Noxious Fumes"],"campfire_rested":0,"item_purchase_floors":[10,14],"current_hp_per_floor":[59,59,59,59,59,20,20,23,23,23,23,30,21,21,21,0],"gold":94,"neow_bonus":"THREE_CARDS","is_prod":false,"is_daily":false,"chose_seed":false,"campfire_upgraded":2,"win_rate":0,"timestamp":1562929450,"path_taken":["M","M","?","M","?","E","R","?","T","?","?","?","M","$","R","BOSS"],"build_version":"2019-07-05","purchased_purges":1,"victory":false,"max_hp_per_floor":[70,70,65,65,65,65,65,65,65,65,65,65,65,65,65,65],"card_choices":[{"not_picked":["Underhanded Strike","Riddle With Holes"],"picked":"Crippling Poison","floor":0.0},{"not_picked":["Tactician","Choke"],"picked":"Dagger Spray","floor":1},{"not_picked":["Dodge and Roll","Bane"],"picked":"Crippling Poison","floor":2},{"not_picked":["Infinite Blades","Blade Dance"],"picked":"Prepared","floor":4},{"not_picked":["Sucker Punch","Slice"],"picked":"Skewer","floor":6},{"not_picked":["Poisoned Stab","Blade Dance"],"picked":"Deflect","floor":8},{"not_picked":["Outmaneuver","Bullet Time"],"picked":"Blur","floor":12},{"not_picked":["Concentrate","Sucker Punch"],"picked":"Backflip","floor":13}],"player_experience":221397,"relics_obtained":[{"floor":6,"key":"Smiling Mask"},{"floor":9,"key":"Snake Skull"},{"floor":11,"key":"Singing Bowl"},{"floor":12,"key":"Odd Mushroom"}],"event_choices":[{"damage_healed":0,"gold_gain":0,"player_choice":"Lose Max HP","damage_taken":0,"relics_obtained":["Golden Idol"],"max_hp_gain":0,"max_hp_loss":5,"event_name":"Golden Idol","floor":3,"gold_loss":0},{"damage_healed":0,"gold_gain":0,"player_choice":"Forge","damage_taken":0,"max_hp_gain":0,"max_hp_loss":0,"event_name":"Accursed Blacksmith","floor":5,"gold_loss":0,"cards_upgraded":["Crippling Poison"]},{"damage_healed":0,"gold_gain":0,"player_choice":"Fought Mushrooms","damage_taken":0,"max_hp_gain":0,"max_hp_loss":0,"event_name":"Mushrooms","floor":12,"gold_loss":0}],"is_beta":false,"boss_relics":[],"items_purged_floors":[10],"is_endless":false,"potions_floor_spawned":[4,8],"killed_by":"Slime Boss","ascension_level":9}