{"gold_per_floor":[14,30,30,5,25,25,356,372,444,464,464,494,494,508,508,610,660,625,625,247,247],"floor_reached":21,"playtime":698,"items_purged":["Strike_R"],"score":217,"play_id":"fa1fa55c-aff2-4c80-932b-cfc041d1cf67","local_time":"20190119231518","is_ascension_mode":true,"campfire_choices":[{"data":"Clothesline","floor":6.0,"key":"SMITH"},{"floor":11.0,"key":"REST"},{"floor":15.0,"key":"REST"}],"neow_cost":"NO_GOLD","seed_source_timestamp":216601554677988,"circlet_count":0,"master_deck":["Strike_R","Strike_R","Strike_R","Defend_R+1","Defend_R","Defend_R","Defend_R","Bash","Limit Break+1","Shrug It Off","Clothesline+1","Inflame","Armaments","Juggernaut","Shrug It Off","Heavy Blade+1"],"special_seed":0,"relics":["Burning Blood","Old Coin","Bottled Tornado","Pen Nib","Tiny House","Anchor","Happy Flower"],"potions_floor_usage":[16],"damage_taken":[{"damage":0.0,"enemies":"2 Louse","floor":1.0,"turns":3.0},{"damage":0.0,"enemies":"Small Slimes","floor":2.0,"turns":3.0},{"damage":2.0,"enemies":"Cultist","floor":5.0,"turns":4.0},{"damage":45.0,"enemies":"3 Sentries","floor":7.0,"turns":9.0},{"damage":1.0,"enemies":"Looter","floor":8.0,"turns":4.0},{"damage":15.0,"enemies":"3 Louse","floor":10.0,"turns":5.0},{"damage":29.0,"enemies":"Gremlin Nob","floor":12.0,"turns":5.0},{"damage":25.0,"enemies":"Exordium Wildlife","floor":14.0,"turns":6.0},{"damage":37,"enemies":"Hexaghost","floor":16,"turns":8},{"damage":41,"enemies":"2 Thieves","floor":18,"turns":5},{"damage":35,"enemies":"Colosseum Slavers","floor":19,"turns":7},{"damage":29,"enemies":"3 Byrds","floor":21,"turns":4}],"seed_played":"8246523458921330781","potions_obtained":[{"floor":1.0,"key":"SpeedPotion"},{"floor":2.0,"key":"Energy Potion"},{"floor":8.0,"key":"Poison Potion"},{"floor":10.0,"key":"SneckoOil"},{"floor":14.0,"key":"Strength Potion"},{"floor":17,"key":"SneckoOil"}],"is_trial":false,"path_per_floor":["M","M","?","$","M","R","E","M","T","M","R","E","?","M","R","B",null,"M","?","$","M"],"character_chosen":"IRONCLAD","items_purchased":["Clothesline","Anchor","Happy Flower"],"campfire_rested":2,"item_purchase_floors":[4,20,20],"current_hp_per_floor":[80,80,80,80,80,80,41,46,46,37,61,38,38,19,43,12,85,50,21,21,0],"gold":247,"neow_bonus":"THREE_RARE_CARDS","is_prod":false,"is_daily":false,"chose_seed":false,"campfire_upgraded":1,"win_rate":0,"timestamp":1547957718,"path_taken":["M","M","?","$","M","R","E","M","T","M","R","E","?","?","R","BOSS","M","?","$","M"],"build_version":"2019-01-17v2","purchased_purges":1,"victory":false,"max_hp_per_floor":[80,80,80,80,80,80,80,80,80,80,80,80,80,80,80,80,85,85,85,85,85],"card_choices":[{"not_picked":["Double Tap","Feed"],"picked":"Limit Break","floor":0.0},{"not_picked":["Sever Soul","True Grit"],"picked":"Shrug It Off","floor":1.0},{"not_picked":["Wild Strike","Sword Boomerang","Body Slam"],"picked":"SKIP","floor":2.0},{"not_picked":["Evolve","Thunderclap","Pummel"],"picked":"SKIP","floor":5.0},{"not_picked":["Whirlwind","Perfected Strike","Anger"],"picked":"SKIP","floor":7.0},{"not_picked":["Shockwave","Power Through"],"picked":"Inflame","floor":8.0},{"not_picked":["Intimidate","Pummel","Offering"],"picked":"SKIP","floor":10.0},{"not_picked":["Iron Wave","Havoc"],"picked":"Armaments","floor":12.0},{"not_picked":["Thunderclap","Hemokinesis","Armaments"],"picked":"SKIP","floor":14.0},{"not_picked":["True Grit","Burning Pact"],"picked":"Shrug It Off","floor":17},{"not_picked":["Second Wind+1","Headbutt"],"picked":"Heavy Blade+1","floor":18}],"player_experience":94551,"relics_obtained":[{"floor":7.0,"key":"Old Coin"},{"floor":9.0,"key":"Bottled Tornado"},{"floor":12.0,"key":"Pen Nib"}],"event_choices":[{"damage_healed":0.0,"max_hp_gain":0.0,"max_hp_loss":0.0,"gold_gain":0.0,"event_name":"Living Wall","player_choice":"Grow","floor":3.0,"gold_loss":0.0,"damage_taken":0.0,"cards_upgraded":["Limit Break"]},{"damage_healed":0.0,"max_hp_gain":0.0,"max_hp_loss":0.0,"gold_gain":0.0,"cards_transformed":["Strike_R"],"event_name":"Transmorgrifier","player_choice":"Transformed","floor":13.0,"gold_loss":0.0,"damage_taken":0.0,"cards_obtained":["Juggernaut"]},{"damage_healed":0,"gold_gain":0,"player_choice":"Fight","damage_taken":0,"max_hp_gain":0,"max_hp_loss":0,"event_name":"Colosseum","floor":19,"gold_loss":0},{"damage_healed":0,"gold_gain":0,"player_choice":"Fled From Nobs","damage_taken":0,"max_hp_gain":0,"max_hp_loss":0,"event_name":"Colosseum","floor":19,"gold_loss":0}],"is_beta":false,"boss_relics":[{"not_picked":["Runic Cube","Mark of Pain"],"picked":"Tiny House"}],"items_purged_floors":[20],"is_endless":false,"potions_floor_spawned":[1,2,8,10,14,19],"killed_by":"3 Byrds","ascension_level":3}