{"gold_per_floor":[114,114,39,1,1,1,36,1,26,41,54,54,54,77,77,200,200,223,223,267,10,26,26,26,26,101,117,117,142,157,173,173,173],"floor_reached":33,"playtime":993,"items_purged":["Strike_R"],"score":282,"play_id":"341bd5a4-72a5-4fd3-9f28-a682b09099e4","local_time":"20190119161117","is_ascension_mode":true,"campfire_choices":[{"data":"Uppercut","floor":6.0,"key":"SMITH"},{"data":"Flame Barrier","floor":15.0,"key":"SMITH"},{"data":"Twin Strike","floor":23.0,"key":"SMITH"},{"data":"Inflame","floor":28.0,"key":"SMITH"},{"floor":32,"key":"REST"}],"neow_cost":"PERCENT_DAMAGE","seed_source_timestamp":190863501758719,"circlet_count":0,"master_deck":["Strike_R","Strike_R","Strike_R","Defend_R","Defend_R","Bash","Twin Strike+1","Uppercut+1","Berserk","Shrug It Off","Flame Barrier+1","Berserk","Dropkick+1","Iron Wave","Shrug It Off","Dropkick+1","Inflame+1","Flex+1","Spot Weakness+1"],"special_seed":0,"relics":["Burning Blood","Golden Idol","Prayer Wheel","Happy Flower","Empty Cage","Red Mask","Lee\u0027s Waffle","Toxic Egg 2"],"potions_floor_usage":[],"damage_taken":[{"damage":6.0,"enemies":"Small Slimes","floor":1.0,"turns":4.0},{"damage":39.0,"enemies":"Gremlin Nob","floor":7.0,"turns":5.0},{"damage":6.0,"enemies":"Cultist","floor":10.0,"turns":3.0},{"damage":7.0,"enemies":"2 Louse","floor":11.0,"turns":3.0},{"damage":7.0,"enemies":"Looter","floor":14.0,"turns":4.0},{"damage":40.0,"enemies":"Hexaghost","floor":16.0,"turns":9.0},{"damage":5.0,"enemies":"Chosen","floor":18.0,"turns":4.0},{"damage":71.0,"enemies":"Masked Bandits","floor":20.0,"turns":5.0},{"damage":8.0,"enemies":"Shell Parasite","floor":22.0,"turns":5.0},{"damage":16.0,"enemies":"Centurion and Healer","floor":27.0,"turns":6.0},{"damage":12.0,"enemies":"Snake Plant","floor":29.0,"turns":4.0},{"damage":19.0,"enemies":"Shelled Parasite and Fungi","floor":30.0,"turns":4.0},{"damage":32,"enemies":"3 Cultists","floor":31,"turns":5},{"damage":56,"enemies":"Champ","floor":33,"turns":8}],"seed_played":"-2423497674015960597","potions_obtained":[{"floor":10.0,"key":"GamblersBrew"},{"floor":14.0,"key":"LiquidBronze"},{"floor":20.0,"key":"Dexterity Potion"},{"floor":27.0,"key":"LiquidBronze"},{"floor":30.0,"key":"Strength Potion"}],"is_trial":false,"path_per_floor":["M","?","$","$","?","R","E","?","T","M","M","$","?","M","R","B",null,"M","?","?","$","M","R","$","?","T","M","R","M","M","M","R","B"],"character_chosen":"IRONCLAD","items_purchased":["Uppercut","Lee\u0027s Waffle","Shrug It Off"],"campfire_rested":1,"item_purchase_floors":[4,21,21],"current_hp_per_floor":[56,56,56,56,56,56,23,43,43,43,42,42,80,79,79,45,80,80,80,15,87,85,85,85,85,85,75,75,69,56,30,56,0],"gold":173,"neow_bonus":"REMOVE_TWO","is_prod":false,"is_daily":false,"chose_seed":false,"campfire_upgraded":4,"win_rate":0,"timestamp":1547932277,"path_taken":["M","?","?","$","?","R","E","?","T","M","M","?","?","M","R","BOSS","M","?","?","$","M","R","?","?","T","M","R","M","?","?","R","BOSS"],"build_version":"2019-01-17v2","purchased_purges":1,"victory":false,"max_hp_per_floor":[80,80,80,80,80,80,80,80,80,80,80,80,80,80,80,80,80,80,80,80,87,87,87,87,87,87,87,87,87,87,87,87,87],"card_choices":[{"not_picked":["Clash","Seeing Red"],"picked":"Twin Strike","floor":1.0},{"not_picked":["Sword Boomerang","Headbutt"],"picked":"Berserk","floor":7.0},{"not_picked":["Body Slam","Warcry","Entrench"],"picked":"SKIP","floor":10.0},{"not_picked":["Second Wind","Havoc","Battle Trance"],"picked":"SKIP","floor":10.0},{"not_picked":["Power Through","Rupture"],"picked":"Shrug It Off","floor":11.0},{"not_picked":["Metallicize","Clothesline","Havoc"],"picked":"SKIP","floor":11.0},{"not_picked":["True Grit","Thunderclap"],"picked":"Flame Barrier","floor":14.0},{"not_picked":["Anger","Bloodletting","Battle Trance"],"picked":"SKIP","floor":14.0},{"not_picked":["Reaper","Barricade"],"picked":"Berserk","floor":16.0},{"not_picked":["Uppercut","Combust"],"picked":"Dropkick+1","floor":18.0},{"not_picked":["Flame Barrier","Headbutt+1","Hemokinesis+1"],"picked":"SKIP","floor":18.0},{"not_picked":["Perfected Strike","Uppercut"],"picked":"Iron Wave","floor":20.0},{"not_picked":["Flex","Clash"],"picked":"Dropkick+1","floor":22.0},{"not_picked":["Body Slam","Exhume","Perfected Strike+1"],"picked":"SKIP","floor":22.0},{"not_picked":["Flame Barrier+1","Bloodletting+1"],"picked":"Flex+1","floor":27.0},{"not_picked":["Twin Strike","Cleave","Thunderclap"],"picked":"SKIP","floor":27.0},{"not_picked":["Anger+1","Perfected Strike","True Grit+1"],"picked":"SKIP","floor":29.0},{"not_picked":["Wild Strike","Heavy Blade","Clothesline+1"],"picked":"SKIP","floor":29.0},{"not_picked":["Pommel Strike+1","Warcry+1"],"picked":"Spot Weakness+1","floor":30.0},{"not_picked":["Ghostly Armor+1","Thunderclap+1","Iron Wave"],"picked":"SKIP","floor":30.0},{"not_picked":["Exhume+1","Shrug It Off+1","Flex+1"],"picked":"SKIP","floor":31},{"not_picked":["Evolve","Wild Strike","Seeing Red+1"],"picked":"SKIP","floor":31}],"player_experience":90510,"relics_obtained":[{"floor":7.0,"key":"Prayer Wheel"},{"floor":9.0,"key":"Happy Flower"},{"floor":20.0,"key":"Red Mask"},{"floor":26.0,"key":"Toxic Egg 2"}],"event_choices":[{"damage_healed":0.0,"max_hp_gain":0.0,"max_hp_loss":0.0,"gold_gain":0.0,"event_name":"The Woman in Blue","player_choice":"Bought 0 Potions","floor":2.0,"gold_loss":0.0,"damage_taken":0.0},{"damage_healed":0.0,"max_hp_gain":0.0,"max_hp_loss":0.0,"gold_gain":0.0,"event_name":"Golden Idol","player_choice":"Take Wound","floor":5.0,"gold_loss":0.0,"damage_taken":0.0,"relics_obtained":["Golden Idol"],"cards_obtained":["Injury"]},{"damage_healed":20.0,"max_hp_gain":0.0,"max_hp_loss":0.0,"gold_gain":0.0,"event_name":"The Cleric","player_choice":"Healed","floor":8.0,"gold_loss":35.0,"damage_taken":0.0},{"damage_healed":38.0,"max_hp_gain":0.0,"max_hp_loss":0.0,"gold_gain":0.0,"event_name":"Wheel of Change","player_choice":"Full Heal","floor":13.0,"gold_loss":0.0,"damage_taken":0.0},{"damage_healed":0.0,"max_hp_gain":0.0,"max_hp_loss":0.0,"gold_gain":0.0,"event_name":"Ghosts","player_choice":"Ignored","floor":19.0,"gold_loss":0.0,"damage_taken":0.0},{"damage_healed":0.0,"max_hp_gain":0.0,"max_hp_loss":0.0,"gold_gain":0.0,"event_name":"Masked Bandits","player_choice":"Fought Bandits","floor":20.0,"gold_loss":0.0,"damage_taken":0.0},{"damage_healed":0.0,"max_hp_gain":0.0,"max_hp_loss":0.0,"gold_gain":0.0,"event_name":"The Library","player_choice":"Read","floor":25.0,"gold_loss":0.0,"damage_taken":0.0,"cards_obtained":["Inflame"]}],"is_beta":false,"boss_relics":[{"not_picked":["Velvet Choker","Sozu"],"picked":"Empty Cage"}],"items_purged_floors":[3],"is_endless":false,"potions_floor_spawned":[10,14,20,27,30],"killed_by":"Champ","ascension_level":3}