{"gold_per_floor":[110,124,134,150,161,161,189,189,189,201,234,234,234,253,253,342,342,367,367,72,72,97,128,128,169,169,212,243,261,31,74,74,169,169,187,520,520,535,8,8,39,58,58,58,58,84,116,116,116,116,116,116,116,38,65,65],"floor_reached":57,"playtime":6792,"items_purged":[],"score":3192,"play_id":"de3394dc-dbd5-41a1-ab64-682d1c0288ff","local_time":"20190712130404","is_ascension_mode":true,"campfire_choices":[{"floor":8.0,"key":"REST"},{"floor":12.0,"key":"REST"},{"data":"Footwork","floor":15.0,"key":"SMITH"},{"floor":24.0,"key":"REST"},{"data":"After Image","floor":32.0,"key":"SMITH"},{"data":"Apotheosis","floor":40.0,"key":"SMITH"},{"floor":45.0,"key":"RECALL"},{"floor":49.0,"key":"REST"},{"floor":53.0,"key":"REST"}],"neow_cost":"NONE","seed_source_timestamp":0,"circlet_count":0,"master_deck":["AscendersBane","Strike_G","Strike_G","Strike_G","Strike_G","Defend_G+1","Defend_G+1","Defend_G","Defend_G","Defend_G","Survivor","Neutralize","Finisher","Quick Slash","Endless Agony","Infinite Blades","Footwork+1","Backflip","Terror","Infinite Blades","After Image+1","Endless Agony","RitualDagger","Leg Sweep","Cloak And Dagger","Cloak And Dagger","Doubt","Acrobatics+1","Escape Plan","Dodge and Roll","Dark Shackles","Dodge and Roll","Malaise","Apotheosis+1","Calculated Gamble","Dodge and Roll","Decay","Apotheosis","Secret Weapon","Noxious Fumes+1","Well Laid Plans"],"special_seed":0,"relics":["Ring of the Snake","War Paint","Boot","WingedGreaves","Mercury Hourglass","Ornamental Fan","Cursed Key","Potion Belt","Bag of Preparation","Singing Bowl","Shuriken","Anchor","Ancient Tea Set","FossilizedHelix","WristBlade","Tough Bandages","Dead Branch","Ice Cream","Lantern","Ginger"],"potions_floor_usage":[56,56,56,56,56],"damage_taken":[{"damage":0.0,"enemies":"Cultist","floor":1.0,"turns":4.0},{"damage":0.0,"enemies":"2 Louse","floor":2.0,"turns":2.0},{"damage":0.0,"enemies":"Jaw Worm","floor":3.0,"turns":5.0},{"damage":4.0,"enemies":"Exordium Wildlife","floor":4.0,"turns":3.0},{"damage":5.0,"enemies":"Blue Slaver","floor":5.0,"turns":4.0},{"damage":30.0,"enemies":"Gremlin Nob","floor":7.0,"turns":4.0},{"damage":4.0,"enemies":"Red Slaver","floor":10.0,"turns":4.0},{"damage":12.0,"enemies":"3 Sentries","floor":11.0,"turns":7.0},{"damage":0.0,"enemies":"2 Fungi Beasts","floor":14.0,"turns":2.0},{"damage":16.0,"enemies":"Slime Boss","floor":16.0,"turns":7.0},{"damage":12.0,"enemies":"2 Thieves","floor":18.0,"turns":4.0},{"damage":0.0,"enemies":"Shell Parasite","floor":22.0,"turns":6.0},{"damage":26.0,"enemies":"Slavers","floor":23.0,"turns":6.0},{"damage":2.0,"enemies":"Book of Stabbing","floor":25.0,"turns":4.0},{"damage":8.0,"enemies":"Slavers","floor":27.0,"turns":6.0},{"damage":4.0,"enemies":"Gremlin Leader","floor":28.0,"turns":7.0},{"damage":0.0,"enemies":"3 Cultists","floor":29.0,"turns":4.0},{"damage":3.0,"enemies":"Book of Stabbing","floor":31.0,"turns":4.0},{"damage":0.0,"enemies":"Champ","floor":33.0,"turns":13.0},{"damage":0.0,"enemies":"3 Darklings","floor":35.0,"turns":5.0},{"damage":0.0,"enemies":"3 Shapes","floor":38.0,"turns":11.0},{"damage":0.0,"enemies":"Giant Head","floor":41.0,"turns":6.0},{"damage":0.0,"enemies":"Jaw Worm Horde","floor":42.0,"turns":4.0},{"damage":0.0,"enemies":"Nemesis","floor":46.0,"turns":6.0},{"damage":0.0,"enemies":"Giant Head","floor":47.0,"turns":5.0},{"damage":24.0,"enemies":"Awakened One","floor":50.0,"turns":8.0},{"damage":0.0,"enemies":"Donu and Deca","floor":51.0,"turns":8.0},{"damage":10.0,"enemies":"Shield and Spear","floor":55.0,"turns":6.0},{"damage":9,"enemies":"The Heart","floor":56,"turns":8}],"seed_played":"908556972219053","potions_obtained":[{"floor":1.0,"key":"Strength Potion"},{"floor":2.0,"key":"Poison Potion"},{"floor":4.0,"key":"EssenceOfSteel"},{"floor":14.0,"key":"GamblersBrew"},{"floor":16.0,"key":"Strength Potion"},{"floor":23.0,"key":"FearPotion"},{"floor":25.0,"key":"Regen Potion"},{"floor":27.0,"key":"Block Potion"},{"floor":31.0,"key":"SkillPotion"},{"floor":33.0,"key":"SneckoOil"},{"floor":35.0,"key":"Regen Potion"},{"floor":42.0,"key":"Ancient Potion"}],"is_trial":false,"path_per_floor":["M","M","M","M","M","?","E","R","T","M","E","R","?","M","R","B",null,"M","?","$","?","M","E","R","E","T","E","E","M","$","E","R","B",null,"M","?","?","M","$","R","E","M","T","?","R","E","E","?","R","B","B",null,"R","$","E","B",null],"character_chosen":"THE_SILENT","items_purchased":["Leg Sweep","Potion Belt","Dexterity Potion","Dodge and Roll","EntropicBrew","Dark Shackles","Apotheosis","Tough Bandages","Well Laid Plans"],"campfire_rested":5,"item_purchase_floors":[20,20,20,30,30,30,39,39,54],"current_hp_per_floor":[59,59,59,55,50,50,20,39,39,35,23,42,42,42,42,26,52,40,34,34,34,34,8,26,24,24,31,27,29,29,26,26,26,53,55,55,55,57,57,57,57,57,57,49,49,49,51,51,70,46,46,64,70,70,72,63],"gold":65,"neow_bonus":"RANDOM_COMMON_RELIC","is_prod":false,"is_daily":false,"chose_seed":false,"campfire_upgraded":3,"win_rate":0,"timestamp":1562951044,"path_taken":["M","?","M","M","M","?","E","R","T","?","E","R","?","M","R","BOSS","M","?","$","?","M","E","R","E","T","E","E","M","?","E","R","BOSS","M","?","?","?","$","R","E","M","T","?","R","E","E","?","R","BOSS","BOSS","R","$","E","BOSS"],"build_version":"2019-07-10","purchased_purges":0,"victory":true,"max_hp_per_floor":[66,66,66,66,66,66,66,66,66,66,66,66,60,60,60,60,60,60,60,60,60,60,60,60,60,60,60,60,62,62,62,62,62,62,64,64,64,66,66,66,66,66,66,68,68,68,70,70,70,70,70,70,70,70,72,72],"card_choices":[{"not_picked":["Flechettes","Deflect"],"picked":"Finisher","floor":1.0},{"not_picked":["Eviscerate","Blade Dance"],"picked":"Quick Slash","floor":2.0},{"not_picked":["Dagger Throw","Prepared"],"picked":"Endless Agony","floor":3.0},{"not_picked":["Escape Plan","Blade Dance"],"picked":"Infinite Blades","floor":4.0},{"not_picked":["Reflex","Blade Dance"],"picked":"Footwork","floor":5.0},{"not_picked":["Bane","Caltrops","Outmaneuver"],"picked":"SKIP","floor":7.0},{"not_picked":["All Out Attack","Prepared"],"picked":"Backflip","floor":10.0},{"not_picked":["Poisoned Stab","Distraction"],"picked":"Terror","floor":11.0},{"not_picked":["Crippling Poison","Underhanded Strike"],"picked":"Infinite Blades","floor":14.0},{"not_picked":["Venomology","A Thousand Cuts"],"picked":"After Image","floor":16.0},{"not_picked":["Eviscerate","Poisoned Stab+1"],"picked":"Endless Agony","floor":18.0},{"not_picked":["Underhanded Strike+1","Prepared","Deflect"],"picked":"SKIP","floor":22.0},{"not_picked":["Crippling Poison","Distraction"],"picked":"Cloak And Dagger","floor":23.0},{"not_picked":["Backflip","Storm of Steel"],"picked":"Cloak And Dagger","floor":25.0},{"not_picked":["Distraction","Caltrops+1"],"picked":"Acrobatics+1","floor":27.0},{"not_picked":["Expertise","Reflex"],"picked":"Escape Plan","floor":28.0},{"not_picked":["Reflex","Riddle With Holes+1","PiercingWail"],"picked":"Singing Bowl","floor":29.0},{"not_picked":["Poisoned Stab+1","Sucker Punch"],"picked":"Dodge and Roll","floor":31.0},{"not_picked":["A Thousand Cuts","Bullet Time"],"picked":"Malaise","floor":33.0},{"not_picked":["Eviscerate","Riddle With Holes","Bane"],"picked":"Singing Bowl","floor":35.0},{"not_picked":["Endless Agony+1","Flying Knee","Underhanded Strike+1"],"picked":"Singing Bowl","floor":38.0},{"not_picked":["Dagger Spray","Bouncing Flask"],"picked":"Calculated Gamble","floor":41.0},{"not_picked":["Choke+1","Flying Knee"],"picked":"Dodge and Roll","floor":42.0},{"not_picked":["Secret Weapon","Forethought"],"picked":"Apotheosis","floor":44.0},{"not_picked":["Dramatic Entrance","Bandage Up"],"picked":"Secret Weapon","floor":44.0},{"not_picked":["Purity","The Bomb","Deep Breath"],"picked":"Singing Bowl","floor":44.0},{"not_picked":["Poisoned Stab","Phantasmal Killer"],"picked":"Noxious Fumes+1","floor":46.0},{"not_picked":["Prepared","Envenom","Expertise"],"picked":"Singing Bowl","floor":47.0},{"not_picked":["Distraction","Outmaneuver","Sucker Punch"],"picked":"Singing Bowl","floor":55.0}],"player_experience":3205011,"relics_obtained":[{"floor":7.0,"key":"WingedGreaves"},{"floor":9.0,"key":"Mercury Hourglass"},{"floor":11.0,"key":"Ornamental Fan"},{"floor":23.0,"key":"Bag of Preparation"},{"floor":25.0,"key":"Singing Bowl"},{"floor":26.0,"key":"Shuriken"},{"floor":27.0,"key":"Anchor"},{"floor":28.0,"key":"Ancient Tea Set"},{"floor":31.0,"key":"FossilizedHelix"},{"floor":41.0,"key":"Dead Branch"},{"floor":46.0,"key":"Ice Cream"},{"floor":47.0,"key":"Lantern"},{"floor":55.0,"key":"Ginger"}],"event_choices":[{"damage_healed":0.0,"max_hp_gain":0.0,"max_hp_loss":0.0,"gold_gain":0.0,"event_name":"WeMeetAgain","player_choice":"Gave Potion","floor":6.0,"gold_loss":0.0,"damage_taken":0.0,"relics_obtained":["Boot"]},{"damage_healed":0.0,"max_hp_gain":0.0,"max_hp_loss":6.0,"gold_gain":0.0,"event_name":"Golden Idol","player_choice":"Lose Max HP","floor":13.0,"gold_loss":0.0,"damage_taken":0.0,"relics_obtained":["Golden Idol"]},{"damage_healed":0.0,"max_hp_gain":0.0,"max_hp_loss":0.0,"gold_gain":0.0,"event_name":"Nest","player_choice":"Joined the Cult","floor":19.0,"gold_loss":0.0,"damage_taken":6.0,"cards_obtained":["RitualDagger"]},{"damage_healed":0.0,"max_hp_gain":0.0,"max_hp_loss":0.0,"gold_gain":0.0,"event_name":"Cursed Tome","player_choice":"Ignored","floor":21.0,"gold_loss":0.0,"damage_taken":0.0},{"damage_healed":0.0,"max_hp_gain":0.0,"max_hp_loss":0.0,"gold_gain":333.0,"event_name":"The Moai Head","player_choice":"Gave Idol","floor":36.0,"relics_lost":["Golden Idol"],"gold_loss":0.0,"damage_taken":0.0},{"damage_healed":0.0,"max_hp_gain":0.0,"max_hp_loss":0.0,"gold_gain":0.0,"event_name":"Lab","player_choice":"Got Potions","floor":37.0,"gold_loss":0.0,"damage_taken":0.0},{"damage_healed":0.0,"max_hp_gain":0.0,"max_hp_loss":0.0,"gold_gain":0.0,"event_name":"SensoryStone","player_choice":"Memory 3","floor":44.0,"gold_loss":0.0,"damage_taken":10.0},{"cards_removed":["Strike_G"],"damage_healed":0.0,"max_hp_gain":0.0,"max_hp_loss":0.0,"gold_gain":0.0,"event_name":"Falling","player_choice":"Removed Attack","floor":48.0,"gold_loss":0.0,"damage_taken":0.0}],"is_beta":true,"boss_relics":[{"not_picked":["Eternal Feather","Snecko Eye"],"picked":"Cursed Key"},{"not_picked":["Orrery","Velvet Choker"],"picked":"WristBlade"}],"items_purged_floors":[],"is_endless":false,"potions_floor_spawned":[1,2,4,14,16,23,25,27,31,33,35,42],"ascension_level":20}