{"gold_per_floor":[99,99,115,115,131,131,142,217,217,235,235,410,437,76,76,177,177,192,192,212,212,212,212,237,237,237,237],"floor_reached":27,"playtime":901,"items_purged":["Doubt"],"score":300,"play_id":"a9d3d1d6-8fc2-46e1-96df-e8557621cded","local_time":"20190123220419","is_ascension_mode":true,"campfire_choices":[{"data":"Consume","floor":6,"key":"SMITH"},{"data":"Dualcast","floor":11,"key":"SMITH"},{"floor":15,"key":"REST"},{"data":"Echo Form","floor":23,"key":"SMITH"},{"data":"Defragment","floor":25,"key":"SMITH"}],"neow_cost":"NONE","seed_source_timestamp":557841807265890,"circlet_count":0,"master_deck":["Defend_B","Defend_B+1","Defend_B","Defend_B","Zap+1","Dualcast+1","Coolheaded","Consume+1","Melter","Defragment+1","Capacitor","Echo Form","Bite","Bite","Bite","Bite","Bite","Echo Form+1","Leap+1"],"relics":["Cracked Core","Unceasing Top","Torii","Pear","Runic Pyramid","Question Card","Regal Pillow","Ancient Tea Set"],"potions_floor_usage":[10,27,27],"damage_taken":[{"damage":0,"enemies":"Small Slimes","floor":1,"turns":2},{"damage":7,"enemies":"Jaw Worm","floor":3,"turns":3},{"damage":0,"enemies":"Cultist","floor":5,"turns":4},{"damage":9,"enemies":"3 Louse","floor":7,"turns":2},{"damage":12,"enemies":"2 Fungi Beasts","floor":10,"turns":4},{"damage":17,"enemies":"Lagavulin","floor":13,"turns":6},{"damage":9,"enemies":"Slime Boss","floor":16,"turns":10},{"damage":0,"enemies":"Spheric Guardian","floor":18,"turns":1},{"damage":24,"enemies":"3 Byrds","floor":20,"turns":5},{"damage":30,"enemies":"Gremlin Leader","floor":24,"turns":9},{"damage":61,"enemies":"Slavers","floor":27,"turns":3}],"seed_played":"4802373429844053688","potions_obtained":[{"floor":3,"key":"Regen Potion"},{"floor":10,"key":"Energy Potion"},{"floor":16,"key":"SteroidPotion"},{"floor":18,"key":"FearPotion"},{"floor":24,"key":"Block Potion"}],"is_trial":false,"path_per_floor":["M","?","M","?","M","R","M","?","T","M","R","?","E","$","R","B",null,"M","?","M","?","?","R","E","R","T","E"],"character_chosen":"DEFECT","items_purchased":["Pear","Capacitor"],"campfire_rested":1,"item_purchase_floors":[14,14],"current_hp_per_floor":[75,60,53,53,53,53,44,33,33,33,33,33,16,26,51,42,85,85,85,61,59,59,59,49,49,49,0],"gold":237,"neow_bonus":"UPGRADE_CARD","is_prod":false,"is_daily":false,"chose_seed":false,"campfire_upgraded":4,"win_rate":0,"timestamp":1548299059,"path_taken":["M","?","M","?","?","R","M","?","T","M","R","?","E","$","R","BOSS","M","?","?","?","?","R","E","R","T","E"],"build_version":"2019-01-23","purchased_purges":1,"victory":false,"max_hp_per_floor":[75,75,75,75,75,75,75,75,75,75,75,75,75,85,85,85,85,85,85,85,59,59,59,59,59,59,59],"card_choices":[{"not_picked":["Sweeping Beam","Leap"],"picked":"Coolheaded","floor":1},{"not_picked":["Rebound","Hologram"],"picked":"Consume","floor":3},{"not_picked":["Coolheaded","Sweeping Beam","Stack"],"picked":"SKIP","floor":5},{"not_picked":["Steam","Sunder"],"picked":"Melter","floor":7},{"not_picked":["Coolheaded","Amplify","Steam"],"picked":"SKIP","floor":10},{"not_picked":["Steam Power","Buffer"],"picked":"Defragment","floor":13},{"not_picked":["Core Surge","Rainbow"],"picked":"Echo Form","floor":16},{"not_picked":["Gash","Undo","Sweeping Beam"],"picked":"SKIP","floor":18},{"not_picked":["Heatsinks","Hologram+1","Defragment+1","Storm"],"picked":"SKIP","floor":20},{"not_picked":["Sunder","Scrape","Rebound+1"],"picked":"Leap+1","floor":24}],"player_experience":106540,"relics_obtained":[{"floor":9,"key":"Unceasing Top"},{"floor":13,"key":"Torii"},{"floor":24,"key":"Regal Pillow"},{"floor":26,"key":"Ancient Tea Set"}],"event_choices":[{"damage_healed":0,"gold_gain":0,"player_choice":"Entered Light","damage_taken":15,"max_hp_gain":0,"max_hp_loss":0,"event_name":"Shining Light","floor":2,"gold_loss":0,"cards_upgraded":["Defend_B","Strike_B"]},{"cards_removed":["Strike_B"],"damage_healed":0,"gold_gain":0,"player_choice":"Purged","damage_taken":0,"max_hp_gain":0,"max_hp_loss":0,"event_name":"Purifier","floor":4,"gold_loss":0},{"damage_healed":0,"gold_gain":75,"player_choice":"Gather Gold","damage_taken":11,"max_hp_gain":0,"max_hp_loss":0,"event_name":"World of Goop","floor":8,"gold_loss":0},{"damage_healed":0,"gold_gain":175,"player_choice":"AGREE","damage_taken":0,"max_hp_gain":0,"max_hp_loss":0,"event_name":"Liars Game","floor":12,"gold_loss":0,"cards_obtained":["Doubt"]},{"damage_healed":0,"gold_gain":0,"player_choice":"Gave Potion","damage_taken":0,"relics_obtained":["Question Card"],"max_hp_gain":0,"max_hp_loss":0,"event_name":"WeMeetAgain","floor":19,"gold_loss":0},{"damage_healed":0,"gold_gain":0,"player_choice":"Became a vampire","damage_taken":0,"max_hp_gain":0,"max_hp_loss":26,"event_name":"Vampires","floor":21,"gold_loss":0,"cards_obtained":["Bite","Bite","Bite","Bite","Bite"]},{"damage_healed":0,"gold_gain":0,"player_choice":"Copied","damage_taken":0,"max_hp_gain":0,"max_hp_loss":0,"event_name":"Duplicator","floor":22,"gold_loss":0,"cards_obtained":["Echo Form"]}],"is_beta":false,"boss_relics":[{"not_picked":["White Beast Statue","Tiny House"],"picked":"Runic Pyramid"}],"items_purged_floors":[14],"is_endless":false,"potions_floor_spawned":[3,10,16,18,24],"killed_by":"Slavers","ascension_level":4}