{"gold_per_floor":[114,129,144,159,174,174,24,39,64,79,109,109,124,124,124,224,224,239,254,269,284,299,299,314,329,329,329,329,344,359,17,17,117,117,132,0,15,15,15,15,30,45,95,110,73,103,115,142,154,166],"floor_reached":50,"playtime":2759,"items_purged":["Decay"],"score":536,"play_id":"4c51b72a-4207-47b6-91a0-5a1926b684b6","local_time":"20190422041450","daily_mods":["Draft","Green Cards","DeadlyEvents"],"is_ascension_mode":false,"campfire_choices":[{"data":"Poisoned Stab","floor":6,"key":"SMITH"},{"data":"Whirlwind","floor":12,"key":"SMITH"},{"data":"Exhume","floor":15,"key":"SMITH"},{"data":"Envenom","floor":23,"key":"SMITH"},{"floor":27,"key":"REST"},{"data":"Choke","floor":32,"key":"SMITH"},{"data":"Enlightenment","floor":40,"key":"SMITH"},{"floor":47,"key":"REST"},{"floor":49,"key":"REST"}],"neow_cost":"","seed_source_timestamp":0,"circlet_count":0,"master_deck":["Havoc","Deflect","Terror","Dodge and Roll","Outmaneuver","Cleave","Whirlwind+1","Poisoned Stab+1","Choke+1","Iron Wave","Power Through","Prepared","Twin Strike","Backstab","Backflip","Crippling Poison","Rampage","Catalyst","Cloak And Dagger","Cloak And Dagger","Flying Knee","Power Through","Backflip","Exhume+1","Envenom+1","Dagger Throw","Shrug It Off","Rampage","Entrench+1","Shrug It Off","Poisoned Stab+1","Headbutt","Shrug It Off+1","Magnetism","Iron Wave","Shrug It Off","Brutality","Quick Slash+1","Enlightenment+1","Blind","Spot Weakness+1","Wild Strike+1","Evolve","Cloak And Dagger+1","PiercingWail+1"],"special_seed":18007,"relics":["Burning Blood","Boot","Bag of Marbles","Bronze Scales","Runic Dome","Letter Opener","Black Star","Red Mask","Blood Vial","Blue Candle","MawBank"],"potions_floor_usage":[4,5,8,18,22,33,33,33,44,46,48,48],"damage_taken":[{"damage":0,"enemies":"Cultist","floor":1,"turns":2},{"damage":0,"enemies":"2 Louse","floor":2,"turns":1},{"damage":0,"enemies":"Small Slimes","floor":3,"turns":3},{"damage":9,"enemies":"Exordium Thugs","floor":4,"turns":3},{"damage":0,"enemies":"2 Fungi Beasts","floor":5,"turns":1},{"damage":0,"enemies":"3 Louse","floor":8,"turns":1},{"damage":0,"enemies":"Lots of Slimes","floor":10,"turns":2},{"damage":12,"enemies":"Lagavulin","floor":11,"turns":5},{"damage":0,"enemies":"Exordium Wildlife","floor":13,"turns":1},{"damage":7,"enemies":"Slime Boss","floor":16,"turns":6},{"damage":9,"enemies":"Spheric Guardian","floor":18,"turns":4},{"damage":4,"enemies":"Shell Parasite","floor":19,"turns":4},{"damage":18,"enemies":"Shelled Parasite and Fungi","floor":20,"turns":4},{"damage":9,"enemies":"Snake Plant","floor":21,"turns":3},{"damage":11,"enemies":"Snecko","floor":22,"turns":4},{"damage":27,"enemies":"Shelled Parasite and Fungi","floor":24,"turns":4},{"damage":12,"enemies":"Centurion and Healer","floor":25,"turns":6},{"damage":1,"enemies":"Cultist and Chosen","floor":29,"turns":4},{"damage":0,"enemies":"3 Cultists","floor":30,"turns":3},{"damage":40,"enemies":"Collector","floor":33,"turns":8},{"damage":9,"enemies":"3 Shapes","floor":35,"turns":3},{"damage":1,"enemies":"Orb Walker","floor":37,"turns":2},{"damage":3,"enemies":"Sphere and 2 Shapes","floor":41,"turns":4},{"damage":18,"enemies":"4 Shapes","floor":42,"turns":1},{"damage":2,"enemies":"Jaw Worm Horde","floor":44,"turns":4},{"damage":54,"enemies":"Nemesis","floor":46,"turns":8},{"damage":33,"enemies":"Transient","floor":48,"turns":5},{"damage":61,"enemies":"Time Eater","floor":50,"turns":5}],"seed_played":"5562409950653752880","potions_obtained":[{"floor":1,"key":"Explosive Potion"},{"floor":2,"key":"PowerPotion"},{"floor":5,"key":"SteroidPotion"},{"floor":10,"key":"SneckoOil"},{"floor":11,"key":"Ancient Potion"},{"floor":14,"key":"SteroidPotion"},{"floor":14,"key":"Block Potion"},{"floor":21,"key":"SpeedPotion"},{"floor":22,"key":"SkillPotion"},{"floor":24,"key":"Strength Potion"},{"floor":33,"key":"Swift Potion"},{"floor":35,"key":"Poison Potion"},{"floor":42,"key":"SpeedPotion"},{"floor":46,"key":"Swift Potion"}],"is_trial":false,"path_per_floor":["M","M","M","M","M","R","$","M","T","M","E","R","M","?","R","B",null,"M","M","M","M","M","R","M","M","T","R","?","M","M","$","R","B",null,"M","?","M","$","?","R","M","M","T","M","$","E","R","M","R","B"],"character_chosen":"IRONCLAD","items_purchased":["Boot","Magnetism","Iron Wave","Shrug It Off","Evolve"],"campfire_rested":3,"item_purchase_floors":[7,31,31,31,45],"current_hp_per_floor":[80,80,80,77,80,80,80,80,80,80,74,74,80,80,80,79,80,77,79,67,64,59,59,38,32,32,56,56,61,67,67,67,33,80,77,77,80,80,75,75,78,66,66,72,72,26,50,25,49,0],"gold":166,"neow_bonus":"","is_prod":false,"is_daily":true,"chose_seed":false,"campfire_upgraded":6,"win_rate":0,"timestamp":1555870490,"path_taken":["M","M","M","M","M","R","?","M","T","M","E","R","M","?","R","BOSS","M","M","M","M","?","R","M","M","T","R","?","M","M","$","R","BOSS","M","?","M","$","?","R","M","M","T","M","?","E","R","M","R","BOSS"],"build_version":"2019-01-23","purchased_purges":1,"victory":false,"max_hp_per_floor":[80,80,80,80,80,80,80,80,80,80,80,80,80,80,80,80,80,80,80,80,80,80,80,80,80,80,80,80,80,80,80,80,80,80,80,80,80,80,80,80,80,80,80,80,80,80,80,80,80,80],"card_choices":[{"not_picked":["Escape Plan","Bouncing Flask"],"picked":"Havoc","floor":0},{"not_picked":["Clash","Escape Plan"],"picked":"Deflect","floor":0},{"not_picked":["Deadly Poison","Blade Dance"],"picked":"Terror","floor":0},{"not_picked":["Quick Slash","Intimidate"],"picked":"Dodge and Roll","floor":0},{"not_picked":["Eviscerate","Bane"],"picked":"Outmaneuver","floor":0},{"not_picked":["Outmaneuver","Deflect"],"picked":"Cleave","floor":0},{"not_picked":["Clash","Dagger Spray"],"picked":"Whirlwind","floor":0},{"not_picked":["Sword Boomerang","Combust"],"picked":"Poisoned Stab","floor":0},{"not_picked":["Calculated Gamble","Deadly Poison"],"picked":"Choke","floor":0},{"not_picked":["Battle Trance","Warcry"],"picked":"Iron Wave","floor":0},{"not_picked":["Spot Weakness","Flex"],"picked":"Power Through","floor":0},{"not_picked":["Flying Knee","Slice"],"picked":"Prepared","floor":0},{"not_picked":["Finisher","Riddle With Holes"],"picked":"Twin Strike","floor":0},{"not_picked":["Burning Pact","Poisoned Stab"],"picked":"Backstab","floor":0},{"not_picked":["Dodge and Roll","Dagger Spray"],"picked":"Backflip","floor":0},{"not_picked":["Finisher","Entrench"],"picked":"Crippling Poison","floor":1},{"not_picked":["Rage","Deadly Poison"],"picked":"Rampage","floor":2},{"not_picked":["Sucker Punch","Cleave"],"picked":"Catalyst","floor":3},{"not_picked":["Rupture","Underhanded Strike"],"picked":"Cloak And Dagger","floor":4},{"not_picked":["Combust","Thunderclap"],"picked":"Cloak And Dagger","floor":5},{"not_picked":["Dagger Spray","Skewer"],"picked":"Flying Knee","floor":8},{"not_picked":["Predator","Acrobatics"],"picked":"Power Through","floor":10},{"not_picked":["Tactician","Clash"],"picked":"Backflip","floor":11},{"not_picked":["Second Wind","Deflect"],"picked":"Exhume","floor":13},{"not_picked":["Fiend Fire","Wraith Form v2"],"picked":"Envenom","floor":16},{"not_picked":["Slice+1","Sucker Punch","Dagger Spray"],"picked":"SKIP","floor":18},{"not_picked":["Bane","Slice"],"picked":"Dagger Throw","floor":19},{"not_picked":["Cleave+1","Heavy Blade+1"],"picked":"Shrug It Off","floor":20},{"not_picked":["Fire Breathing","Sword Boomerang"],"picked":"Rampage","floor":21},{"not_picked":["Cloak And Dagger","Flechettes"],"picked":"Entrench+1","floor":22},{"not_picked":["Wraith Form v2","Underhanded Strike"],"picked":"Shrug It Off","floor":24},{"not_picked":["Searing Blow","Acrobatics+1"],"picked":"Poisoned Stab+1","floor":25},{"not_picked":["Whirlwind+1","Feel No Pain"],"picked":"Headbutt","floor":29},{"not_picked":["Searing Blow","Dagger Throw"],"picked":"Shrug It Off+1","floor":30},{"not_picked":["Envenom","Impervious"],"picked":"Brutality","floor":33},{"not_picked":["Hemokinesis+1","Entrench"],"picked":"Quick Slash+1","floor":35},{"not_picked":["Backstab","Clash+1","Searing Blow"],"picked":"SKIP","floor":37},{"not_picked":["Dark Shackles","Blind"],"picked":"Enlightenment","floor":39},{"not_picked":["Finesse","Chrysalis"],"picked":"Blind","floor":39},{"not_picked":["Backflip+1","Dodge and Roll"],"picked":"Spot Weakness+1","floor":41},{"not_picked":["Quick Slash","Blade Dance+1","Backflip"],"picked":"SKIP","floor":42},{"not_picked":["Terror+1","Acrobatics+1"],"picked":"Wild Strike+1","floor":44},{"not_picked":["Shockwave+1","Dagger Throw"],"picked":"Cloak And Dagger+1","floor":46},{"not_picked":["Heavy Blade+1","Underhanded Strike+1"],"picked":"PiercingWail+1","floor":48}],"player_experience":422020,"relics_obtained":[{"floor":9,"key":"Bag of Marbles"},{"floor":11,"key":"Bronze Scales"},{"floor":26,"key":"Letter Opener"},{"floor":43,"key":"Blood Vial"},{"floor":46,"key":"Blue Candle"},{"floor":46,"key":"MawBank"}],"event_choices":[{"damage_healed":0,"gold_gain":0,"player_choice":"Got Potions","damage_taken":0,"max_hp_gain":0,"max_hp_loss":0,"event_name":"Lab","floor":14,"gold_loss":0},{"damage_healed":0,"gold_gain":0,"player_choice":"Smashed Altar","damage_taken":0,"max_hp_gain":0,"max_hp_loss":0,"event_name":"Forgotten Altar","floor":28,"gold_loss":0,"cards_obtained":["Decay"]},{"damage_healed":0,"gold_gain":0,"player_choice":"Paid","damage_taken":0,"relics_obtained":["Red Mask"],"max_hp_gain":0,"max_hp_loss":0,"event_name":"Tomb of Lord Red Mask","floor":36,"gold_loss":132},{"damage_healed":0,"gold_gain":0,"player_choice":"Memory 2","damage_taken":5,"max_hp_gain":0,"max_hp_loss":0,"event_name":"SensoryStone","floor":39,"gold_loss":0}],"is_beta":false,"boss_relics":[{"not_picked":["Astrolabe","Snecko Eye"],"picked":"Runic Dome"},{"not_picked":["Lizard Tail","Calling Bell"],"picked":"Black Star"}],"items_purged_floors":[31],"is_endless":false,"potions_floor_spawned":[1,2,5,10,11,16,21,22,24,30,33,35,42,46],"killed_by":"Time Eater","ascension_level":0}