{"gold_per_floor":[114,125,145,13,13,47,47,75,147,322,20,41,41,57,57,57],"floor_reached":16,"playtime":472,"items_purged":["Doubt"],"score":124,"play_id":"bc983333-a69e-48e6-a5a8-fdc56232fd9f","local_time":"20190430145740","is_ascension_mode":true,"campfire_choices":[{"floor":7,"key":"REST"},{"floor":15,"key":"REST"}],"neow_cost":"NONE","seed_source_timestamp":25584039399226,"circlet_count":0,"master_deck":["Strike_B","Strike_B+1","Strike_B","Strike_B","Defend_B","Defend_B","Defend_B","Defend_B","Zap","Dualcast+1","Doom and Gloom","Hologram","Self Repair","BootSequence","Sweeping Beam","Consume","Amplify","Capacitor","Self Repair","Leap"],"relics":["Cracked Core","NeowsBlessing","Ginger","Ancient Tea Set","Bottled Lightning","Regal Pillow","Odd Mushroom","Golden Idol"],"potions_floor_usage":[14,16],"damage_taken":[{"damage":0,"enemies":"Jaw Worm","floor":1,"turns":1},{"damage":0,"enemies":"Small Slimes","floor":2,"turns":1},{"damage":0,"enemies":"Cultist","floor":3,"turns":1},{"damage":35,"enemies":"3 Sentries","floor":6,"turns":5},{"damage":41,"enemies":"Gremlin Nob","floor":8,"turns":4},{"damage":12,"enemies":"The Mushroom Lair","floor":12,"turns":4},{"damage":0,"enemies":"3 Louse","floor":14,"turns":2},{"damage":44,"enemies":"Hexaghost","floor":16,"turns":10}],"seed_played":"-5565912626866575140","potions_obtained":[{"floor":1,"key":"SmokeBomb"},{"floor":8,"key":"FocusPotion"},{"floor":12,"key":"Fire Potion"}],"is_trial":false,"path_per_floor":["M","M","M","$","?","E","R","E","T","?","$","?","?","M","R","B"],"character_chosen":"DEFECT","items_purchased":["BootSequence","Sweeping Beam","Capacitor","Regal Pillow"],"campfire_rested":2,"item_purchase_floors":[4,4,11,11],"current_hp_per_floor":[75,75,75,75,60,32,54,20,20,20,20,8,8,8,43,0],"gold":57,"neow_bonus":"THREE_ENEMY_KILL","is_prod":false,"is_daily":false,"chose_seed":false,"campfire_upgraded":0,"win_rate":0,"timestamp":1556600260,"path_taken":["M","M","M","$","?","E","R","E","T","?","$","?","?","M","R","BOSS"],"build_version":"2019-01-23","purchased_purges":1,"victory":false,"max_hp_per_floor":[75,75,75,75,75,75,75,75,75,75,75,75,69,69,69,69],"card_choices":[{"not_picked":["Chill","Gash"],"picked":"Doom and Gloom","floor":1},{"not_picked":["Stack","Chaos"],"picked":"Hologram","floor":2},{"not_picked":["Beam Cell","Rebound"],"picked":"Self Repair","floor":3},{"not_picked":["Conserve Battery","Sweeping Beam"],"picked":"Consume","floor":6},{"not_picked":["Conserve Battery","Go for the Eyes"],"picked":"Amplify","floor":8},{"not_picked":["Barrage","Leap"],"picked":"Self Repair","floor":12},{"not_picked":["Streamline","Compile Driver"],"picked":"Leap","floor":14}],"player_experience":528112,"relics_obtained":[{"floor":6,"key":"Ginger"},{"floor":8,"key":"Ancient Tea Set"},{"floor":9,"key":"Bottled Lightning"},{"floor":12,"key":"Odd Mushroom"}],"event_choices":[{"damage_healed":0,"gold_gain":0,"player_choice":"Entered Light","damage_taken":15,"max_hp_gain":0,"max_hp_loss":0,"event_name":"Shining Light","floor":5,"gold_loss":0,"cards_upgraded":["Strike_B","Dualcast"]},{"damage_healed":0,"gold_gain":175,"player_choice":"AGREE","damage_taken":0,"max_hp_gain":0,"max_hp_loss":0,"event_name":"Liars Game","floor":10,"gold_loss":0,"cards_obtained":["Doubt"]},{"damage_healed":0,"gold_gain":0,"player_choice":"Fought Mushrooms","damage_taken":0,"max_hp_gain":0,"max_hp_loss":0,"event_name":"Mushrooms","floor":12,"gold_loss":0},{"damage_healed":0,"gold_gain":0,"player_choice":"Lose Max HP","damage_taken":0,"relics_obtained":["Golden Idol"],"max_hp_gain":0,"max_hp_loss":6,"event_name":"Golden Idol","floor":13,"gold_loss":0}],"is_beta":false,"boss_relics":[],"items_purged_floors":[11],"is_endless":false,"potions_floor_spawned":[1,8,12],"killed_by":"Hexaghost","ascension_level":3}