{"gold_per_floor":[109,125,125,136,61,61,89,89,89,103,137,156,156,172,172,246,246,263,263,263,276,276,276,304,323,323,333,333,165,165,178,178,250,250,268,318,318,318,331,358,358,373,373,387,387,412,39,59,59,59],"floor_reached":51,"playtime":4060,"items_purged":["Pain","Doubt","Writhe"],"score":1271,"play_id":"4cad037a-7784-44dd-bf79-b524fea855e4","local_time":"20190706225034","is_ascension_mode":true,"campfire_choices":[{"data":"Hemokinesis","floor":6,"key":"SMITH"},{"data":"Disarm","floor":8,"key":"SMITH"},{"data":"Flame Barrier","floor":13,"key":"SMITH"},{"data":"Intimidate","floor":15,"key":"SMITH"},{"data":"RitualDagger","floor":23,"key":"SMITH"},{"floor":30,"key":"REST"},{"floor":32,"key":"REST"},{"floor":41,"key":"REST"},{"floor":45,"key":"REST"},{"data":"Uppercut","floor":49,"key":"SMITH"}],"neow_cost":"NONE","seed_source_timestamp":1932547975472973,"circlet_count":0,"master_deck":["AscendersBane","Strike_R","Strike_R","Defend_R","Defend_R","Defend_R","Defend_R","Bash","Disarm+1","Hemokinesis+1","Iron Wave","Headbutt","Flame Barrier+1","Intimidate+1","Feed","RitualDagger+1","Cleave","Uppercut+1","Flame Barrier+1","Battle Trance","Shrug It Off","Exhume","Shockwave","Offering","Iron Wave+1"],"relics":["Burning Blood","WarpedTongs","Sundial","Ancient Tea Set","Pear","Cursed Key","Enchiridion","Magic Flower","Letter Opener","Regal Pillow","Empty Cage","Bird Faced Urn","Matryoshka","Art of War","Molten Egg 2","Pen Nib","Lee\u0027s Waffle"],"potions_floor_usage":[7,11,18,21,33,36,40,44,50,50],"damage_taken":[{"damage":9,"enemies":"Jaw Worm","floor":1,"turns":5},{"damage":6,"enemies":"Cultist","floor":2,"turns":4},{"damage":4,"enemies":"2 Louse","floor":4,"turns":3},{"damage":18,"enemies":"3 Sentries","floor":7,"turns":8},{"damage":2,"enemies":"2 Fungi Beasts","floor":10,"turns":3},{"damage":21,"enemies":"Lagavulin","floor":11,"turns":6},{"damage":2,"enemies":"Gremlin Gang","floor":12,"turns":4},{"damage":0,"enemies":"Blue Slaver","floor":14,"turns":4},{"damage":24,"enemies":"Hexaghost","floor":16,"turns":9},{"damage":8,"enemies":"2 Thieves","floor":18,"turns":4},{"damage":4,"enemies":"Spheric Guardian","floor":21,"turns":3},{"damage":33,"enemies":"Book of Stabbing","floor":24,"turns":6},{"damage":26,"enemies":"Cultist and Chosen","floor":25,"turns":7},{"damage":3,"enemies":"Centurion and Healer","floor":27,"turns":10},{"damage":18,"enemies":"Snake Plant","floor":31,"turns":4},{"damage":21,"enemies":"Automaton","floor":33,"turns":12},{"damage":7,"enemies":"3 Darklings","floor":35,"turns":7},{"damage":47,"enemies":"2 Orb Walkers","floor":36,"turns":7},{"damage":8,"enemies":"Orb Walker","floor":39,"turns":3},{"damage":60,"enemies":"Giant Head","floor":40,"turns":9},{"damage":22,"enemies":"Maw","floor":42,"turns":8},{"damage":24,"enemies":"Transient","floor":44,"turns":5},{"damage":9,"enemies":"Nemesis","floor":46,"turns":9},{"damage":16,"enemies":"Sphere and 2 Shapes","floor":48,"turns":7},{"damage":39,"enemies":"Awakened One","floor":50,"turns":21}],"seed_played":"-3034597549348020479","potions_obtained":[{"floor":1,"key":"Energy Potion"},{"floor":2,"key":"Fire Potion"},{"floor":10,"key":"Poison Potion"},{"floor":16,"key":"Block Potion"},{"floor":25,"key":"Dexterity Potion"},{"floor":31,"key":"LiquidBronze"},{"floor":33,"key":"Strength Potion"},{"floor":42,"key":"Weak Potion"},{"floor":46,"key":"AttackPotion"},{"floor":48,"key":"GamblersBrew"}],"is_trial":false,"path_per_floor":["M","M","?","M","$","R","E","R","T","M","E","M","R","M","R","B",null,"M","?","?","M","?","R","E","M","T","M","?","$","R","M","R","B",null,"M","?","?","?","M","E","R","M","T","M","R","E","$","M","R","B",null],"character_chosen":"IRONCLAD","items_purchased":["Battle Trance","Dexterity Potion","Lee\u0027s Waffle"],"campfire_rested":4,"item_purchase_floors":[29,47,47],"current_hp_per_floor":[72,72,72,74,74,74,62,62,62,66,61,65,65,71,71,53,82,84,78,57,59,59,59,32,15,15,21,21,21,64,55,96,90,98,100,62,62,62,66,18,61,51,51,39,82,85,102,95,95,68],"gold":59,"neow_bonus":"TEN_PERCENT_HP_BONUS","is_prod":false,"is_daily":false,"chose_seed":false,"campfire_upgraded":6,"win_rate":0,"timestamp":1562421034,"path_taken":["M","M","?","?","$","R","E","R","T","M","E","M","R","M","R","BOSS","M","?","?","M","?","R","E","M","T","?","?","$","R","M","R","BOSS","M","?","?","?","M","E","R","M","T","M","R","E","$","M","R","BOSS"],"build_version":"2019-07-01","purchased_purges":3,"victory":true,"max_hp_per_floor":[82,82,82,82,82,82,82,82,82,82,92,92,92,92,92,92,92,96,96,96,96,96,96,96,96,96,96,96,96,96,96,96,100,100,100,100,95,95,95,95,95,95,95,95,95,95,102,102,102,102],"card_choices":[{"not_picked":["Inflame","Dual Wield"],"picked":"Disarm","floor":1},{"not_picked":["Havoc","Wild Strike","Flex"],"picked":"SKIP","floor":2},{"not_picked":["Blood for Blood","Dropkick"],"picked":"Hemokinesis","floor":4},{"not_picked":["Burning Pact","Thunderclap"],"picked":"Iron Wave","floor":7},{"not_picked":["Burning Pact","Flex","True Grit"],"picked":"SKIP","floor":10},{"not_picked":["Blood for Blood","Havoc"],"picked":"Headbutt","floor":11},{"not_picked":["Dropkick","Rage"],"picked":"Flame Barrier","floor":12},{"not_picked":["Headbutt","Seeing Red"],"picked":"Intimidate","floor":14},{"not_picked":["Brutality","Limit Break"],"picked":"Feed","floor":16},{"not_picked":["Perfected Strike","Wild Strike","Sword Boomerang"],"picked":"SKIP","floor":18},{"not_picked":["Infernal Blade","Headbutt","Havoc"],"picked":"SKIP","floor":21},{"not_picked":["Feel No Pain","Second Wind","Sword Boomerang"],"picked":"SKIP","floor":24},{"not_picked":["Clothesline","Intimidate"],"picked":"Uppercut","floor":25},{"not_picked":["Rupture","Clothesline"],"picked":"Flame Barrier+1","floor":27},{"not_picked":["Inflame","Havoc"],"picked":"Shrug It Off","floor":31},{"not_picked":["Immolate","Barricade"],"picked":"Exhume","floor":33},{"not_picked":["Pommel Strike","Cleave+1"],"picked":"Shockwave","floor":35},{"not_picked":["Pommel Strike","Rampage","Clothesline+1"],"picked":"SKIP","floor":39},{"not_picked":["Twin Strike+1","Intimidate","Heavy Blade"],"picked":"SKIP","floor":40},{"not_picked":["Whirlwind+1","Flex"],"picked":"Offering","floor":42},{"not_picked":["Wild Strike+1","Clothesline+1"],"picked":"Iron Wave+1","floor":44},{"not_picked":["Reckless Charge+1","Battle Trance","Metallicize"],"picked":"SKIP","floor":46},{"not_picked":["Havoc","Sword Boomerang+1","True Grit"],"picked":"SKIP","floor":48}],"player_experience":1092002,"relics_obtained":[{"floor":7,"key":"Sundial"},{"floor":9,"key":"Ancient Tea Set"},{"floor":11,"key":"Pear"},{"floor":20,"key":"Enchiridion"},{"floor":24,"key":"Magic Flower"},{"floor":26,"key":"Letter Opener"},{"floor":36,"key":"Bird Faced Urn"},{"floor":40,"key":"Matryoshka"},{"floor":43,"key":"Art of War"},{"floor":43,"key":"Molten Egg 2"},{"floor":46,"key":"Pen Nib"}],"event_choices":[{"damage_healed":0,"gold_gain":0,"player_choice":"Rummage","damage_taken":0,"relics_obtained":["WarpedTongs"],"max_hp_gain":0,"max_hp_loss":0,"event_name":"Accursed Blacksmith","floor":3,"gold_loss":0,"cards_obtained":["Pain"]},{"damage_healed":0,"gold_gain":0,"player_choice":"Joined the Cult","damage_taken":6,"max_hp_gain":0,"max_hp_loss":0,"event_name":"Nest","floor":19,"gold_loss":0,"cards_obtained":["RitualDagger"]},{"damage_healed":0,"gold_gain":0,"player_choice":"Obtained Book","damage_taken":21,"max_hp_gain":0,"max_hp_loss":0,"event_name":"Cursed Tome","floor":20,"gold_loss":0},{"damage_healed":0,"gold_gain":0,"cards_transformed":["Strike_R"],"player_choice":"Transformed","damage_taken":0,"max_hp_gain":0,"max_hp_loss":0,"event_name":"Transmorgrifier","floor":22,"gold_loss":0,"cards_obtained":["Cleave"]},{"damage_healed":0,"gold_gain":0,"player_choice":"Opened","damage_taken":0,"relics_obtained":["Regal Pillow"],"max_hp_gain":0,"max_hp_loss":0,"event_name":"The Mausoleum","floor":28,"gold_loss":0,"cards_obtained":["Writhe"]},{"damage_healed":0,"gold_gain":0,"player_choice":"Fight","damage_taken":0,"max_hp_gain":0,"max_hp_loss":0,"event_name":"Mysterious Sphere","floor":36,"gold_loss":0},{"damage_healed":0,"gold_gain":0,"player_choice":"Max HP","damage_taken":0,"max_hp_gain":0,"max_hp_loss":5,"event_name":"Winding Halls","floor":37,"gold_loss":0},{"cards_removed":["Strike_R"],"damage_healed":0,"gold_gain":0,"player_choice":"Purged","damage_taken":0,"max_hp_gain":0,"max_hp_loss":0,"event_name":"Purifier","floor":38,"gold_loss":0}],"is_beta":false,"boss_relics":[{"not_picked":["Calling Bell","Orrery"],"picked":"Cursed Key"},{"not_picked":["Eternal Feather","Lizard Tail"],"picked":"Empty Cage"}],"items_purged_floors":[5,29,47],"is_endless":false,"potions_floor_spawned":[1,2,10,16,25,31,33,42,46,48],"ascension_level":15}