{"gold_per_floor":[364,377,452,92,106,136,154,181,206,206,206,31,31,47,47,148,198,218,234,247,261,271,271,302,302,302,302],"floor_reached":27,"playtime":1071,"items_purged":[],"score":235,"play_id":"2b04d170-357f-435e-ad2d-00f0c2992b40","local_time":"20190327132443","is_ascension_mode":false,"campfire_choices":[{"data":"Infernal Blade","floor":11,"key":"SMITH"},{"data":"Bash","floor":13,"key":"SMITH"},{"floor":15,"key":"REST"},{"data":"Double Tap","floor":23,"key":"SMITH"},{"floor":25,"key":"REST"}],"neow_cost":"TEN_PERCENT_HP_LOSS","seed_source_timestamp":9790515125194,"circlet_count":0,"master_deck":["Strike_R","Strike_R","Strike_R","Strike_R","Strike_R","Defend_R","Defend_R+1","Defend_R","Bash+1","Infernal Blade+1","Heavy Blade","Inflame","Shrug It Off","Perfected Strike","Perfected Strike","Anger","Anger","Cleave","Clash","Double Tap+1","Iron Wave","Dropkick","Wild Strike+1","Blood for Blood+1","Wild Strike","Anger+1","Heavy Blade+1"],"relics":["Burning Blood","Ornamental Fan","Omamori","Odd Mushroom","Juzu Bracelet","Tiny House","Oddly Smooth Stone","Kunai"],"potions_floor_usage":[8,18,20,21,22,24,27],"damage_taken":[{"damage":4,"enemies":"Small Slimes","floor":1,"turns":5},{"damage":0,"enemies":"Cultist","floor":2,"turns":2},{"damage":0,"enemies":"2 Louse","floor":5,"turns":2},{"damage":19,"enemies":"3 Sentries","floor":6,"turns":8},{"damage":13,"enemies":"Large Slime","floor":7,"turns":5},{"damage":15,"enemies":"The Mushroom Lair","floor":8,"turns":4},{"damage":8,"enemies":"Red Slaver","floor":14,"turns":3},{"damage":1,"enemies":"Slime Boss","floor":16,"turns":8},{"damage":8,"enemies":"Shell Parasite","floor":18,"turns":4},{"damage":2,"enemies":"Chosen","floor":19,"turns":4},{"damage":31,"enemies":"Snecko","floor":20,"turns":6},{"damage":6,"enemies":"Cultist and Chosen","floor":21,"turns":4},{"damage":17,"enemies":"Snake Plant","floor":22,"turns":3},{"damage":45,"enemies":"Book of Stabbing","floor":24,"turns":5},{"damage":38,"enemies":"Masked Bandits","floor":27,"turns":4}],"seed_played":"-8404757600211813134","potions_obtained":[{"floor":1,"key":"Poison Potion"},{"floor":14,"key":"LiquidBronze"},{"floor":16,"key":"Regen Potion"},{"floor":17,"key":"Block Potion"},{"floor":19,"key":"SkillPotion"},{"floor":22,"key":"AttackPotion"},{"floor":24,"key":"Block Potion"}],"is_trial":false,"path_per_floor":["M","M","?","$","M","E","M","?","T","?","R","$","R","M","R","B",null,"M","M","M","M","M","R","E","R","T","?"],"character_chosen":"IRONCLAD","items_purchased":["Inflame","Ornamental Fan","Shrug It Off","Juzu Bracelet","Cleave"],"campfire_rested":2,"item_purchase_floors":[4,4,4,12,12],"current_hp_per_floor":[72,72,65,65,71,58,51,42,42,42,42,42,42,40,61,66,77,75,77,52,64,53,53,14,37,37,0],"gold":302,"neow_bonus":"TWO_FIFTY_GOLD","is_prod":false,"is_daily":false,"chose_seed":false,"campfire_upgraded":3,"win_rate":0,"timestamp":1553657083,"path_taken":["M","M","?","$","?","E","M","?","T","?","R","$","R","M","R","BOSS","M","M","M","M","M","R","E","R","T","?"],"build_version":"2019-01-23","purchased_purges":0,"victory":false,"max_hp_per_floor":[72,72,72,72,72,72,72,72,72,72,72,72,72,72,72,72,77,77,77,77,77,77,77,77,77,77,77],"card_choices":[{"not_picked":["Second Wind","Intimidate"],"picked":"Infernal Blade","floor":1},{"not_picked":["Armaments","Sword Boomerang"],"picked":"Heavy Blade","floor":2},{"not_picked":["Power Through","Warcry"],"picked":"Perfected Strike","floor":5},{"not_picked":["Pummel","Havoc"],"picked":"Perfected Strike","floor":6},{"not_picked":["Flex","Flame Barrier"],"picked":"Anger","floor":7},{"not_picked":["Uppercut","Impervious"],"picked":"Anger","floor":8},{"not_picked":["Disarm","Armaments"],"picked":"Clash","floor":14},{"not_picked":["Impervious","Dark Embrace"],"picked":"Double Tap","floor":16},{"not_picked":["Headbutt","Bloodletting"],"picked":"Iron Wave","floor":17},{"not_picked":["Havoc","Thunderclap"],"picked":"Dropkick","floor":18},{"not_picked":["Searing Blow","Cleave"],"picked":"Wild Strike+1","floor":19},{"not_picked":["Anger+1","Clothesline"],"picked":"Blood for Blood+1","floor":20},{"not_picked":["Perfected Strike","Body Slam+1"],"picked":"Wild Strike","floor":21},{"not_picked":["Clash+1","Warcry+1"],"picked":"Anger+1","floor":22},{"not_picked":["Fire Breathing","Searing Blow"],"picked":"Heavy Blade+1","floor":24}],"player_experience":185949,"relics_obtained":[{"floor":6,"key":"Omamori"},{"floor":8,"key":"Odd Mushroom"},{"floor":24,"key":"Oddly Smooth Stone"},{"floor":26,"key":"Kunai"}],"event_choices":[{"damage_healed":0,"gold_gain":75,"player_choice":"Touch","damage_taken":7,"max_hp_gain":0,"max_hp_loss":0,"event_name":"FaceTrader","floor":3,"gold_loss":0},{"damage_healed":0,"gold_gain":0,"player_choice":"Fought Mushrooms","damage_taken":0,"max_hp_gain":0,"max_hp_loss":0,"event_name":"Mushrooms","floor":8,"gold_loss":0},{"cards_removed":["Defend_R"],"damage_healed":0,"gold_gain":0,"player_choice":"Offered Basic","damage_taken":0,"max_hp_gain":0,"max_hp_loss":0,"event_name":"Bonfire Elementals","floor":10,"gold_loss":0},{"damage_healed":0,"gold_gain":0,"player_choice":"Fought Bandits","damage_taken":0,"max_hp_gain":0,"max_hp_loss":0,"event_name":"Masked Bandits","floor":27,"gold_loss":0}],"is_beta":false,"boss_relics":[{"not_picked":["Busted Crown","Snecko Eye"],"picked":"Tiny House"}],"items_purged_floors":[],"is_endless":false,"potions_floor_spawned":[1,14,16,19,22,24],"killed_by":"Masked Bandits","ascension_level":0}