{"gold_per_floor":[111,111,124,135,148,148,77,62,62,62,337,337,356,367,367,467,467,482,442,185,199,213,213,230,256,280,280,18,18],"floor_reached":29,"playtime":1992,"items_purged":["Regret"],"score":257,"play_id":"327422fc-09be-4c26-852f-cfa6d741ae82","local_time":"20190324235619","is_ascension_mode":false,"campfire_choices":[{"floor":6,"key":"RECALL"},{"data":"Zap","floor":10,"key":"SMITH"},{"data":"Redo","floor":12,"key":"SMITH"},{"floor":15,"key":"REST"},{"floor":23,"key":"REST"}],"neow_cost":"NONE","seed_source_timestamp":34729547592186,"circlet_count":0,"master_deck":["Strike_B","Strike_B","Strike_B","Strike_B","Defend_B","Defend_B","Defend_B","Defend_B","Zap+1","Dualcast","Thunder Strike","Conserve Battery","Redo+1","Force Field","Darkness","Steam","Coolheaded","Sunder","White Noise+1","Cold Snap","Rainbow","Beam Cell+1","FTL","Static Discharge","Skim","Hologram","Rebound","White Noise","Redo+1"],"relics":["Cracked Core","Eternal Feather","Toxic Egg 2","Lantern","Gremlin Horn"],"potions_floor_usage":[16,18,24,27],"damage_taken":[{"damage":4,"enemies":"2 Louse","floor":1,"turns":3},{"damage":1,"enemies":"Cultist","floor":3,"turns":4},{"damage":2,"enemies":"Jaw Worm","floor":4,"turns":3},{"damage":9,"enemies":"Lots of Slimes","floor":5,"turns":6},{"damage":6,"enemies":"Exordium Thugs","floor":8,"turns":4},{"damage":5,"enemies":"Gremlin Gang","floor":13,"turns":5},{"damage":16,"enemies":"Red Slaver","floor":14,"turns":3},{"damage":26,"enemies":"Slime Boss","floor":16,"turns":8},{"damage":21,"enemies":"Chosen","floor":18,"turns":6},{"damage":20,"enemies":"Spheric Guardian","floor":21,"turns":4},{"damage":9,"enemies":"Snecko","floor":22,"turns":5},{"damage":25,"enemies":"Cultist and Chosen","floor":24,"turns":7},{"damage":21,"enemies":"Book of Stabbing","floor":25,"turns":5},{"damage":19,"enemies":"Gremlin Leader","floor":27,"turns":4},{"damage":9,"enemies":"Shelled Parasite and Fungi","floor":29,"turns":2}],"seed_played":"-7886942328135621012","potions_obtained":[{"floor":1,"key":"Block Potion"},{"floor":2,"key":"SmokeBomb"},{"floor":2,"key":"LiquidBronze"},{"floor":18,"key":"Block Potion"},{"floor":24,"key":"FairyPotion"}],"is_trial":false,"path_per_floor":["M","?","M","M","M","R","$","M","T","R","?","R","M","M","R","B",null,"M","?","$","M","M","R","M","E","T","E","$","M"],"character_chosen":"DEFECT","items_purchased":["Steam","Coolheaded","FTL","Static Discharge","Skim","Gremlin Horn"],"campfire_rested":2,"item_purchase_floors":[7,7,20,20,20,28],"current_hp_per_floor":[71,71,70,68,59,59,59,53,53,53,53,53,48,32,54,28,75,54,54,54,34,25,62,37,16,16,7,7,0],"gold":18,"neow_bonus":"ONE_RANDOM_RARE_CARD","is_prod":false,"is_daily":false,"chose_seed":false,"campfire_upgraded":2,"win_rate":0,"timestamp":1553435779,"path_taken":["M","?","?","M","M","R","$","M","T","R","?","R","M","?","R","BOSS","M","?","$","M","M","R","M","E","T","E","?","?"],"build_version":"2019-01-23","purchased_purges":1,"victory":false,"max_hp_per_floor":[75,75,75,75,75,75,75,75,75,75,75,75,75,75,75,75,75,75,75,75,75,75,75,75,75,75,75,75,75],"card_choices":[{"not_picked":["Reprogram","Rebound"],"picked":"Conserve Battery","floor":1},{"not_picked":["Cold Snap","Compile Driver"],"picked":"Redo","floor":3},{"not_picked":["Static Discharge","Conserve Battery"],"picked":"Force Field","floor":4},{"not_picked":["Barrage","Beam Cell"],"picked":"Darkness","floor":5},{"not_picked":["Ball Lightning","Coolheaded"],"picked":"Sunder","floor":8},{"not_picked":["Turbo","BootSequence"],"picked":"White Noise","floor":13},{"not_picked":["BootSequence","Undo"],"picked":"Cold Snap","floor":14},{"not_picked":["Amplify","Thunder Strike"],"picked":"Rainbow","floor":16},{"not_picked":["Compile Driver","Streamline"],"picked":"Beam Cell+1","floor":18},{"not_picked":["Doom and Gloom+1","Scrape"],"picked":"Hologram","floor":21},{"not_picked":["Undo","Chill"],"picked":"Rebound","floor":22},{"not_picked":["Streamline","Loop"],"picked":"White Noise","floor":24},{"not_picked":["Beam Cell","Coolheaded"],"picked":"Redo","floor":25}],"player_experience":99998,"relics_obtained":[{"floor":25,"key":"Toxic Egg 2"},{"floor":26,"key":"Lantern"}],"event_choices":[{"damage_healed":0,"gold_gain":0,"player_choice":"Got Potions","damage_taken":0,"max_hp_gain":0,"max_hp_loss":0,"event_name":"Lab","floor":2,"gold_loss":0},{"damage_healed":0,"gold_gain":275,"player_choice":"Desecrate","damage_taken":0,"max_hp_gain":0,"max_hp_loss":0,"event_name":"Golden Shrine","floor":11,"gold_loss":0,"cards_obtained":["Regret"]},{"damage_healed":0,"gold_gain":0,"player_choice":"Upgrade","damage_taken":0,"max_hp_gain":0,"max_hp_loss":0,"event_name":"Designer","floor":19,"gold_loss":40,"cards_upgraded":["White Noise"]}],"is_beta":false,"boss_relics":[{"not_picked":["Runic Pyramid","Tiny House"],"picked":"Eternal Feather"}],"items_purged_floors":[20],"is_endless":false,"potions_floor_spawned":[1,3,8,18,24,27],"killed_by":"Shelled Parasite and Fungi","ascension_level":0}