{"gold_per_floor":[116,133,24,24,24,24,49,49,49,90,128,51,51,72,72,168,168,193,208,208,208,233,233,233],"floor_reached":24,"playtime":1393,"items_purged":[],"score":388,"play_id":"c78e354d-11d0-4d17-9345-78f7ee10eeb3","local_time":"20190620204405","is_ascension_mode":true,"campfire_choices":[{"data":"Consume","floor":6.0,"key":"SMITH"},{"data":"Loop","floor":8.0,"key":"SMITH"},{"floor":15.0,"key":"REST"},{"floor":23,"key":"REST"}],"neow_cost":"NONE","seed_source_timestamp":0,"circlet_count":0,"master_deck":["AscendersBane","Strike_B","Strike_B","Strike_B","Strike_B","Defend_B","Defend_B","Defend_B","Defend_B","Zap","Dualcast","Beam Cell","Consume+1","Go for the Eyes","Loop+1","Conserve Battery","Glacier","Defragment","Coolheaded","Biased Cognition","Chill","Coolheaded+1","Redo"],"special_seed":0,"relics":["Cracked Core","Golden Idol","Dead Branch","Question Card","Odd Mushroom","Philosopher\u0027s Stone"],"potions_floor_usage":[24],"damage_taken":[{"damage":6.0,"enemies":"2 Louse","floor":1.0,"turns":2.0},{"damage":0.0,"enemies":"Small Slimes","floor":2.0,"turns":2.0},{"damage":11.0,"enemies":"Jaw Worm","floor":7.0,"turns":4.0},{"damage":30.0,"enemies":"Gremlin Nob","floor":10.0,"turns":4.0},{"damage":17.0,"enemies":"The Mushroom Lair","floor":11.0,"turns":4.0},{"damage":4.0,"enemies":"Looter","floor":14.0,"turns":4.0},{"damage":16.0,"enemies":"Slime Boss","floor":16.0,"turns":13.0},{"damage":7.0,"enemies":"Spheric Guardian","floor":18.0,"turns":7.0},{"damage":3.0,"enemies":"3 Byrds","floor":19.0,"turns":6.0},{"damage":7,"enemies":"Colosseum Slavers","floor":20,"turns":7},{"damage":13,"enemies":"Snake Plant","floor":22,"turns":8},{"damage":61,"enemies":"Gremlin Leader","floor":24,"turns":7}],"seed_played":"908556972218949","potions_obtained":[{"floor":11.0,"key":"Strength Potion"},{"floor":14.0,"key":"FocusPotion"},{"floor":22,"key":"Swift Potion"}],"is_trial":false,"path_per_floor":["M","M","$","?","$","R","M","R","T","E","?","$","?","M","R","B",null,"M","M","?","?","M","R","E"],"character_chosen":"DEFECT","items_purchased":["FocusPotion","Go for the Eyes","Defragment"],"campfire_rested":2,"item_purchase_floors":[3,3,12],"current_hp_per_floor":[65,65,65,65,65,65,54,54,54,24,7,7,7,3,24,8,55,48,45,38,38,25,46,0],"gold":233,"neow_bonus":"TEN_PERCENT_HP_BONUS","is_prod":false,"is_daily":false,"chose_seed":false,"campfire_upgraded":2,"win_rate":0,"timestamp":1561077845,"path_taken":["M","M","$","?","$","R","M","R","T","E","?","?","?","?","R","BOSS","M","M","?","?","M","R","E"],"build_version":"2019-06-18","purchased_purges":0,"victory":false,"max_hp_per_floor":[78,78,78,71,71,71,71,71,71,71,71,71,71,71,71,71,71,71,71,71,71,71,71,71],"card_choices":[{"not_picked":["Redo","Blizzard"],"picked":"Beam Cell","floor":1.0},{"not_picked":["Rebound","Blizzard"],"picked":"Consume","floor":2.0},{"not_picked":["Gash","Steam"],"picked":"Loop","floor":7.0},{"not_picked":["Go for the Eyes","Undo"],"picked":"Conserve Battery","floor":10.0},{"not_picked":["Hyperbeam","Go for the Eyes","Redo"],"picked":"Glacier","floor":11.0},{"not_picked":["Storm","Lockon","Heatsinks"],"picked":"Coolheaded","floor":14.0},{"not_picked":["Hyperbeam","Fission","Amplify"],"picked":"Biased Cognition","floor":16.0},{"not_picked":["Hologram","White Noise","Tempest+1"],"picked":"Chill","floor":18.0},{"not_picked":["Cold Snap","Consume","Conserve Battery"],"picked":"Coolheaded+1","floor":19.0},{"not_picked":["Barrage","Ball Lightning","Beam Cell"],"picked":"Redo","floor":22}],"player_experience":3002454,"relics_obtained":[{"floor":9.0,"key":"Dead Branch"},{"floor":10.0,"key":"Question Card"},{"floor":11.0,"key":"Odd Mushroom"}],"event_choices":[{"damage_healed":0.0,"max_hp_gain":0.0,"max_hp_loss":7.0,"gold_gain":0.0,"event_name":"Golden Idol","player_choice":"Lose Max HP","floor":4.0,"gold_loss":0.0,"damage_taken":0.0,"relics_obtained":["Golden Idol"]},{"damage_healed":0.0,"max_hp_gain":0.0,"max_hp_loss":0.0,"gold_gain":0.0,"event_name":"Mushrooms","player_choice":"Fought Mushrooms","floor":11.0,"gold_loss":0.0,"damage_taken":0.0},{"damage_healed":0.0,"max_hp_gain":0.0,"max_hp_loss":0.0,"gold_gain":0.0,"event_name":"FaceTrader","player_choice":"Leave","floor":13.0,"gold_loss":0.0,"damage_taken":0.0},{"damage_healed":0,"gold_gain":0,"player_choice":"Fight","damage_taken":0,"max_hp_gain":0,"max_hp_loss":0,"event_name":"Colosseum","floor":20,"gold_loss":0},{"damage_healed":0,"gold_gain":0,"player_choice":"Fled From Nobs","damage_taken":0,"max_hp_gain":0,"max_hp_loss":0,"event_name":"Colosseum","floor":20,"gold_loss":0},{"damage_healed":0,"gold_gain":0,"player_choice":"Ignored","damage_taken":0,"max_hp_gain":0,"max_hp_loss":0,"event_name":"Ghosts","floor":21,"gold_loss":0}],"is_beta":true,"boss_relics":[{"not_picked":["FrozenCore","White Beast Statue"],"picked":"Philosopher\u0027s Stone"}],"items_purged_floors":[],"is_endless":false,"potions_floor_spawned":[11,14,22],"killed_by":"Gremlin Leader","ascension_level":20}