{"gold_per_floor":[118,132,149,165,29,64,64,96,96,96,125,125,125,138,138,212,212,224,149,149,149,175,206,206,217,240,303,315,341,378,407,419,507,519,546,568,802,814,826,838,876,60,60,79,92,102,134,151,151,151,151,151,151,39,69,69],"floor_reached":57,"playtime":4455,"items_purged":["Writhe"],"score":2865,"play_id":"83bd874c-f9de-48fa-b7de-1997e1b92dd7","local_time":"20190424104340","is_ascension_mode":true,"campfire_choices":[{"floor":7,"key":"REST"},{"floor":13,"key":"REST"},{"data":"Noxious Fumes","floor":15,"key":"SMITH"},{"data":"After Image","floor":24,"key":"SMITH"},{"data":"After Image","floor":28,"key":"SMITH"},{"data":"Well Laid Plans","floor":32,"key":"SMITH"},{"data":"Cloak And Dagger","floor":40,"key":"SMITH"},{"floor":49,"key":"RECALL"},{"data":"Night Terror","floor":53,"key":"SMITH"}],"neow_cost":"PERCENT_DAMAGE","seed_source_timestamp":0,"circlet_count":0,"master_deck":["AscendersBane","Defend_G","Defend_G","Defend_G","Defend_G","Defend_G","Survivor","Neutralize+1","Heel Hook","Poisoned Stab","Noxious Fumes+1","Cloak And Dagger+1","Poisoned Stab","Dash","After Image+1","After Image+1","Blade Dance","Bite","Bite","Bite","Bite","Bite","Cloak And Dagger+1","Well Laid Plans+1","Cloak And Dagger","Night Terror+1","Die Die Die","Backflip","Sucker Punch","Madness","Madness","Dodge and Roll+1","Finisher+1","Adrenaline","Backflip","Footwork","Envenom"],"relics":["Ring of the Snake","Calipers","Centennial Puzzle","Lantern","Bottled Lightning","Runic Dome","The Courier","Red Mask","Matryoshka","Art of War","MawBank","Ornamental Fan","Pen Nib","Paper Crane","Philosopher\u0027s Stone","Anchor","Lee\u0027s Waffle","Meat on the Bone","Thread and Needle","Vajra","Bronze Scales","Bottled Tornado"],"potions_floor_usage":[4,6,6,11,16,22,41,47,55,56,56],"damage_taken":[{"damage":5,"enemies":"Jaw Worm","floor":1,"turns":4},{"damage":13,"enemies":"Small Slimes","floor":2,"turns":7},{"damage":0,"enemies":"2 Louse","floor":3,"turns":3},{"damage":0,"enemies":"2 Fungi Beasts","floor":4,"turns":2},{"damage":9,"enemies":"Gremlin Nob","floor":6,"turns":4},{"damage":32,"enemies":"Lagavulin","floor":8,"turns":8},{"damage":18,"enemies":"Gremlin Nob","floor":11,"turns":4},{"damage":0,"enemies":"3 Louse","floor":14,"turns":4},{"damage":17,"enemies":"Hexaghost","floor":16,"turns":10},{"damage":6,"enemies":"Chosen","floor":18,"turns":5},{"damage":9,"enemies":"Masked Bandits","floor":22,"turns":5},{"damage":32,"enemies":"Slavers","floor":23,"turns":8},{"damage":1,"enemies":"Shell Parasite","floor":25,"turns":8},{"damage":15,"enemies":"Snecko","floor":29,"turns":6},{"damage":23,"enemies":"Gremlin Leader","floor":30,"turns":9},{"damage":0,"enemies":"Centurion and Healer","floor":31,"turns":9},{"damage":0,"enemies":"Automaton","floor":33,"turns":14},{"damage":13,"enemies":"3 Darklings","floor":35,"turns":6},{"damage":12,"enemies":"Orb Walker","floor":36,"turns":5},{"damage":6,"enemies":"Nemesis","floor":41,"turns":13},{"damage":0,"enemies":"4 Shapes","floor":44,"turns":5},{"damage":0,"enemies":"Transient","floor":45,"turns":6},{"damage":0,"enemies":"Jaw Worm Horde","floor":46,"turns":4},{"damage":0,"enemies":"Reptomancer","floor":47,"turns":10},{"damage":0,"enemies":"4 Shapes","floor":48,"turns":6},{"damage":60,"enemies":"Donu and Deca","floor":50,"turns":17},{"damage":34,"enemies":"Awakened One","floor":51,"turns":24},{"damage":47,"enemies":"Shield and Spear","floor":55,"turns":8},{"damage":46,"enemies":"The Heart","floor":56,"turns":12}],"seed_played":"25958770634833","potions_obtained":[{"floor":1,"key":"AttackPotion"},{"floor":4,"key":"Strength Potion"},{"floor":6,"key":"LiquidBronze"},{"floor":8,"key":"SpeedPotion"},{"floor":18,"key":"AttackPotion"},{"floor":25,"key":"Block Potion"},{"floor":30,"key":"Dexterity Potion"},{"floor":35,"key":"Regen Potion"},{"floor":36,"key":"LiquidBronze"},{"floor":45,"key":"SpeedPotion"},{"floor":46,"key":"AttackPotion"},{"floor":47,"key":"Swift Potion"},{"floor":55,"key":"AttackPotion"}],"is_trial":false,"path_per_floor":["M","M","M","M","$","E","R","E","T","?","E","?","R","M","R","B",null,"M","?","?","?","?","E","R","M","T","T","R","M","E","M","R","B",null,"M","M","?","?","?","R","E","$","T","M","M","M","E","M","R","B","B",null,"R","$","E","B",null],"character_chosen":"THE_SILENT","items_purchased":["GhostInAJar","Poisoned Stab","Lee\u0027s Waffle","Meat on the Bone","Thread and Needle","Vajra","Backflip","Footwork"],"campfire_rested":2,"item_purchase_floors":[5,5,42,42,42,42,54,54],"current_hp_per_floor":[51,38,38,38,38,29,52,20,20,20,2,2,25,25,25,8,61,55,55,55,54,53,34,34,54,54,54,54,47,44,54,54,54,54,53,48,48,38,38,38,52,61,61,61,61,61,61,61,61,37,45,57,57,57,36,22],"gold":69,"neow_bonus":"TWENTY_PERCENT_HP_BONUS","is_prod":false,"is_daily":false,"chose_seed":true,"campfire_upgraded":6,"win_rate":0,"timestamp":1556117020,"path_taken":["M","M","M","M","$","E","R","E","T","?","E","?","R","M","R","BOSS","M","?","?","?","?","E","R","?","T","?","R","?","E","M","R","BOSS","M","M","?","?","?","R","E","$","T","?","M","M","E","M","R","BOSS","BOSS","R","$","E","BOSS"],"build_version":"2019-04-23","purchased_purges":1,"victory":true,"max_hp_per_floor":[78,78,78,78,78,78,78,78,78,78,78,78,78,78,78,78,78,78,78,78,54,54,54,54,54,54,54,54,54,54,54,54,54,54,54,54,54,54,54,54,54,61,61,61,61,61,61,61,61,61,61,61,61,61,61,61],"card_choices":[{"not_picked":["Expertise","PiercingWail"],"picked":"Heel Hook","floor":1},{"not_picked":["Bane","Caltrops"],"picked":"Poisoned Stab","floor":2},{"not_picked":["Acrobatics","Cloak And Dagger"],"picked":"Noxious Fumes","floor":3},{"not_picked":["Deadly Poison","Masterful Stab"],"picked":"Cloak And Dagger","floor":4},{"not_picked":["Catalyst","Choke","Bane"],"picked":"SKIP","floor":6},{"not_picked":["Outmaneuver","Skewer"],"picked":"Dash","floor":8},{"not_picked":["Infinite Blades","Cloak And Dagger"],"picked":"After Image","floor":11},{"not_picked":["Concentrate","Deadly Poison","Blade Dance"],"picked":"SKIP","floor":14},{"not_picked":["Malaise","Tools of the Trade"],"picked":"After Image","floor":16},{"not_picked":["Sucker Punch","Distraction"],"picked":"Blade Dance","floor":18},{"not_picked":["Acrobatics","Dodge and Roll"],"picked":"Cloak And Dagger","floor":22},{"not_picked":["Heel Hook","PiercingWail"],"picked":"Well Laid Plans","floor":23},{"not_picked":["Setup","Prepared","Quick Slash"],"picked":"SKIP","floor":25},{"not_picked":["Deadly Poison+1","Crippling Poison"],"picked":"Cloak And Dagger","floor":29},{"not_picked":["Heel Hook","Poisoned Stab"],"picked":"Night Terror","floor":30},{"not_picked":["Deadly Poison","Backstab","Dodge and Roll"],"picked":"SKIP","floor":31},{"not_picked":["Corpse Explosion","Glass Knife"],"picked":"Die Die Die","floor":33},{"not_picked":["Slice","Flying Knee"],"picked":"Backflip","floor":35},{"not_picked":["Underhanded Strike","Reflex"],"picked":"Sucker Punch","floor":36},{"not_picked":["Calculated Gamble+1","Sucker Punch"],"picked":"Dodge and Roll+1","floor":41},{"not_picked":["PiercingWail+1","Poisoned Stab","Deadly Poison"],"picked":"SKIP","floor":44},{"not_picked":["Bane","Dagger Spray"],"picked":"Finisher+1","floor":45},{"not_picked":["Underhanded Strike","Riddle With Holes"],"picked":"Adrenaline","floor":46},{"not_picked":["Reflex","Backstab","Underhanded Strike"],"picked":"SKIP","floor":47},{"not_picked":["Flechettes","Poisoned Stab","PiercingWail"],"picked":"SKIP","floor":48},{"not_picked":["Crippling Poison+1","Slice"],"picked":"Envenom","floor":55}],"player_experience":2922935,"relics_obtained":[{"floor":6,"key":"Calipers"},{"floor":8,"key":"Centennial Puzzle"},{"floor":9,"key":"Lantern"},{"floor":11,"key":"Bottled Lightning"},{"floor":22,"key":"Red Mask"},{"floor":23,"key":"Matryoshka"},{"floor":26,"key":"Art of War"},{"floor":26,"key":"MawBank"},{"floor":27,"key":"Ornamental Fan"},{"floor":27,"key":"Pen Nib"},{"floor":30,"key":"Paper Crane"},{"floor":41,"key":"Anchor"},{"floor":47,"key":"Bronze Scales"},{"floor":55,"key":"Bottled Tornado"}],"event_choices":[{"damage_healed":0,"gold_gain":0,"player_choice":"Grow","damage_taken":0,"max_hp_gain":0,"max_hp_loss":0,"event_name":"Living Wall","floor":10,"gold_loss":0,"cards_upgraded":["Neutralize"]},{"damage_healed":0,"gold_gain":0,"player_choice":"Fled","damage_taken":0,"max_hp_gain":0,"max_hp_loss":0,"event_name":"Scrap Ooze","floor":12,"gold_loss":0},{"cards_removed":["Strike_G"],"damage_healed":0,"gold_gain":0,"player_choice":"Gave Gold","damage_taken":0,"max_hp_gain":0,"max_hp_loss":0,"event_name":"Beggar","floor":19,"gold_loss":75},{"damage_healed":0,"gold_gain":0,"player_choice":"Opened","damage_taken":0,"relics_obtained":["The Courier"],"max_hp_gain":0,"max_hp_loss":0,"event_name":"The Mausoleum","floor":20,"gold_loss":0,"cards_obtained":["Writhe"]},{"damage_healed":0,"gold_gain":0,"player_choice":"Became a vampire","damage_taken":0,"max_hp_gain":0,"max_hp_loss":24,"event_name":"Vampires","floor":21,"gold_loss":0,"cards_obtained":["Bite","Bite","Bite","Bite","Bite"]},{"damage_healed":0,"gold_gain":0,"player_choice":"Fought Bandits","damage_taken":0,"max_hp_gain":0,"max_hp_loss":0,"event_name":"Masked Bandits","floor":22,"gold_loss":0},{"damage_healed":0,"gold_gain":222,"player_choice":"Wore Mask","damage_taken":0,"max_hp_gain":0,"max_hp_loss":0,"event_name":"Tomb of Lord Red Mask","floor":37,"gold_loss":0},{"damage_healed":0,"gold_gain":0,"player_choice":"Embrace Madness","damage_taken":10,"max_hp_gain":0,"max_hp_loss":0,"event_name":"Winding Halls","floor":38,"gold_loss":0,"cards_obtained":["Madness","Madness"]},{"damage_healed":0,"gold_gain":0,"player_choice":"Upgraded","damage_taken":0,"max_hp_gain":0,"max_hp_loss":0,"event_name":"Upgrade Shrine","floor":39,"gold_loss":0,"cards_upgraded":["Cloak And Dagger"]}],"is_beta":true,"boss_relics":[{"not_picked":["Busted Crown","Ring of the Serpent"],"picked":"Runic Dome"},{"not_picked":["Calling Bell","Snecko Eye"],"picked":"Philosopher\u0027s Stone"}],"items_purged_floors":[42],"is_endless":false,"potions_floor_spawned":[1,4,6,8,18,25,30,31,35,36,45,46,47,55],"ascension_level":20}