{"gold_per_floor":[113,188,112,124,124,152,152,167,167,183,216,227,126,137,137,240,240,250,250],"floor_reached":19,"playtime":1812,"items_purged":["Regret"],"score":204,"play_id":"45a6a229-3b1f-4289-933d-1a15a9a7b41e","local_time":"20190325081326","is_ascension_mode":false,"campfire_choices":[{"floor":15,"key":"REST"}],"neow_cost":"NONE","seed_source_timestamp":64734125005919,"circlet_count":0,"master_deck":["Defend_G","Defend_G","Defend_G","Defend_G","Defend_G","Strike_G","Strike_G","Strike_G","Strike_G","Strike_G","Survivor","Neutralize","Flying Knee","Footwork","Cloak And Dagger+1","Blade Dance","Blade Dance","Dagger Throw","Flechettes","Envenom","Blade Dance","Dagger Spray","Phantasmal Killer","Escape Plan+1"],"relics":["Ring of the Snake","NeowsBlessing","Question Card","Darkstone Periapt","Bottled Lightning","Cursed Key"],"potions_floor_usage":[11,16,16,16,19],"damage_taken":[{"damage":0,"enemies":"Jaw Worm","floor":1,"turns":1},{"damage":0,"enemies":"Small Slimes","floor":4,"turns":2},{"damage":0,"enemies":"Gremlin Nob","floor":6,"turns":1},{"damage":3,"enemies":"Cultist","floor":8,"turns":3},{"damage":3,"enemies":"Looter","floor":10,"turns":4},{"damage":26,"enemies":"3 Sentries","floor":11,"turns":10},{"damage":3,"enemies":"Large Slime","floor":12,"turns":5},{"damage":8,"enemies":"Blue Slaver","floor":14,"turns":4},{"damage":43,"enemies":"The Guardian","floor":16,"turns":14},{"damage":18,"enemies":"Shell Parasite","floor":18,"turns":7},{"damage":35,"enemies":"Colosseum Slavers","floor":19,"turns":5},{"damage":29,"enemies":"Colosseum Nobs","floor":19,"turns":4}],"seed_played":"4760580228831174127","potions_obtained":[{"floor":1,"key":"Regen Potion"},{"floor":4,"key":"FearPotion"},{"floor":10,"key":"Fire Potion"},{"floor":12,"key":"LiquidBronze"},{"floor":18,"key":"GhostInAJar"}],"is_trial":false,"path_per_floor":["M","?","$","M","?","E","?","M","T","M","E","M","$","M","R","B",null,"M","?"],"character_chosen":"THE_SILENT","items_purchased":["Footwork","Blade Dance"],"campfire_rested":1,"item_purchase_floors":[3,13],"current_hp_per_floor":[70,59,59,59,59,59,59,56,56,53,41,38,38,30,51,8,70,52,0],"gold":250,"neow_bonus":"THREE_ENEMY_KILL","is_prod":false,"is_daily":false,"chose_seed":false,"campfire_upgraded":0,"win_rate":0,"timestamp":1553465606,"path_taken":["M","?","$","M","?","E","?","M","T","M","E","?","$","M","R","BOSS","M","?"],"build_version":"2019-01-23","purchased_purges":1,"victory":false,"max_hp_per_floor":[70,70,70,70,70,70,70,70,70,70,70,70,70,70,70,70,70,70,70],"card_choices":[{"not_picked":["Distraction","Catalyst"],"picked":"Flying Knee","floor":1},{"not_picked":["Masterful Stab","Backflip"],"picked":"Cloak And Dagger","floor":4},{"not_picked":["Slice","Sucker Punch","Riddle With Holes"],"picked":"Blade Dance","floor":6},{"not_picked":["Underhanded Strike","Deflect","Sucker Punch"],"picked":"Blade Dance","floor":8},{"not_picked":["Outmaneuver","Cloak And Dagger","Backstab"],"picked":"Dagger Throw","floor":10},{"not_picked":["Tactician","Bane","Slice"],"picked":"Flechettes","floor":11},{"not_picked":["Slice","Underhanded Strike","Blade Dance"],"picked":"Envenom","floor":12},{"not_picked":["Finisher","Poisoned Stab","Catalyst"],"picked":"Dagger Spray","floor":14},{"not_picked":["Glass Knife","A Thousand Cuts","Doppelganger"],"picked":"Phantasmal Killer","floor":16},{"not_picked":["Slice","All Out Attack+1","Flying Knee"],"picked":"Escape Plan+1","floor":18}],"player_experience":129654,"relics_obtained":[{"floor":6,"key":"Darkstone Periapt"},{"floor":11,"key":"Bottled Lightning"}],"event_choices":[{"damage_healed":0,"gold_gain":75,"player_choice":"Gather Gold","damage_taken":11,"max_hp_gain":0,"max_hp_loss":0,"event_name":"World of Goop","floor":2,"gold_loss":0},{"damage_healed":0,"gold_gain":0,"player_choice":"Box","damage_taken":0,"relics_obtained":["Question Card"],"max_hp_gain":0,"max_hp_loss":0,"event_name":"Big Fish","floor":5,"gold_loss":0,"cards_obtained":["Regret"]},{"damage_healed":0,"gold_gain":0,"player_choice":"Upgraded","damage_taken":0,"max_hp_gain":0,"max_hp_loss":0,"event_name":"Upgrade Shrine","floor":7,"gold_loss":0,"cards_upgraded":["Cloak And Dagger"]},{"damage_healed":0,"gold_gain":0,"player_choice":"Fight","damage_taken":0,"max_hp_gain":0,"max_hp_loss":0,"event_name":"Colosseum","floor":19,"gold_loss":0},{"damage_healed":0,"gold_gain":0,"player_choice":"Fought Nobs","damage_taken":0,"max_hp_gain":0,"max_hp_loss":0,"event_name":"Colosseum","floor":19,"gold_loss":0}],"is_beta":false,"boss_relics":[{"not_picked":["Snecko Eye","Philosopher\u0027s Stone"],"picked":"Cursed Key"}],"items_purged_floors":[13],"is_endless":false,"potions_floor_spawned":[1,4,10,12,18,19],"killed_by":"Colosseum Nobs","ascension_level":0}