{"gold_per_floor":[112,112,123,86,113,145,145,155,155,155,175,202,215,289,289,394,394,411,446,462,79,4,62,62,88,114,114,128,154,154,182,182,182],"floor_reached":33,"playtime":2496,"items_purged":["Strike_R"],"score":508,"play_id":"bbd06aad-dce9-472d-a789-20e990c1bb7a","local_time":"20190516214302","is_ascension_mode":true,"campfire_choices":[{"data":"Bash","floor":7,"key":"SMITH"},{"data":"Pommel Strike","floor":10,"key":"SMITH"},{"floor":15,"key":"REST"},{"floor":24,"key":"REST"},{"floor":27,"key":"REST"},{"floor":30,"key":"REST"},{"floor":32,"key":"REST"}],"neow_cost":"CURSE","seed_source_timestamp":208816578275,"circlet_count":0,"master_deck":["Strike_R","Strike_R+1","Strike_R","Defend_R","Defend_R+1","Defend_R","Defend_R","Bash+1","Parasite","Carnage","Pommel Strike+1","Rampage","Headbutt","Flame Barrier+1","Infernal Blade+1","Cleave","Double Tap+1","Shrug It Off+1","Iron Wave+1","Metallicize","Body Slam","Bloodletting+1","Limit Break+1","True Grit+1","Wild Strike","Armaments+1","Offering+1"],"relics":["Burning Blood","Du-Vu Doll","Orichalcum","Toxic Egg 2","Gremlin Horn","Singing Bowl","Runic Cube","Red Mask","Bronze Scales","Tiny Chest","Calipers","Oddly Smooth Stone","Red Skull","Meat on the Bone"],"potions_floor_usage":[6,19,23,25,29,31,33],"damage_taken":[{"damage":9,"enemies":"Jaw Worm","floor":1,"turns":3},{"damage":1,"enemies":"2 Louse","floor":3,"turns":2},{"damage":31,"enemies":"Lagavulin","floor":6,"turns":6},{"damage":0,"enemies":"Cultist","floor":8,"turns":2},{"damage":0,"enemies":"3 Louse","floor":11,"turns":2},{"damage":13,"enemies":"Gremlin Nob","floor":12,"turns":4},{"damage":3,"enemies":"2 Fungi Beasts","floor":13,"turns":3},{"damage":0,"enemies":"Slime Boss","floor":16,"turns":8},{"damage":5,"enemies":"Spheric Guardian","floor":18,"turns":3},{"damage":28,"enemies":"Masked Bandits","floor":19,"turns":5},{"damage":2,"enemies":"Chosen","floor":20,"turns":3},{"damage":57,"enemies":"Gremlin Leader","floor":23,"turns":8},{"damage":28,"enemies":"Slavers","floor":25,"turns":5},{"damage":15,"enemies":"Snake Plant","floor":28,"turns":4},{"damage":32,"enemies":"Book of Stabbing","floor":29,"turns":5},{"damage":3,"enemies":"Slavers","floor":31,"turns":3},{"damage":66,"enemies":"Collector","floor":33,"turns":9}],"seed_played":"-3934440679829689203","potions_obtained":[{"floor":1,"key":"Dexterity Potion"},{"floor":3,"key":"Dexterity Potion"},{"floor":12,"key":"LiquidBronze"},{"floor":16,"key":"BloodPotion"},{"floor":25,"key":"SteroidPotion"},{"floor":29,"key":"AttackPotion"},{"floor":31,"key":"GamblersBrew"}],"is_trial":false,"path_per_floor":["M","?","M","?","T","E","R","M","T","R","M","E","M","?","R","B",null,"M","?","M","$","?","E","R","E","T","R","M","E","R","E","R","B"],"character_chosen":"IRONCLAD","items_purchased":["Bronze Scales","Metallicize","Body Slam","Bloodletting+1"],"campfire_rested":5,"item_purchase_floors":[21,21,21,21],"current_hp_per_floor":[77,61,66,66,66,41,41,47,47,47,53,46,49,49,73,79,80,80,66,72,72,72,21,45,23,23,47,38,12,36,39,63,0],"gold":182,"neow_bonus":"ONE_RARE_RELIC","is_prod":false,"is_daily":false,"chose_seed":false,"campfire_upgraded":2,"win_rate":0,"timestamp":1558006982,"path_taken":["M","?","M","?","?","E","R","M","T","R","?","E","M","?","R","BOSS","M","?","M","$","?","E","R","E","T","R","M","E","R","E","R","BOSS"],"build_version":"2019-01-23","purchased_purges":1,"victory":false,"max_hp_per_floor":[80,80,80,80,80,80,80,80,80,80,80,80,80,80,80,80,80,80,80,82,82,82,82,82,82,82,82,82,82,82,82,82,82],"card_choices":[{"not_picked":["Searing Blow","Clothesline"],"picked":"Carnage","floor":1},{"not_picked":["Clothesline","Perfected Strike"],"picked":"Pommel Strike","floor":3},{"not_picked":["Havoc","Clash"],"picked":"Rampage","floor":6},{"not_picked":["Wild Strike","Fiend Fire"],"picked":"Headbutt","floor":8},{"not_picked":["Havoc+1","Clash"],"picked":"Flame Barrier+1","floor":11},{"not_picked":["Armaments+1","Bloodletting+1"],"picked":"Infernal Blade+1","floor":12},{"not_picked":["Ghostly Armor+1","Infernal Blade+1"],"picked":"Cleave","floor":13},{"not_picked":["Berserk","Dark Embrace"],"picked":"Double Tap+1","floor":16},{"not_picked":["Feel No Pain","Thunderclap+1"],"picked":"Shrug It Off+1","floor":18},{"not_picked":["True Grit+1","Fire Breathing"],"picked":"Iron Wave+1","floor":19},{"not_picked":["Second Wind+1","Anger","Clash+1"],"picked":"Singing Bowl","floor":20},{"not_picked":["Pummel","Perfected Strike"],"picked":"Limit Break+1","floor":23},{"not_picked":["Sever Soul","Feel No Pain"],"picked":"True Grit+1","floor":25},{"not_picked":["Sword Boomerang","Reckless Charge"],"picked":"Wild Strike","floor":28},{"not_picked":["Whirlwind+1","Bloodletting+1"],"picked":"Armaments+1","floor":29},{"not_picked":["Armaments+1","Thunderclap"],"picked":"Offering+1","floor":31}],"player_experience":623516,"relics_obtained":[{"floor":5,"key":"Orichalcum"},{"floor":6,"key":"Toxic Egg 2"},{"floor":9,"key":"Gremlin Horn"},{"floor":12,"key":"Singing Bowl"},{"floor":19,"key":"Red Mask"},{"floor":23,"key":"Tiny Chest"},{"floor":25,"key":"Calipers"},{"floor":26,"key":"Oddly Smooth Stone"},{"floor":29,"key":"Red Skull"},{"floor":31,"key":"Meat on the Bone"}],"event_choices":[{"damage_healed":0,"gold_gain":0,"player_choice":"Entered Light","damage_taken":16,"max_hp_gain":0,"max_hp_loss":0,"event_name":"Shining Light","floor":2,"gold_loss":0,"cards_upgraded":["Defend_R","Strike_R"]},{"damage_healed":0,"gold_gain":0,"player_choice":"Left Gold","damage_taken":0,"max_hp_gain":0,"max_hp_loss":0,"event_name":"World of Goop","floor":4,"gold_loss":37},{"damage_healed":0,"gold_gain":74,"player_choice":"Gained Gold","damage_taken":0,"max_hp_gain":0,"max_hp_loss":0,"event_name":"Golden Wing","floor":14,"gold_loss":0},{"damage_healed":0,"gold_gain":0,"player_choice":"Fought Bandits","damage_taken":0,"max_hp_gain":0,"max_hp_loss":0,"event_name":"Masked Bandits","floor":19,"gold_loss":0},{"cards_removed":["Strike_R"],"damage_healed":0,"gold_gain":0,"player_choice":"Gave Gold","damage_taken":0,"max_hp_gain":0,"max_hp_loss":0,"event_name":"Beggar","floor":22,"gold_loss":75}],"is_beta":false,"boss_relics":[{"not_picked":["Sozu","Velvet Choker"],"picked":"Runic Cube"}],"items_purged_floors":[21],"is_endless":false,"potions_floor_spawned":[1,3,12,16,18,25,29,31],"killed_by":"Collector","ascension_level":5}