{"gold_per_floor":[117,132,30,49,69,69,103,103,103,103,121,121,136,112,112,112],"floor_reached":16,"playtime":733,"items_purged":[],"score":147,"play_id":"e2b60b0d-a9ad-4d4d-9e35-98031cd89f12","local_time":"20190426201018","is_ascension_mode":true,"campfire_choices":[{"data":"Intimidate","floor":6,"key":"SMITH"},{"floor":8,"key":"REST"},{"data":"Armaments","floor":10,"key":"SMITH"},{"floor":15,"key":"REST"}],"neow_cost":"NONE","seed_source_timestamp":85087234599056,"circlet_count":0,"master_deck":["Strike_R","Strike_R","Strike_R","Strike_R","Strike_R","Defend_R","Defend_R","Defend_R","Defend_R","Bash","Feed","Iron Wave","Perfected Strike","Armaments+1","Dual Wield","True Grit","Intimidate+1","Offering","Flex","Reckless Charge"],"relics":["Burning Blood","Self Forming Clay","Kunai"],"potions_floor_usage":[13,16],"damage_taken":[{"damage":15,"enemies":"Cultist","floor":1,"turns":5},{"damage":0,"enemies":"Small Slimes","floor":2,"turns":2},{"damage":2,"enemies":"2 Louse","floor":4,"turns":3},{"damage":14,"enemies":"Exordium Wildlife","floor":5,"turns":5},{"damage":61,"enemies":"Lagavulin","floor":7,"turns":8},{"damage":49,"enemies":"Large Slime","floor":11,"turns":10},{"damage":1,"enemies":"Blue Slaver","floor":13,"turns":6},{"damage":50,"enemies":"The Guardian","floor":16,"turns":19}],"seed_played":"3746533826706292478","potions_obtained":[{"floor":2,"key":"Block Potion"},{"floor":5,"key":"Explosive Potion"}],"is_trial":false,"path_per_floor":["M","M","$","M","M","R","E","R","T","R","M","?","M","?","R","B"],"character_chosen":"IRONCLAD","items_purchased":["Armaments","Dual Wield"],"campfire_rested":2,"item_purchase_floors":[3,3],"current_hp_per_floor":[71,80,80,86,82,82,27,54,54,54,14,14,22,22,50,0],"gold":112,"neow_bonus":"ONE_RANDOM_RARE_CARD","is_prod":false,"is_daily":false,"chose_seed":false,"campfire_upgraded":2,"win_rate":0,"timestamp":1556273418,"path_taken":["M","M","$","M","?","R","E","R","T","R","M","?","M","?","R","BOSS"],"build_version":"2019-01-23","purchased_purges":0,"victory":false,"max_hp_per_floor":[80,83,83,86,90,90,90,90,90,90,93,93,96,96,96,96],"card_choices":[{"not_picked":["True Grit","Body Slam"],"picked":"Iron Wave","floor":1},{"not_picked":["Flex","Armaments"],"picked":"Perfected Strike","floor":2},{"not_picked":["Disarm","Heavy Blade"],"picked":"True Grit","floor":4},{"not_picked":["True Grit","Twin Strike"],"picked":"Intimidate","floor":5},{"not_picked":["Wild Strike","Flex"],"picked":"Offering","floor":7},{"not_picked":["Perfected Strike","Thunderclap"],"picked":"Flex","floor":11},{"not_picked":["Evolve","Clash"],"picked":"Reckless Charge","floor":13}],"player_experience":494125,"relics_obtained":[{"floor":7,"key":"Self Forming Clay"},{"floor":9,"key":"Kunai"}],"event_choices":[{"damage_healed":0,"gold_gain":0,"player_choice":"Ignored","damage_taken":0,"max_hp_gain":0,"max_hp_loss":0,"event_name":"Shining Light","floor":12,"gold_loss":0},{"damage_healed":0,"gold_gain":0,"player_choice":"Left Gold","damage_taken":0,"max_hp_gain":0,"max_hp_loss":0,"event_name":"World of Goop","floor":14,"gold_loss":24}],"is_beta":false,"boss_relics":[],"items_purged_floors":[],"is_endless":false,"potions_floor_spawned":[2,5],"killed_by":"The Guardian","ascension_level":4}