{"gold_per_floor":[219,235,215,116,130,130,157,157,157,189,189,207,207,235,235,307,307,307,307,307,247,247,247,247,247,247,247,247,197,197,197,197,197,197,197,197,20,20,0,0,0,0,0,0],"floor_reached":44,"playtime":2159,"items_purged":[],"score":1120,"play_id":"aed48e89-4b7a-4b68-9de6-48ff3897040d","local_time":"20190406102601","is_ascension_mode":true,"campfire_choices":[{"data":"Uppercut","floor":6.0,"key":"SMITH"},{"floor":8.0,"key":"REST"},{"data":"Inflame","floor":11.0,"key":"SMITH"},{"data":"Rage","floor":13.0,"key":"SMITH"},{"data":"Disarm","floor":15.0,"key":"SMITH"},{"data":"Body Slam","floor":27.0,"key":"SMITH"},{"data":"Demon Form","floor":32.0,"key":"SMITH"},{"floor":40.0,"key":"RECALL"},{"data":"Feel No Pain","floor":42.0,"key":"SMITH"}],"neow_cost":"NONE","seed_source_timestamp":0,"circlet_count":0,"master_deck":["AscendersBane","Defend_R","Defend_R+1","Defend_R","Bash","Rage+1","Uppercut+1","Shrug It Off","Disarm+1","Inflame+1","Dropkick","Evolve","Offering","Pommel Strike","Bite","Bite","Bite","Bite","Bite+1","Searing Blow","Disarm","RitualDagger","Clothesline","Whirlwind","Body Slam+1","Demon Form+1","Iron Wave+1","Sword Boomerang","Feed","Shrug It Off","Impatience","Dark Shackles","Dark Shackles","Feel No Pain+1","True Grit","Pummel","True Grit","Fiend Fire"],"special_seed":0,"relics":["Burning Blood","Calipers","Dodecahedron","Nunchaku","Happy Flower","Ectoplasm","Anchor","Meat on the Bone","Pantograph","Shuriken","Black Star","Torii","Red Mask","Smiling Mask","StoneCalendar"],"potions_floor_usage":[],"damage_taken":[{"damage":1.0,"enemies":"Cultist","floor":1.0,"turns":3.0},{"damage":2.0,"enemies":"2 Louse","floor":2.0,"turns":4.0},{"damage":3.0,"enemies":"Jaw Worm","floor":5.0,"turns":3.0},{"damage":57.0,"enemies":"Gremlin Nob","floor":7.0,"turns":6.0},{"damage":5.0,"enemies":"Lagavulin","floor":10.0,"turns":7.0},{"damage":29.0,"enemies":"Lots of Slimes","floor":12.0,"turns":7.0},{"damage":20.0,"enemies":"3 Sentries","floor":14.0,"turns":9.0},{"damage":16.0,"enemies":"Hexaghost","floor":16.0,"turns":9.0},{"damage":7.0,"enemies":"3 Byrds","floor":18.0,"turns":6.0},{"damage":20.0,"enemies":"2 Thieves","floor":21.0,"turns":4.0},{"damage":23.0,"enemies":"Gremlin Leader","floor":23.0,"turns":6.0},{"damage":29.0,"enemies":"3 Cultists","floor":24.0,"turns":5.0},{"damage":10.0,"enemies":"Centurion and Healer","floor":25.0,"turns":6.0},{"damage":7.0,"enemies":"Book of Stabbing","floor":28.0,"turns":5.0},{"damage":6.0,"enemies":"Gremlin Leader","floor":30.0,"turns":6.0},{"damage":6.0,"enemies":"Snecko","floor":31.0,"turns":2.0},{"damage":50.0,"enemies":"Automaton","floor":33.0,"turns":7.0},{"damage":0.0,"enemies":"3 Shapes","floor":35.0,"turns":4.0},{"damage":6.0,"enemies":"Mind Bloom Boss Battle","floor":38.0,"turns":6.0},{"damage":23.0,"enemies":"Giant Head","floor":41.0,"turns":7.0},{"damage":57,"enemies":"Reptomancer","floor":44,"turns":3}],"seed_played":"25958770634826","potions_obtained":[{"floor":1.0,"key":"FearPotion"},{"floor":3.0,"key":"Fruit Juice"},{"floor":7.0,"key":"PowerPotion"},{"floor":10.0,"key":"SteroidPotion"},{"floor":16.0,"key":"Regen Potion"},{"floor":21.0,"key":"Block Potion"},{"floor":24.0,"key":"Block Potion"}],"is_trial":false,"path_per_floor":["M","M","?","$","M","R","E","R","T","E","R","M","R","E","R","B",null,"M","?","?","M","?","E","M","M","T","R","E","?","E","M","R","B",null,"M","?","$","?","?","R","E","R","T","E"],"character_chosen":"IRONCLAD","items_purchased":["Uppercut","Shrug It Off","Feel No Pain","True Grit","Pummel"],"campfire_rested":1,"item_purchase_floors":[4,4,37,37,37],"current_hp_per_floor":[73,75,75,75,75,75,29,53,53,54,54,31,31,17,17,7,62,61,56,56,50,44,56,41,53,53,53,56,56,56,56,56,33,50,59,49,49,59,59,59,54,54,54,0],"gold":0,"neow_bonus":"HUNDRED_GOLD","is_prod":false,"is_daily":false,"chose_seed":false,"campfire_upgraded":7,"win_rate":0,"timestamp":1554560761,"path_taken":["M","?","?","$","?","R","E","R","T","E","R","M","R","E","R","BOSS","M","?","?","?","?","E","M","M","T","R","E","?","E","?","R","BOSS","M","?","$","?","?","R","E","R","T","E"],"build_version":"2019-04-04","purchased_purges":0,"victory":false,"max_hp_per_floor":[75,75,75,75,75,75,80,80,80,80,80,80,80,80,80,80,80,80,56,56,56,56,56,56,56,56,56,56,56,56,56,56,56,56,59,59,59,59,59,59,59,59,59,59],"card_choices":[{"not_picked":["Sword Boomerang","Burning Pact"],"picked":"Rage","floor":1.0},{"not_picked":["Perfected Strike","Infernal Blade","Warcry"],"picked":"SKIP","floor":2.0},{"not_picked":["Cleave","Bloodletting"],"picked":"Disarm","floor":5.0},{"not_picked":["Second Wind","Burning Pact"],"picked":"Inflame","floor":7.0},{"not_picked":["Berserk","Ghostly Armor"],"picked":"Dropkick","floor":10.0},{"not_picked":["Heavy Blade","Clothesline","Perfected Strike"],"picked":"SKIP","floor":12.0},{"not_picked":["Wild Strike","Clash"],"picked":"Evolve","floor":14.0},{"not_picked":["Exhume","Juggernaut"],"picked":"Offering","floor":16.0},{"not_picked":["Evolve+1","Clash"],"picked":"Pommel Strike","floor":18.0},{"not_picked":["Burning Pact","Ghostly Armor"],"picked":"Disarm","floor":21.0},{"not_picked":["Blood for Blood","Wild Strike"],"picked":"Clothesline","floor":23.0},{"not_picked":["Clothesline","Sword Boomerang"],"picked":"Whirlwind","floor":24.0},{"not_picked":["Rampage","Warcry"],"picked":"Body Slam","floor":25.0},{"not_picked":["Combust","Warcry"],"picked":"Demon Form","floor":28.0},{"not_picked":["Seeing Red","Headbutt"],"picked":"Iron Wave+1","floor":30.0},{"not_picked":["Flex","Uppercut"],"picked":"Sword Boomerang","floor":31.0},{"not_picked":["Double Tap","Berserk"],"picked":"Feed","floor":33.0},{"not_picked":["Havoc","Flex"],"picked":"Shrug It Off","floor":35.0},{"not_picked":["Thinking Ahead","Forethought"],"picked":"Impatience","floor":36.0},{"not_picked":["Sadistic Nature","Metamorphosis"],"picked":"Dark Shackles","floor":36.0},{"not_picked":["Enlightenment","Trip"],"picked":"Dark Shackles","floor":36.0},{"not_picked":["Havoc","Sword Boomerang+1"],"picked":"True Grit","floor":38.0},{"not_picked":["Corruption","Heavy Blade+1"],"picked":"Fiend Fire","floor":41.0}],"player_experience":2740811,"relics_obtained":[{"floor":7.0,"key":"Calipers"},{"floor":9.0,"key":"Dodecahedron"},{"floor":10.0,"key":"Nunchaku"},{"floor":14.0,"key":"Happy Flower"},{"floor":23.0,"key":"Anchor"},{"floor":26.0,"key":"Meat on the Bone"},{"floor":28.0,"key":"Pantograph"},{"floor":30.0,"key":"Shuriken"},{"floor":38.0,"key":"Torii"},{"floor":41.0,"key":"Smiling Mask"},{"floor":41.0,"key":"StoneCalendar"}],"event_choices":[{"damage_healed":0.0,"max_hp_gain":0.0,"max_hp_loss":0.0,"gold_gain":0.0,"event_name":"The Woman in Blue","player_choice":"Bought 1 Potion","floor":3.0,"gold_loss":0.0,"damage_taken":0.0},{"damage_healed":0.0,"max_hp_gain":0.0,"max_hp_loss":24.0,"gold_gain":0.0,"event_name":"Vampires","player_choice":"Became a vampire","floor":19.0,"gold_loss":0.0,"damage_taken":0.0,"cards_obtained":["Bite","Bite","Bite","Bite","Bite"]},{"damage_healed":0.0,"max_hp_gain":0.0,"max_hp_loss":0.0,"gold_gain":0.0,"cards_transformed":["Defend_R"],"event_name":"Transmorgrifier","player_choice":"Transformed","floor":20.0,"gold_loss":0.0,"damage_taken":0.0,"cards_obtained":["Searing Blow"]},{"damage_healed":0.0,"max_hp_gain":0.0,"max_hp_loss":0.0,"gold_gain":0.0,"event_name":"Nest","player_choice":"Joined the Cult","floor":22.0,"gold_loss":0.0,"damage_taken":6.0,"cards_obtained":["RitualDagger"]},{"damage_healed":0.0,"max_hp_gain":0.0,"max_hp_loss":0.0,"gold_gain":0.0,"event_name":"Designer","player_choice":"Upgraded Two","floor":29.0,"gold_loss":50.0,"damage_taken":0.0,"cards_upgraded":["Defend_R","Bite"]},{"damage_healed":0.0,"max_hp_gain":0.0,"max_hp_loss":0.0,"gold_gain":0.0,"event_name":"SensoryStone","player_choice":"Memory 3","floor":36.0,"gold_loss":0.0,"damage_taken":10.0},{"damage_healed":0.0,"max_hp_gain":0.0,"max_hp_loss":0.0,"gold_gain":0.0,"event_name":"MindBloom","player_choice":"Fight","floor":38.0,"gold_loss":0.0,"damage_taken":0.0},{"damage_healed":0.0,"max_hp_gain":0.0,"max_hp_loss":0.0,"gold_gain":0.0,"event_name":"Tomb of Lord Red Mask","player_choice":"Paid","floor":39.0,"gold_loss":20.0,"damage_taken":0.0,"relics_obtained":["Red Mask"]}],"is_beta":true,"boss_relics":[{"not_picked":["Velvet Choker","Calling Bell"],"picked":"Ectoplasm"},{"not_picked":["Philosopher\u0027s Stone","Black Blood"],"picked":"Black Star"}],"items_purged_floors":[],"is_endless":false,"potions_floor_spawned":[1,7,10,16,21,24,25,30,38],"killed_by":"Reptomancer","ascension_level":20}