{"gold_per_floor":[115,115,1,15,15,15,41,41,65,82,82,95,107,107,107,107],"floor_reached":16,"playtime":797,"items_purged":[],"score":140,"play_id":"dd20dd40-cddf-4fdf-8b0f-94ec989a0c8a","local_time":"20190530184353","is_ascension_mode":true,"campfire_choices":[{"data":"Dual Wield","floor":6,"key":"SMITH"},{"floor":8,"key":"REST"},{"floor":11,"key":"REST"},{"floor":15,"key":"REST"}],"neow_cost":"NONE","seed_source_timestamp":13718556920903,"circlet_count":0,"master_deck":["Strike_R","Strike_R","Strike_R","Strike_R","Strike_R","Defend_R","Defend_R","Defend_R","Defend_R","Bash","Dark Embrace","Iron Wave","Corruption","Dual Wield+1","Burning Pact","Clash","Sentinel","Spot Weakness","Rage","Injury"],"relics":["Burning Blood","NlothsMask","Anchor","Golden Idol"],"potions_floor_usage":[16,16],"damage_taken":[{"damage":6,"enemies":"Jaw Worm","floor":1,"turns":4},{"damage":4,"enemies":"Cultist","floor":4,"turns":5},{"damage":60,"enemies":"3 Sentries","floor":7,"turns":15},{"damage":12,"enemies":"Small Slimes","floor":10,"turns":3},{"damage":19,"enemies":"Blue Slaver","floor":12,"turns":5},{"damage":19,"enemies":"Exordium Thugs","floor":13,"turns":4},{"damage":63,"enemies":"Slime Boss","floor":16,"turns":12}],"seed_played":"-1216506469907612075","potions_obtained":[{"floor":10,"key":"LiquidBronze"},{"floor":13,"key":"Block Potion"}],"is_trial":false,"path_per_floor":["M","?","$","M","$","R","E","R","T","M","R","M","M","?","R","B"],"character_chosen":"IRONCLAD","items_purchased":["Corruption","Dual Wield"],"campfire_rested":3,"item_purchase_floors":[3,3],"current_hp_per_floor":[72,72,72,74,74,74,20,44,44,38,62,49,36,36,60,0],"gold":107,"neow_bonus":"ONE_RANDOM_RARE_CARD","is_prod":false,"is_daily":false,"chose_seed":false,"campfire_upgraded":1,"win_rate":0,"timestamp":1559205833,"path_taken":["M","?","?","M","$","R","E","R","T","M","R","M","M","?","R","BOSS"],"build_version":"2019-01-23","purchased_purges":0,"victory":false,"max_hp_per_floor":[80,80,80,80,80,80,80,80,80,80,80,80,80,80,80,80],"card_choices":[{"not_picked":["Thunderclap","Clash"],"picked":"Iron Wave","floor":1},{"not_picked":["Clash","Cleave"],"picked":"Burning Pact","floor":4},{"not_picked":["Perfected Strike","Corruption"],"picked":"Clash","floor":7},{"not_picked":["Burning Pact","Pummel"],"picked":"Sentinel","floor":10},{"not_picked":["Clash","Second Wind"],"picked":"Spot Weakness","floor":12},{"not_picked":["Inflame","Clothesline"],"picked":"Rage","floor":13}],"player_experience":753146,"relics_obtained":[{"floor":7,"key":"Anchor"}],"event_choices":[{"damage_healed":0,"gold_gain":0,"player_choice":"Trade","damage_taken":0,"relics_obtained":["NlothsMask"],"max_hp_gain":0,"max_hp_loss":0,"event_name":"FaceTrader","floor":2,"gold_loss":0},{"damage_healed":0,"gold_gain":0,"player_choice":"Take Wound","damage_taken":0,"relics_obtained":["Golden Idol"],"max_hp_gain":0,"max_hp_loss":0,"event_name":"Golden Idol","floor":14,"gold_loss":0,"cards_obtained":["Injury"]}],"is_beta":false,"boss_relics":[],"items_purged_floors":[],"is_endless":false,"potions_floor_spawned":[10,13],"killed_by":"Slime Boss","ascension_level":8}