{"gold_per_floor":[113,188,202,202,216,216,54,78,78,92,118,138,149,169,169,268,268,281,299,318,218,143,143,143,143,170,190,206,229,229,241,241,241],"floor_reached":33,"playtime":1891,"items_purged":["Strike_B","Strike_B"],"score":364,"play_id":"07e1a5e3-e4d8-4d23-85d6-452566f5db4a","local_time":"20190324165054","is_ascension_mode":true,"campfire_choices":[{"data":"Gash","floor":6.0,"key":"SMITH"},{"floor":15.0,"key":"REST"},{"floor":24,"key":"REST"},{"floor":32,"key":"REST"}],"neow_cost":"NONE","seed_source_timestamp":1008315195167059,"circlet_count":0,"master_deck":["Defend_B","Defend_B","Defend_B","Defend_B","Zap","Dualcast","Gash+1","Gash","Defragment","Gash","All For One","Skim","Echo Form","Scrape"],"special_seed":0,"relics":["Cracked Core","NeowsBlessing","Odd Mushroom","Meat on the Bone","Bronze Scales","Nuclear Battery","Dodecahedron","Potion Belt","Smiling Mask","Nunchaku"],"potions_floor_usage":[31,33,33],"damage_taken":[{"damage":0.0,"enemies":"Jaw Worm","floor":1.0,"turns":1.0},{"damage":0.0,"enemies":"2 Louse","floor":3.0,"turns":1.0},{"damage":0.0,"enemies":"Cultist","floor":5.0,"turns":1.0},{"damage":10.0,"enemies":"The Mushroom Lair","floor":8.0,"turns":6.0},{"damage":0.0,"enemies":"Exordium Thugs","floor":10.0,"turns":3.0},{"damage":20.0,"enemies":"Lagavulin","floor":11.0,"turns":7.0},{"damage":3.0,"enemies":"Blue Slaver","floor":12.0,"turns":2.0},{"damage":5.0,"enemies":"3 Louse","floor":13.0,"turns":3.0},{"damage":6.0,"enemies":"Gremlin Gang","floor":14.0,"turns":3.0},{"damage":23.0,"enemies":"The Guardian","floor":16.0,"turns":7.0},{"damage":17.0,"enemies":"Spheric Guardian","floor":18.0,"turns":4.0},{"damage":14.0,"enemies":"Shell Parasite","floor":19.0,"turns":3.0},{"damage":26.0,"enemies":"Cultist and Chosen","floor":20.0,"turns":5.0},{"damage":21,"enemies":"Snecko","floor":27,"turns":5},{"damage":27,"enemies":"Snake Plant","floor":28,"turns":4},{"damage":20,"enemies":"Sentry and Sphere","floor":31,"turns":4},{"damage":54,"enemies":"Automaton","floor":33,"turns":4}],"seed_played":"-4192866006057788573","potions_obtained":[{"floor":3.0,"key":"Dexterity Potion"},{"floor":8.0,"key":"FocusPotion"},{"floor":11.0,"key":"Regen Potion"},{"floor":16.0,"key":"Poison Potion"},{"floor":19.0,"key":"SpeedPotion"},{"floor":31,"key":"Swift Potion"}],"is_trial":false,"path_per_floor":["M","?","M","?","M","R","$","?","T","M","E","M","M","M","R","B",null,"M","M","M","$","?","?","R","?","T","M","M","T","T","M","R","B"],"character_chosen":"DEFECT","items_purchased":["Gash","Defragment"],"campfire_rested":3,"item_purchase_floors":[7,7],"current_hp_per_floor":[68,57,57,57,57,57,57,47,47,47,39,48,43,49,71,48,68,51,49,35,35,35,35,57,57,57,48,33,33,33,25,47,0],"gold":241,"neow_bonus":"THREE_ENEMY_KILL","is_prod":false,"is_daily":false,"chose_seed":false,"campfire_upgraded":1,"win_rate":0,"timestamp":1553464254,"path_taken":["M","?","M","?","M","R","$","?","T","M","E","M","M","M","R","BOSS","M","M","M","$","?","?","R","?","T","?","M","?","?","M","R","BOSS"],"build_version":"2019-01-23","purchased_purges":2,"victory":false,"max_hp_per_floor":[75,75,75,75,75,75,75,75,75,75,75,75,75,75,75,75,75,75,75,75,75,75,75,75,75,75,75,75,75,75,75,75,75],"card_choices":[{"not_picked":["Rebound","Compile Driver"],"picked":"Gash","floor":1.0},{"not_picked":["Rip and Tear","Barrage","Sweeping Beam"],"picked":"SKIP","floor":3.0},{"not_picked":["Rip and Tear","Rebound","Redo"],"picked":"SKIP","floor":5.0},{"not_picked":["Turbo","Conserve Battery"],"picked":"Gash","floor":8.0},{"not_picked":["Beam Cell","Aggregate","Defragment"],"picked":"SKIP","floor":10.0},{"not_picked":["Coolheaded","Compile Driver"],"picked":"All For One","floor":11.0},{"not_picked":["Hello World","Streamline","Go for the Eyes"],"picked":"SKIP","floor":12.0},{"not_picked":["Self Repair","Ball Lightning"],"picked":"Skim","floor":13.0},{"not_picked":["Streamline","Leap","Hologram"],"picked":"SKIP","floor":14.0},{"not_picked":["Thunder Strike","Multi-Cast"],"picked":"Echo Form","floor":16.0},{"not_picked":["Go for the Eyes","Tempest","Ball Lightning+1"],"picked":"SKIP","floor":18.0},{"not_picked":["Beam Cell+1","Conserve Battery","Coolheaded"],"picked":"SKIP","floor":19.0},{"not_picked":["Electrodynamics","Stack","Rebound"],"picked":"SKIP","floor":20.0},{"not_picked":["Hologram","Loop"],"picked":"Scrape","floor":27},{"not_picked":["Ball Lightning","Streamline+1","Chaos"],"picked":"SKIP","floor":28},{"not_picked":["Darkness","Streamline","Rebound"],"picked":"SKIP","floor":31}],"player_experience":488404,"relics_obtained":[{"floor":8.0,"key":"Odd Mushroom"},{"floor":9.0,"key":"Meat on the Bone"},{"floor":11.0,"key":"Bronze Scales"},{"floor":26,"key":"Potion Belt"},{"floor":29,"key":"Smiling Mask"},{"floor":30,"key":"Nunchaku"}],"event_choices":[{"damage_healed":0.0,"max_hp_gain":0.0,"max_hp_loss":0.0,"gold_gain":75.0,"event_name":"World of Goop","player_choice":"Gather Gold","floor":2.0,"gold_loss":0.0,"damage_taken":11.0},{"cards_removed":["Strike_B"],"damage_healed":0.0,"max_hp_gain":0.0,"max_hp_loss":0.0,"gold_gain":0.0,"event_name":"Living Wall","player_choice":"Forget","floor":4.0,"gold_loss":0.0,"damage_taken":0.0},{"damage_healed":0.0,"max_hp_gain":0.0,"max_hp_loss":0.0,"gold_gain":0.0,"event_name":"Mushrooms","player_choice":"Fought Mushrooms","floor":8.0,"gold_loss":0.0,"damage_taken":0.0},{"cards_removed":["Strike_B"],"damage_healed":0.0,"max_hp_gain":0.0,"max_hp_loss":0.0,"gold_gain":0.0,"event_name":"Beggar","player_choice":"Gave Gold","floor":22.0,"gold_loss":75.0,"damage_taken":0.0},{"damage_healed":0,"gold_gain":0,"player_choice":"Ignored","damage_taken":0,"max_hp_gain":0,"max_hp_loss":0,"event_name":"Cursed Tome","floor":23,"gold_loss":0},{"damage_healed":0,"gold_gain":0,"player_choice":"Gave Potion","damage_taken":0,"relics_obtained":["Dodecahedron"],"max_hp_gain":0,"max_hp_loss":0,"event_name":"WeMeetAgain","floor":25,"gold_loss":0}],"is_beta":false,"boss_relics":[{"not_picked":["Inserter","Philosopher\u0027s Stone"],"picked":"Nuclear Battery"}],"items_purged_floors":[7,21],"is_endless":false,"potions_floor_spawned":[3,8,11,16,19,31],"killed_by":"Automaton","ascension_level":9}