{"gold_per_floor":[117,137,87,87,87,87,121,121,121,138,138,138,186,186,186,288,288,301,179,193,193,108,108],"floor_reached":23,"playtime":1484,"items_purged":["Strike_B"],"score":263,"play_id":"acd40c08-3198-4217-b4c6-4c77ee5cda19","local_time":"20190226222218","is_ascension_mode":true,"campfire_choices":[{"data":"Glacier","floor":6,"key":"SMITH"},{"data":"White Noise","floor":8,"key":"SMITH"},{"data":"Strike_B","floor":12,"key":"SMITH"},{"data":"Dualcast","floor":15,"key":"SMITH"}],"neow_cost":"NONE","seed_source_timestamp":616654235339778,"circlet_count":0,"master_deck":["Strike_B","Strike_B","Strike_B+1","Defend_B","Defend_B","Dualcast+1","Glacier+1","White Noise+1","Reboot","Skim+1","Gash","Gash"],"relics":["Cracked Core","NeowsBlessing","Ornamental Fan","Bottled Flame","Bottled Lightning","Anchor","Black Star","Happy Flower"],"potions_floor_usage":[16,20,20,23,23,23],"damage_taken":[{"damage":0,"enemies":"Jaw Worm","floor":1,"turns":1},{"damage":0,"enemies":"2 Louse","floor":2,"turns":1},{"damage":0,"enemies":"Lagavulin","floor":7,"turns":1},{"damage":1,"enemies":"Small Slimes","floor":10,"turns":4},{"damage":43,"enemies":"Slime Boss","floor":16,"turns":16},{"damage":11,"enemies":"Shell Parasite","floor":18,"turns":10},{"damage":9,"enemies":"3 Byrds","floor":20,"turns":8},{"damage":39,"enemies":"Gremlin Leader","floor":23,"turns":7}],"seed_played":"1764149254686469913","potions_obtained":[{"floor":7,"key":"Strength Potion"},{"floor":16,"key":"Energy Potion"},{"floor":18,"key":"EntropicBrew"}],"is_trial":false,"path_per_floor":["M","M","?","?","?","R","E","R","T","M","?","R","T","?","R","B",null,"M","$","M","?","?","E"],"character_chosen":"DEFECT","items_purchased":["Gash"],"campfire_rested":0,"item_purchase_floors":[19],"current_hp_per_floor":[75,75,75,72,72,72,72,72,72,71,71,71,71,71,71,28,63,52,52,43,29,29,0],"gold":108,"neow_bonus":"THREE_ENEMY_KILL","is_prod":false,"is_daily":false,"chose_seed":false,"campfire_upgraded":4,"win_rate":0,"timestamp":1551241338,"path_taken":["M","M","?","?","?","R","E","R","T","?","?","R","?","?","R","BOSS","M","$","?","?","?","E"],"build_version":"2019-01-23","purchased_purges":1,"victory":false,"max_hp_per_floor":[75,75,75,75,75,75,75,75,75,75,75,75,75,75,75,75,75,75,75,75,80,80,80],"card_choices":[{"not_picked":["Stack","Beam Cell","Sweeping Beam"],"picked":"SKIP","floor":1},{"not_picked":["Storm","Capacitor"],"picked":"Glacier","floor":2},{"not_picked":["Cold Snap","Redo"],"picked":"White Noise","floor":7},{"not_picked":["Sunder","Sweeping Beam","Coolheaded"],"picked":"SKIP","floor":10},{"not_picked":["Seek","Hyperbeam"],"picked":"Reboot","floor":16},{"not_picked":["FTL+1","Leap+1"],"picked":"Skim+1","floor":18},{"not_picked":["Streamline","BootSequence+1"],"picked":"Gash","floor":20}],"player_experience":444475,"relics_obtained":[{"floor":7,"key":"Bottled Flame"},{"floor":9,"key":"Bottled Lightning"},{"floor":13,"key":"Anchor"}],"event_choices":[{"cards_removed":["Defend_B"],"damage_healed":0,"gold_gain":0,"player_choice":"Card Removal","damage_taken":0,"max_hp_gain":0,"max_hp_loss":0,"event_name":"The Cleric","floor":3,"gold_loss":50},{"damage_healed":0,"gold_gain":0,"player_choice":"Success","damage_taken":3,"relics_obtained":["Ornamental Fan"],"max_hp_gain":0,"max_hp_loss":0,"event_name":"Scrap Ooze","floor":4,"gold_loss":0},{"cards_removed":["Zap"],"damage_healed":0,"gold_gain":0,"player_choice":"Forget","damage_taken":0,"max_hp_gain":0,"max_hp_loss":0,"event_name":"Living Wall","floor":5,"gold_loss":0},{"damage_healed":0,"gold_gain":0,"player_choice":"Ignored","damage_taken":0,"max_hp_gain":0,"max_hp_loss":0,"event_name":"Liars Game","floor":11,"gold_loss":0},{"cards_removed":["Defend_B"],"damage_healed":0,"gold_gain":0,"player_choice":"Offered Basic","damage_taken":0,"max_hp_gain":0,"max_hp_loss":0,"event_name":"Bonfire Elementals","floor":14,"gold_loss":0},{"damage_healed":0,"gold_gain":0,"player_choice":"Shed Blood","damage_taken":19,"max_hp_gain":5,"max_hp_loss":0,"event_name":"Forgotten Altar","floor":21,"gold_loss":0},{"damage_healed":0,"gold_gain":0,"player_choice":"Obtained Relic","damage_taken":0,"relics_obtained":["Happy Flower"],"max_hp_gain":0,"max_hp_loss":0,"event_name":"Addict","floor":22,"gold_loss":85}],"is_beta":false,"boss_relics":[{"not_picked":["Runic Dome","Snecko Eye"],"picked":"Black Star"}],"items_purged_floors":[19],"is_endless":false,"potions_floor_spawned":[7,16,18],"killed_by":"Gremlin Leader","ascension_level":5}