{"gold_per_floor":[140,47,47,70,95,126,126,146,146,146,189,144,180,213,213,302,302,322,337,337,387,347,347,363,383,383,383,383,383,402,420,420,518,518,531,353],"floor_reached":36,"playtime":1924,"items_purged":["Strike_R"],"score":690,"play_id":"80738cd4-ee4f-465a-9708-bd36224fa1b8","local_time":"20190704163618","is_ascension_mode":true,"campfire_choices":[{"data":"Whirlwind","floor":7,"key":"SMITH"},{"data":"Perfected Strike","floor":10,"key":"SMITH"},{"data":"Shockwave","floor":15,"key":"SMITH"},{"data":"Bloodletting","floor":23,"key":"SMITH"},{"data":"Feed","floor":27,"key":"SMITH"},{"data":"Trip","floor":29,"key":"SMITH"},{"floor":32,"key":"REST"}],"neow_cost":"NONE","seed_source_timestamp":1739728678995412,"circlet_count":0,"master_deck":["AscendersBane","Strike_R","Strike_R","Strike_R","Strike_R","Defend_R","Defend_R","Defend_R","Defend_R","Bash","Twin Strike","Trip+1","Perfected Strike+1","Whirlwind+1","Disarm","Shrug It Off","Shockwave+1","Spot Weakness","Feed+1","Battle Trance","Pommel Strike","Bloodletting+1","Dropkick","Exhume","Perfected Strike"],"relics":["Black Blood","Tiny Chest","Golden Idol","Centennial Puzzle","Singing Bowl","Meat on the Bone","Question Card","Sundial","Odd Mushroom","Dead Branch","Runic Pyramid"],"potions_floor_usage":[8,14,31,33,35],"damage_taken":[{"damage":1,"enemies":"Cultist","floor":1,"turns":3},{"damage":2,"enemies":"Jaw Worm","floor":4,"turns":3},{"damage":42,"enemies":"Lagavulin","floor":6,"turns":8},{"damage":0,"enemies":"Small Slimes","floor":8,"turns":2},{"damage":18,"enemies":"Gremlin Nob","floor":11,"turns":3},{"damage":20,"enemies":"3 Sentries","floor":13,"turns":4},{"damage":25,"enemies":"The Mushroom Lair","floor":14,"turns":3},{"damage":29,"enemies":"Hexaghost","floor":16,"turns":9},{"damage":28,"enemies":"2 Thieves","floor":18,"turns":3},{"damage":0,"enemies":"3 Byrds","floor":19,"turns":4},{"damage":14,"enemies":"3 Cultists","floor":24,"turns":5},{"damage":11,"enemies":"Centurion and Healer","floor":25,"turns":4},{"damage":15,"enemies":"Chosen and Byrds","floor":30,"turns":4},{"damage":39,"enemies":"Shelled Parasite and Fungi","floor":31,"turns":9},{"damage":79,"enemies":"Collector","floor":33,"turns":9},{"damage":46,"enemies":"3 Darklings","floor":35,"turns":4}],"seed_played":"-215099723368417999","potions_obtained":[{"floor":6,"key":"BloodPotion"},{"floor":8,"key":"Swift Potion"},{"floor":13,"key":"Weak Potion"},{"floor":14,"key":"EssenceOfSteel"},{"floor":25,"key":"PowerPotion"},{"floor":31,"key":"FearPotion"},{"floor":33,"key":"FearPotion"},{"floor":35,"key":"Fire Potion"}],"is_trial":false,"path_per_floor":["M","$","?","M","T","E","R","M","T","R","E","$","E","?","R","B",null,"M","M","?","?","$","R","M","M","T","R","$","R","M","M","R","B",null,"M","$"],"character_chosen":"IRONCLAD","items_purchased":["Trip","Shrug It Off","Bloodletting","Strength Potion","Perfected Strike"],"campfire_rested":1,"item_purchase_floors":[2,12,22,36,36],"current_hp_per_floor":[73,73,68,68,68,32,32,57,57,57,45,45,43,36,36,25,59,56,69,69,69,69,69,68,72,72,72,72,72,67,60,88,33,80,62,62],"gold":353,"neow_bonus":"RANDOM_COMMON_RELIC","is_prod":false,"is_daily":false,"chose_seed":false,"campfire_upgraded":6,"win_rate":0,"timestamp":1562225778,"path_taken":["M","?","?","M","?","E","R","M","T","R","E","$","E","?","R","BOSS","M","M","?","?","$","R","M","M","T","R","?","R","M","M","R","BOSS","M","?"],"build_version":"2019-07-01","purchased_purges":1,"victory":false,"max_hp_per_floor":[75,75,68,68,68,68,68,70,70,70,70,70,70,70,70,70,70,73,76,76,76,76,76,79,84,84,84,84,84,84,94,94,96,96,102,102],"card_choices":[{"not_picked":["Power Through","Bloodletting"],"picked":"Twin Strike","floor":1},{"not_picked":["Havoc","Flex"],"picked":"Perfected Strike","floor":4},{"not_picked":["Carnage","Burning Pact"],"picked":"Whirlwind","floor":6},{"not_picked":["Reckless Charge","Armaments","Infernal Blade"],"picked":"Singing Bowl","floor":8},{"not_picked":["Hemokinesis","Wild Strike"],"picked":"Disarm","floor":11},{"not_picked":["Disarm","Clothesline","Metallicize"],"picked":"Shockwave","floor":13},{"not_picked":["Headbutt","Ghostly Armor","Exhume"],"picked":"Spot Weakness","floor":14},{"not_picked":["Brutality","Dark Embrace","Reaper"],"picked":"Feed","floor":16},{"not_picked":["Sword Boomerang","Pommel Strike","True Grit"],"picked":"Battle Trance","floor":18},{"not_picked":["Rage+1","Heavy Blade","Warcry"],"picked":"Pommel Strike","floor":19},{"not_picked":["Demon Form","Warcry","Iron Wave"],"picked":"Dropkick","floor":24},{"not_picked":["Hemokinesis","Battle Trance","Thunderclap","Armaments"],"picked":"Singing Bowl","floor":25},{"not_picked":["Headbutt","Fire Breathing+1","Searing Blow"],"picked":"Exhume","floor":30},{"not_picked":["Carnage","Wild Strike","Body Slam","Armaments"],"picked":"Singing Bowl","floor":31},{"not_picked":["Juggernaut","Barricade","Feed","Double Tap"],"picked":"Singing Bowl","floor":33},{"not_picked":["Pommel Strike","True Grit","Iron Wave+1","Intimidate+1"],"picked":"Singing Bowl","floor":35}],"player_experience":1068781,"relics_obtained":[{"floor":5,"key":"Centennial Puzzle"},{"floor":6,"key":"Singing Bowl"},{"floor":9,"key":"Meat on the Bone"},{"floor":11,"key":"Question Card"},{"floor":13,"key":"Sundial"},{"floor":14,"key":"Odd Mushroom"},{"floor":26,"key":"Dead Branch"}],"event_choices":[{"damage_healed":0,"gold_gain":0,"player_choice":"Lose Max HP","damage_taken":0,"relics_obtained":["Golden Idol"],"max_hp_gain":0,"max_hp_loss":7,"event_name":"Golden Idol","floor":3,"gold_loss":0},{"damage_healed":0,"gold_gain":0,"player_choice":"Fought Mushrooms","damage_taken":0,"max_hp_gain":0,"max_hp_loss":0,"event_name":"Mushrooms","floor":14,"gold_loss":0},{"damage_healed":0,"gold_gain":0,"player_choice":"Ignored","damage_taken":0,"max_hp_gain":0,"max_hp_loss":0,"event_name":"Ghosts","floor":20,"gold_loss":0},{"damage_healed":0,"gold_gain":50,"player_choice":"Stole From Cult","damage_taken":0,"max_hp_gain":0,"max_hp_loss":0,"event_name":"Nest","floor":21,"gold_loss":0}],"is_beta":false,"boss_relics":[{"not_picked":["Calling Bell","Runic Cube"],"picked":"Black Blood"},{"not_picked":["White Beast Statue","Tiny House"],"picked":"Runic Pyramid"}],"items_purged_floors":[36],"is_endless":false,"potions_floor_spawned":[6,8,13,14,25,31,33,35],"ascension_level":15}