{"gold_per_floor":[119,119,130,146,166,191,191,191],"floor_reached":8,"playtime":579,"items_purged":[],"score":73,"play_id":"a47b2758-4c8e-41a2-87d5-38c31239ad61","local_time":"20190503122415","is_ascension_mode":true,"campfire_choices":[{"data":"Battle Trance","floor":7,"key":"SMITH"}],"neow_cost":"CURSE","seed_source_timestamp":2307307674309,"circlet_count":0,"master_deck":["Strike_R","Strike_R","Strike_R","Strike_R","Strike_R","Defend_R","Defend_R","Defend_R","Defend_R","Bash","Limit Break","Battle Trance+1","Iron Wave","Burning Pact","Flame Barrier","Flame Barrier"],"relics":["Burning Blood","Ginger"],"potions_floor_usage":[5,6,8],"damage_taken":[{"damage":3,"enemies":"2 Louse","floor":1,"turns":2},{"damage":10,"enemies":"Cultist","floor":3,"turns":5},{"damage":4,"enemies":"Small Slimes","floor":4,"turns":4},{"damage":15,"enemies":"3 Louse","floor":5,"turns":4},{"damage":38,"enemies":"3 Sentries","floor":6,"turns":16},{"damage":52,"enemies":"Lagavulin","floor":8,"turns":9}],"seed_played":"7276346189570710182","potions_obtained":[{"floor":1,"key":"Regen Potion"},{"floor":3,"key":"SpeedPotion"},{"floor":4,"key":"Dexterity Potion"}],"is_trial":false,"path_per_floor":["M","?","M","M","M","E","R","E"],"character_chosen":"IRONCLAD","items_purchased":[],"campfire_rested":0,"item_purchase_floors":[],"current_hp_per_floor":[80,80,76,78,69,52,52,0],"gold":191,"neow_bonus":"THREE_RARE_CARDS","is_prod":false,"is_daily":false,"chose_seed":false,"campfire_upgraded":1,"win_rate":0,"timestamp":1556850255,"path_taken":["M","?","M","M","M","E","R","E"],"build_version":"2019-01-23","purchased_purges":0,"victory":false,"max_hp_per_floor":[80,80,80,80,80,80,80,80],"card_choices":[{"not_picked":["Brutality","Fiend Fire"],"picked":"Limit Break","floor":0},{"not_picked":["Warcry","Iron Wave"],"picked":"Battle Trance","floor":1},{"not_picked":["Bloodletting","Perfected Strike"],"picked":"Iron Wave","floor":3},{"not_picked":["True Grit","Pommel Strike"],"picked":"Burning Pact","floor":4},{"not_picked":["Fire Breathing","Shrug It Off"],"picked":"Flame Barrier","floor":5},{"not_picked":["Second Wind","Ghostly Armor"],"picked":"Flame Barrier","floor":6}],"player_experience":593387,"relics_obtained":[{"floor":6,"key":"Ginger"}],"event_choices":[{"cards_removed":["Regret"],"damage_healed":0,"gold_gain":0,"player_choice":"Purged","damage_taken":0,"max_hp_gain":0,"max_hp_loss":0,"event_name":"Purifier","floor":2,"gold_loss":0}],"is_beta":false,"boss_relics":[],"items_purged_floors":[],"is_endless":false,"potions_floor_spawned":[1,3,4],"killed_by":"Lagavulin","ascension_level":5}