{"gold_per_floor":[117,134,158,168,28,28,28,28,98,118,37,62,62,72,72,72],"floor_reached":16,"playtime":810,"items_purged":[],"score":115,"play_id":"d2facc1b-4c26-4ba7-a513-3ec84361abce","local_time":"20190711141845","is_ascension_mode":true,"campfire_choices":[{"data":"Immolate","floor":6,"key":"SMITH"},{"data":"Armaments","floor":13,"key":"SMITH"},{"floor":15,"key":"REST"}],"neow_cost":"TEN_PERCENT_HP_LOSS","seed_source_timestamp":2877681096877,"circlet_count":0,"master_deck":["Strike_R","Strike_R","Strike_R","Strike_R","Strike_R+1","Defend_R","Defend_R+1","Bash","Immolate","Seeing Red","Shrug It Off","Battle Trance","Infernal Blade","Immolate+1","Evolve","Armaments+1","Evolve","Flame Barrier","Thunderclap","Wild Strike"],"relics":["Burning Blood","Dream Catcher","Blood Vial","Mummified Hand","Unceasing Top"],"potions_floor_usage":[12,12],"damage_taken":[{"damage":1,"enemies":"Cultist","floor":1,"turns":3},{"damage":0,"enemies":"2 Louse","floor":2,"turns":1},{"damage":0,"enemies":"Small Slimes","floor":4,"turns":2},{"damage":18,"enemies":"Exordium Wildlife","floor":10,"turns":2},{"damage":20,"enemies":"Lagavulin","floor":12,"turns":3},{"damage":0,"enemies":"Gremlin Gang","floor":14,"turns":1},{"damage":63,"enemies":"Hexaghost","floor":16,"turns":9}],"seed_played":"6724744485488446885","potions_obtained":[{"floor":1,"key":"GamblersBrew"},{"floor":2,"key":"LiquidBronze"},{"floor":4,"key":"SteroidPotion"}],"is_trial":false,"path_per_floor":["M","M","T","M","$","R","?","?","T","M","$","E","R","M","R","B"],"character_chosen":"IRONCLAD","items_purchased":["Immolate","Armaments","Evolve"],"campfire_rested":1,"item_purchase_floors":[5,11,11],"current_hp_per_floor":[72,72,72,72,72,72,58,51,51,41,41,29,29,37,58,0],"gold":72,"neow_bonus":"TRANSFORM_TWO_CARDS","is_prod":false,"is_daily":false,"chose_seed":false,"campfire_upgraded":2,"win_rate":0,"timestamp":1562847525,"path_taken":["M","M","?","?","$","R","?","?","T","M","?","E","R","M","R","BOSS"],"build_version":"2019-07-05","purchased_purges":0,"victory":false,"max_hp_per_floor":[72,72,72,72,72,72,72,72,72,72,72,72,72,72,72,72],"card_choices":[{"not_picked":["Thunderclap","Flex"],"picked":"Shrug It Off","floor":1},{"not_picked":["Shockwave","Disarm"],"picked":"Battle Trance","floor":2},{"not_picked":["Second Wind","Impervious"],"picked":"Infernal Blade","floor":4},{"not_picked":["Clothesline","Infernal Blade"],"picked":"Evolve","floor":10},{"not_picked":["Shrug It Off","Perfected Strike"],"picked":"Flame Barrier","floor":12},{"not_picked":["Clash","Cleave"],"picked":"Thunderclap","floor":14},{"not_picked":["Combust","Seeing Red"],"picked":"Wild Strike","floor":15}],"player_experience":116965,"relics_obtained":[{"floor":3,"key":"Dream Catcher"},{"floor":9,"key":"Mummified Hand"},{"floor":12,"key":"Unceasing Top"}],"event_choices":[{"damage_healed":0,"gold_gain":0,"player_choice":"Entered Light","damage_taken":14,"max_hp_gain":0,"max_hp_loss":0,"event_name":"Shining Light","floor":7,"gold_loss":0,"cards_upgraded":["Defend_R","Strike_R"]},{"damage_healed":0,"gold_gain":0,"player_choice":"Success","damage_taken":7,"relics_obtained":["Blood Vial"],"max_hp_gain":0,"max_hp_loss":0,"event_name":"Scrap Ooze","floor":8,"gold_loss":0}],"is_beta":false,"boss_relics":[],"items_purged_floors":[],"is_endless":false,"potions_floor_spawned":[1,2,4],"killed_by":"Hexaghost","ascension_level":3}