{"gold_per_floor":[114,114,131,145,161,191,191,223,291,308,323,354,371,397,397,469,469,489,489,507,20,320,320,320,347,347,347,347,366,381,412,412,490,490,505,518,536,536,547,547,565,565],"floor_reached":42,"playtime":2091,"items_purged":["Strike_R"],"score":1344,"play_id":"1f1ba918-8e49-4967-ad43-183a1b3ded0d","local_time":"20190706135528","is_ascension_mode":true,"campfire_choices":[{"floor":7.0,"key":"REST"},{"data":"Immolate","floor":15.0,"key":"SMITH"},{"data":"Feel No Pain","floor":23.0,"key":"SMITH"},{"floor":28.0,"key":"REST"},{"data":"Armaments","floor":32.0,"key":"SMITH"},{"data":"Corruption","floor":40.0,"key":"SMITH"}],"neow_cost":"PERCENT_DAMAGE","seed_source_timestamp":0,"circlet_count":0,"master_deck":["AscendersBane","Defend_R","Defend_R","Defend_R","Defend_R","Bash","Immolate+1","Whirlwind","Feel No Pain+1","Cleave","Shrug It Off","Offering","Flame Barrier","Corruption+1","Flame Barrier","Barricade","Shrug It Off","Juggernaut","Offering+1","Rampage+1","Heavy Blade+1","Ghostly Armor","Body Slam","Metallicize","Ghostly Armor","Madness","Writhe","Armaments","Armaments+1","Shrug It Off","Shockwave","Dark Embrace","Burning Pact","Metallicize","Madness","Madness","Disarm"],"special_seed":0,"relics":["Burning Blood","Smiling Mask","Pocketwatch","Letter Opener","Strawberry","Boot","Astrolabe","Oddly Smooth Stone","Old Coin","Turnip","Matryoshka","Anchor","Enchiridion","Shuriken","Coffee Dripper"],"potions_floor_usage":[],"damage_taken":[{"damage":7.0,"enemies":"Jaw Worm","floor":1.0,"turns":3.0},{"damage":6.0,"enemies":"Cultist","floor":3.0,"turns":3.0},{"damage":0.0,"enemies":"Small Slimes","floor":4.0,"turns":3.0},{"damage":16.0,"enemies":"Blue Slaver","floor":5.0,"turns":4.0},{"damage":41.0,"enemies":"Lagavulin","floor":6.0,"turns":7.0},{"damage":16.0,"enemies":"3 Sentries","floor":8.0,"turns":3.0},{"damage":6.0,"enemies":"3 Louse","floor":10.0,"turns":2.0},{"damage":7.0,"enemies":"Lots of Slimes","floor":11.0,"turns":2.0},{"damage":12.0,"enemies":"Lagavulin","floor":12.0,"turns":7.0},{"damage":0.0,"enemies":"Gremlin Gang","floor":13.0,"turns":1.0},{"damage":6.0,"enemies":"3 Sentries","floor":14.0,"turns":5.0},{"damage":6.0,"enemies":"Slime Boss","floor":16.0,"turns":6.0},{"damage":15.0,"enemies":"2 Thieves","floor":18.0,"turns":3.0},{"damage":19.0,"enemies":"Spheric Guardian","floor":20.0,"turns":5.0},{"damage":19.0,"enemies":"Gremlin Leader","floor":25.0,"turns":8.0},{"damage":13.0,"enemies":"Cultist and Chosen","floor":29.0,"turns":8.0},{"damage":6.0,"enemies":"Sentry and Sphere","floor":30.0,"turns":4.0},{"damage":12.0,"enemies":"Book of Stabbing","floor":31.0,"turns":4.0},{"damage":12.0,"enemies":"Champ","floor":33.0,"turns":8.0},{"damage":6.0,"enemies":"3 Shapes","floor":35.0,"turns":4.0},{"damage":0.0,"enemies":"Orb Walker","floor":36.0,"turns":3.0},{"damage":14.0,"enemies":"3 Darklings","floor":37.0,"turns":5.0},{"damage":14.0,"enemies":"Spire Growth","floor":39.0,"turns":3.0},{"damage":13.0,"enemies":"Transient","floor":41.0,"turns":6.0},{"damage":39,"enemies":"Reptomancer","floor":42,"turns":3}],"seed_played":"908556972219021","potions_obtained":[{"floor":3.0,"key":"Explosive Potion"},{"floor":5.0,"key":"Ancient Potion"},{"floor":10.0,"key":"FearPotion"},{"floor":14.0,"key":"EssenceOfSteel"},{"floor":16.0,"key":"LiquidBronze"},{"floor":18.0,"key":"AttackPotion"},{"floor":25.0,"key":"PowerPotion"},{"floor":31.0,"key":"EssenceOfSteel"},{"floor":39.0,"key":"Dexterity Potion"}],"is_trial":false,"path_per_floor":["M","?","M","M","M","E","R","E","T","M","M","E","M","E","R","B",null,"M","?","M","$","?","R","T","E","T","?","R","M","M","E","R","B",null,"M","M","M","?","M","R","M","E"],"character_chosen":"IRONCLAD","items_purchased":["Oddly Smooth Stone","Metallicize","Ghostly Armor","Madness"],"campfire_rested":2,"item_purchase_floors":[21,21,21,21],"current_hp_per_floor":[49,49,49,55,45,10,32,22,22,22,21,22,28,28,28,28,69,60,76,63,63,63,63,63,50,50,29,53,46,46,40,40,34,70,70,76,68,53,45,45,38,0],"gold":565,"neow_bonus":"THREE_RARE_CARDS","is_prod":false,"is_daily":false,"chose_seed":false,"campfire_upgraded":4,"win_rate":0,"timestamp":1562435728,"path_taken":["M","?","M","M","M","E","R","E","T","?","M","E","M","E","R","BOSS","M","?","M","$","?","R","?","E","T","?","R","M","?","E","R","BOSS","M","?","?","?","M","R","M","E"],"build_version":"2019-06-30","purchased_purges":1,"victory":false,"max_hp_per_floor":[75,75,75,75,75,75,75,75,75,75,75,82,82,82,82,82,82,82,82,82,82,82,82,82,82,82,82,82,82,82,82,82,82,82,82,82,82,82,82,82,82,82],"card_choices":[{"not_picked":["Juggernaut","Double Tap"],"picked":"Immolate","floor":0.0},{"not_picked":["Body Slam","Clash"],"picked":"Whirlwind","floor":1.0},{"not_picked":["Sword Boomerang","Metallicize"],"picked":"Feel No Pain","floor":3.0},{"not_picked":["Flex","Twin Strike"],"picked":"Cleave","floor":4.0},{"not_picked":["Wild Strike","Flame Barrier"],"picked":"Shrug It Off","floor":5.0},{"not_picked":["Armaments","Thunderclap"],"picked":"Offering","floor":6.0},{"not_picked":["Wild Strike","Carnage"],"picked":"Flame Barrier","floor":8.0},{"not_picked":["Dropkick","Anger"],"picked":"Corruption","floor":10.0},{"not_picked":["Armaments","Inflame"],"picked":"Flame Barrier","floor":11.0},{"not_picked":["Impervious","Sentinel"],"picked":"Barricade","floor":12.0},{"not_picked":["Perfected Strike","Wild Strike","Iron Wave"],"picked":"SKIP","floor":13.0},{"not_picked":["Hemokinesis","Twin Strike"],"picked":"Shrug It Off","floor":14.0},{"not_picked":["Reaper","Double Tap"],"picked":"Juggernaut","floor":16.0},{"not_picked":["Heavy Blade","Iron Wave"],"picked":"Ghostly Armor","floor":18.0},{"not_picked":["Warcry","Cleave"],"picked":"Body Slam","floor":20.0},{"not_picked":["Cleave","Sever Soul"],"picked":"Armaments","floor":25.0},{"not_picked":["Clothesline","Whirlwind"],"picked":"Armaments","floor":29.0},{"not_picked":["Rupture+1","Combust"],"picked":"Shrug It Off","floor":30.0},{"not_picked":["Thunderclap","Perfected Strike"],"picked":"Shockwave","floor":31.0},{"not_picked":["Immolate","Bludgeon"],"picked":"Dark Embrace","floor":33.0},{"not_picked":["Inflame","Anger+1"],"picked":"Burning Pact","floor":35.0},{"not_picked":["Cleave","Combust","Warcry+1"],"picked":"SKIP","floor":36.0},{"not_picked":["Disarm","Flex"],"picked":"Metallicize","floor":37.0},{"not_picked":["Reckless Charge","Whirlwind+1"],"picked":"Disarm","floor":39.0},{"not_picked":["Cleave","Headbutt","Combust"],"picked":"SKIP","floor":41.0}],"player_experience":3162241,"relics_obtained":[{"floor":6.0,"key":"Smiling Mask"},{"floor":8.0,"key":"Pocketwatch"},{"floor":9.0,"key":"Letter Opener"},{"floor":12.0,"key":"Strawberry"},{"floor":14.0,"key":"Boot"},{"floor":24.0,"key":"Turnip"},{"floor":25.0,"key":"Matryoshka"},{"floor":26.0,"key":"Anchor"},{"floor":27.0,"key":"Enchiridion"},{"floor":31.0,"key":"Shuriken"}],"event_choices":[{"cards_removed":["Strike_R"],"damage_healed":0.0,"max_hp_gain":0.0,"max_hp_loss":0.0,"gold_gain":0.0,"event_name":"Purifier","player_choice":"Purged","floor":2.0,"gold_loss":0.0,"damage_taken":0.0},{"damage_healed":16.0,"max_hp_gain":0.0,"max_hp_loss":0.0,"gold_gain":0.0,"event_name":"The Library","player_choice":"Heal","floor":19.0,"gold_loss":0.0,"damage_taken":0.0},{"damage_healed":0.0,"max_hp_gain":0.0,"max_hp_loss":0.0,"gold_gain":0.0,"event_name":"The Mausoleum","player_choice":"Opened","floor":22.0,"gold_loss":0.0,"damage_taken":0.0,"relics_obtained":["Old Coin"],"cards_obtained":["Writhe"]},{"damage_healed":0.0,"max_hp_gain":0.0,"max_hp_loss":0.0,"gold_gain":0.0,"event_name":"Cursed Tome","player_choice":"Obtained Book","floor":27.0,"gold_loss":0.0,"damage_taken":21.0},{"damage_healed":0.0,"max_hp_gain":0.0,"max_hp_loss":0.0,"gold_gain":0.0,"event_name":"Winding Halls","player_choice":"Embrace Madness","floor":38.0,"gold_loss":0.0,"damage_taken":15.0,"cards_obtained":["Madness","Madness"]}],"is_beta":true,"boss_relics":[{"not_picked":["Empty Cage","Tiny House"],"picked":"Astrolabe"},{"not_picked":["Runic Cube","Eternal Feather"],"picked":"Coffee Dripper"}],"items_purged_floors":[21],"is_endless":false,"potions_floor_spawned":[3,5,10,11,14,16,18,25,30,31,35,36,39],"killed_by":"Reptomancer","ascension_level":20}