{"gold_per_floor":[111,128,128,128,3,3,33,33,33,46,59,209,209,209,209,283,283,297,297,297,315,105,134,150,150,150,165,165,198,198,208,208,282,282,299,309,3,16,16,16,16,50,50,50,60,70,70,97,97,97],"floor_reached":51,"playtime":2184,"items_purged":["Strike_R","Strike_R+1"],"score":1315,"play_id":"9e348328-517e-42f5-b047-7f10fdf08cea","local_time":"20190713191131","is_ascension_mode":true,"campfire_choices":[{"data":"Metallicize","floor":6,"key":"SMITH"},{"data":"Juggernaut","floor":8,"key":"SMITH"},{"data":"True Grit","floor":15,"key":"SMITH"},{"floor":25,"key":"REST"},{"data":"Body Slam","floor":28,"key":"SMITH"},{"data":"Mayhem","floor":30,"key":"SMITH"},{"data":"Barricade","floor":32,"key":"SMITH"},{"floor":40,"key":"REST"},{"floor":44,"key":"REST"},{"data":"Battle Trance","floor":49,"key":"SMITH"}],"neow_cost":"NONE","seed_source_timestamp":186043033444930,"circlet_count":0,"master_deck":["AscendersBane","Strike_R+1","Strike_R+1","Strike_R+1","Defend_R+1","Defend_R+1","Defend_R+1","Defend_R+1","Bash+1","Battle Trance+1","Metallicize+1","Juggernaut+1","True Grit+1","Ghostly Armor+1","Barricade+1","Ghostly Armor","Clothesline+1","Metallicize","Mayhem+1","Body Slam+1","Warcry+1","Entrench+1","Ghostly Armor+1","Headbutt+1"],"relics":["Burning Blood","Potion Belt","Bag of Marbles","Mercury Hourglass","Matryoshka","Runic Dome","Champion Belt","Self Forming Clay","Sundial","Red Mask","Lizard Tail","Lantern","PreservedInsect","War Paint","Charon\u0027s Ashes","Bag of Preparation"],"potions_floor_usage":[7,16,23,23,24,29,33,33,38,46,50],"damage_taken":[{"damage":1,"enemies":"Cultist","floor":1,"turns":4},{"damage":4,"enemies":"2 Louse","floor":2,"turns":4},{"damage":16,"enemies":"3 Sentries","floor":7,"turns":10},{"damage":2,"enemies":"Jaw Worm","floor":10,"turns":4},{"damage":6,"enemies":"Blue Slaver","floor":11,"turns":3},{"damage":3,"enemies":"The Guardian","floor":16,"turns":10},{"damage":4,"enemies":"Shell Parasite","floor":18,"turns":5},{"damage":18,"enemies":"3 Byrds","floor":21,"turns":4},{"damage":2,"enemies":"Book of Stabbing","floor":23,"turns":6},{"damage":10,"enemies":"3 Cultists","floor":24,"turns":7},{"damage":5,"enemies":"Snake Plant","floor":27,"turns":4},{"damage":16,"enemies":"Masked Bandits","floor":29,"turns":5},{"damage":6,"enemies":"Centurion and Healer","floor":31,"turns":9},{"damage":6,"enemies":"Automaton","floor":33,"turns":8},{"damage":25,"enemies":"3 Darklings","floor":35,"turns":5},{"damage":0,"enemies":"3 Shapes","floor":36,"turns":6},{"damage":42,"enemies":"Transient","floor":38,"turns":5},{"damage":0,"enemies":"Giant Head","floor":42,"turns":7},{"damage":0,"enemies":"Sphere and 2 Shapes","floor":45,"turns":5},{"damage":0,"enemies":"4 Shapes","floor":46,"turns":5},{"damage":13,"enemies":"Reptomancer","floor":48,"turns":5},{"damage":10,"enemies":"Time Eater","floor":50,"turns":8}],"seed_played":"-1709836573427402993","potions_obtained":[{"floor":7,"key":"Swift Potion"},{"floor":10,"key":"EssenceOfSteel"},{"floor":11,"key":"Ancient Potion"},{"floor":16,"key":"Weak Potion"},{"floor":18,"key":"GamblersBrew"},{"floor":29,"key":"AttackPotion"},{"floor":31,"key":"Explosive Potion"},{"floor":36,"key":"Explosive Potion"},{"floor":42,"key":"GamblersBrew"},{"floor":45,"key":"Strength Potion"},{"floor":46,"key":"FearPotion"}],"is_trial":false,"path_per_floor":["M","M","$","?","$","R","E","R","T","M","M","?","?","?","R","B",null,"M","?","?","M","$","E","M","R","T","M","R","?","R","M","R","B",null,"M","M","$","M","$","R","?","E","T","R","M","M","?","E","R","B",null],"character_chosen":"IRONCLAD","items_purchased":["Fire Potion","Metallicize","Mayhem","Lantern","Weak Potion"],"campfire_rested":3,"item_purchase_floors":[5,22,22,37,37],"current_hp_per_floor":[73,75,75,49,49,49,39,39,39,43,43,43,43,20,20,23,62,64,64,43,31,31,35,31,55,55,56,56,46,46,46,46,46,72,53,59,59,23,23,47,47,53,53,77,80,80,80,73,73,69],"gold":97,"neow_bonus":"RANDOM_COMMON_RELIC","is_prod":false,"is_daily":false,"chose_seed":false,"campfire_upgraded":7,"win_rate":0,"timestamp":1563012691,"path_taken":["M","M","?","?","$","R","E","R","T","?","M","?","?","?","R","BOSS","M","?","?","M","$","E","M","R","T","M","R","?","R","M","R","BOSS","M","M","$","M","$","R","?","E","T","R","M","?","?","E","R","BOSS"],"build_version":"2019-07-01","purchased_purges":2,"victory":true,"max_hp_per_floor":[75,75,75,75,75,75,75,75,75,75,75,75,75,75,75,75,75,75,75,80,80,80,80,80,80,80,80,80,80,80,80,80,80,80,80,80,80,80,80,80,80,80,80,80,80,80,80,80,80,80],"card_choices":[{"not_picked":["True Grit","Rampage"],"picked":"Battle Trance","floor":1},{"not_picked":["Twin Strike","Perfected Strike"],"picked":"Metallicize","floor":2},{"not_picked":["Twin Strike","Power Through"],"picked":"Juggernaut","floor":7},{"not_picked":["Inflame","Cleave"],"picked":"True Grit","floor":10},{"not_picked":["Corruption","Twin Strike"],"picked":"Ghostly Armor","floor":11},{"not_picked":["Immolate","Demon Form"],"picked":"Barricade","floor":16},{"not_picked":["Sword Boomerang","Anger"],"picked":"Ghostly Armor","floor":18},{"not_picked":["Seeing Red","Twin Strike"],"picked":"Clothesline+1","floor":21},{"not_picked":["Rampage+1","Reckless Charge+1","Exhume"],"picked":"SKIP","floor":23},{"not_picked":["Thunderclap","Intimidate","Perfected Strike"],"picked":"SKIP","floor":24},{"not_picked":["Feel No Pain","Infernal Blade"],"picked":"Body Slam","floor":27},{"not_picked":["Twin Strike","Second Wind"],"picked":"Warcry+1","floor":31},{"not_picked":["Perfected Strike+1","Anger+1"],"picked":"Entrench","floor":35},{"not_picked":["True Grit+1","Perfected Strike+1","Clash"],"picked":"SKIP","floor":36},{"not_picked":["Wild Strike","Power Through+1"],"picked":"Ghostly Armor+1","floor":38},{"not_picked":["Anger","Ghostly Armor","Dark Embrace"],"picked":"SKIP","floor":42},{"not_picked":["Anger","True Grit"],"picked":"Headbutt+1","floor":45},{"not_picked":["Clash","Wild Strike","Shrug It Off"],"picked":"SKIP","floor":46},{"not_picked":["Flex","Dropkick","Feel No Pain"],"picked":"SKIP","floor":48}],"player_experience":1122906,"relics_obtained":[{"floor":7,"key":"Mercury Hourglass"},{"floor":9,"key":"Matryoshka"},{"floor":23,"key":"Champion Belt"},{"floor":26,"key":"Self Forming Clay"},{"floor":26,"key":"Sundial"},{"floor":29,"key":"Red Mask"},{"floor":42,"key":"PreservedInsect"},{"floor":43,"key":"War Paint"},{"floor":43,"key":"Charon\u0027s Ashes"},{"floor":48,"key":"Bag of Preparation"}],"event_choices":[{"damage_healed":0,"gold_gain":0,"player_choice":"Success","damage_taken":26,"relics_obtained":["Bag of Marbles"],"max_hp_gain":0,"max_hp_loss":0,"event_name":"Scrap Ooze","floor":4,"gold_loss":0},{"damage_healed":0,"gold_gain":150,"player_choice":"AGREE","damage_taken":0,"max_hp_gain":0,"max_hp_loss":0,"event_name":"Liars Game","floor":12,"gold_loss":0,"cards_obtained":["Doubt"]},{"cards_removed":["Doubt"],"damage_healed":0,"gold_gain":0,"player_choice":"Forget","damage_taken":0,"max_hp_gain":0,"max_hp_loss":0,"event_name":"Living Wall","floor":13,"gold_loss":0},{"damage_healed":0,"gold_gain":0,"player_choice":"Entered Light","damage_taken":23,"max_hp_gain":0,"max_hp_loss":0,"event_name":"Shining Light","floor":14,"gold_loss":0,"cards_upgraded":["Bash","Strike_R"]},{"damage_healed":0,"gold_gain":0,"player_choice":"Simplicity","damage_taken":0,"max_hp_gain":0,"max_hp_loss":0,"event_name":"Back to Basics","floor":19,"gold_loss":0,"cards_upgraded":["Strike_R","Strike_R","Strike_R","Defend_R","Defend_R","Defend_R","Defend_R"]},{"damage_healed":0,"gold_gain":0,"player_choice":"Shed Blood","damage_taken":26,"max_hp_gain":5,"max_hp_loss":0,"event_name":"Forgotten Altar","floor":20,"gold_loss":0},{"damage_healed":0,"gold_gain":0,"player_choice":"Fought Bandits","damage_taken":0,"max_hp_gain":0,"max_hp_loss":0,"event_name":"Masked Bandits","floor":29,"gold_loss":0},{"damage_healed":0,"gold_gain":0,"player_choice":"Ignored","damage_taken":0,"max_hp_gain":0,"max_hp_loss":0,"event_name":"SecretPortal","floor":41,"gold_loss":0},{"damage_healed":0,"gold_gain":0,"player_choice":"Memory 1","damage_taken":0,"max_hp_gain":0,"max_hp_loss":0,"event_name":"SensoryStone","floor":47,"gold_loss":0}],"is_beta":false,"boss_relics":[{"not_picked":["Fusion Hammer","White Beast Statue"],"picked":"Runic Dome"},{"not_picked":["Calling Bell","Coffee Dripper"],"picked":"Lizard Tail"}],"items_purged_floors":[5,37],"is_endless":false,"potions_floor_spawned":[7,10,11,16,18,29,31,36,42,45,46],"ascension_level":15}