{"gold_per_floor":[119,137,154,44,58,58,58,73,100,119,135,35,45,45,45,148,148],"floor_reached":17,"playtime":4397,"items_purged":["Strike_R","Strike_R"],"score":159,"play_id":"334f796e-a6dd-4d7a-b7f3-657f0674ac13","local_time":"20190710223901","is_ascension_mode":true,"campfire_choices":[{"data":"Carnage","floor":6,"key":"SMITH"},{"data":"Ghostly Armor","floor":15,"key":"SMITH"}],"neow_cost":"NONE","seed_source_timestamp":29877115348765,"circlet_count":0,"master_deck":["Strike_R","Defend_R","Defend_R","Defend_R","Defend_R","Bash","Clothesline","Body Slam","Hemokinesis","Carnage+1","Armaments","Ghostly Armor+1","Iron Wave","Berserk","Headbutt","Second Wind"],"relics":["Burning Blood","Bag of Marbles","Orrery"],"potions_floor_usage":[],"damage_taken":[{"damage":1,"enemies":"Jaw Worm","floor":1,"turns":3},{"damage":0,"enemies":"Small Slimes","floor":2,"turns":4},{"damage":2,"enemies":"2 Louse","floor":3,"turns":4},{"damage":10,"enemies":"Exordium Thugs","floor":5,"turns":4},{"damage":8,"enemies":"Gremlin Gang","floor":8,"turns":7},{"damage":6,"enemies":"Large Slime","floor":10,"turns":4},{"damage":2,"enemies":"Blue Slaver","floor":11,"turns":2},{"damage":0,"enemies":"3 Louse","floor":13,"turns":3},{"damage":23,"enemies":"Slime Boss","floor":16,"turns":7}],"seed_played":"293914977658471662","potions_obtained":[{"floor":2,"key":"Regen Potion"},{"floor":10,"key":"Poison Potion"},{"floor":11,"key":"Dexterity Potion"}],"is_trial":false,"path_per_floor":["M","M","M","$","M","R","?","M","T","M","M","$","M","?","R","B",null],"character_chosen":"IRONCLAD","items_purchased":["Carnage"],"campfire_rested":0,"item_purchase_floors":[4],"current_hp_per_floor":[88,88,88,88,84,84,84,82,82,82,86,86,88,81,81,64,64],"gold":148,"neow_bonus":"TEN_PERCENT_HP_BONUS","is_prod":false,"is_daily":false,"chose_seed":false,"campfire_upgraded":2,"win_rate":0,"timestamp":1562791141,"path_taken":["M","M","M","$","M","R","?","M","T","M","M","$","M","?","R","BOSS"],"build_version":"2019-07-05","purchased_purges":2,"victory":false,"max_hp_per_floor":[88,88,88,88,88,88,88,88,88,88,88,88,88,88,88,88,88],"card_choices":[{"not_picked":["Havoc","Anger"],"picked":"Clothesline","floor":1},{"not_picked":["Intimidate","Warcry"],"picked":"Body Slam","floor":2},{"not_picked":["Thunderclap","Cleave"],"picked":"Hemokinesis","floor":3},{"not_picked":["Wild Strike","Rampage","Blood for Blood"],"picked":"SKIP","floor":5},{"not_picked":["Perfected Strike","Iron Wave"],"picked":"Armaments","floor":8},{"not_picked":["Intimidate","Entrench","Anger"],"picked":"SKIP","floor":10},{"not_picked":["Cleave","Heavy Blade"],"picked":"Ghostly Armor","floor":11},{"not_picked":["Pommel Strike","Wild Strike"],"picked":"Iron Wave","floor":13},{"not_picked":["Exhume","Double Tap"],"picked":"Berserk","floor":16},{"not_picked":["Havoc","Heavy Blade"],"picked":"Headbutt","floor":17},{"not_picked":["Twin Strike","Evolve"],"picked":"Second Wind","floor":17}],"player_experience":94459,"relics_obtained":[{"floor":9,"key":"Bag of Marbles"}],"event_choices":[{"cards_removed":["Strike_R"],"damage_healed":0,"gold_gain":0,"player_choice":"Forget","damage_taken":0,"max_hp_gain":0,"max_hp_loss":0,"event_name":"Living Wall","floor":7,"gold_loss":0},{"cards_removed":["Strike_R"],"damage_healed":0,"gold_gain":0,"player_choice":"Card Removal","damage_taken":7,"max_hp_gain":0,"max_hp_loss":0,"event_name":"Golden Wing","floor":14,"gold_loss":0}],"is_beta":false,"boss_relics":[{"not_picked":["Mark of Pain","Ectoplasm"],"picked":"Orrery"}],"items_purged_floors":[4,12],"is_endless":false,"potions_floor_spawned":[2,10,11,13,16],"ascension_level":1}