{"gold_per_floor":[115,126,145,145,44,44,76,76,100,118,128,144,173,173,173,278,278,288,188,204,216,229,229,248,258,312,323,323,335,210,222,222,319,369,382,382,395,245,262,290,290,290,362,64,64,78,27,27,27,27,27,27,27,56,56],"floor_reached":55,"playtime":4422,"items_purged":["Strike_R","Bash","Strike_R","Strike_R","Strike_R"],"score":678,"play_id":"c9628035-42ea-4c04-b5cf-c3dd8ae6b1a1","local_time":"20190717060041","is_ascension_mode":false,"campfire_choices":[{"data":"Armaments","floor":6.0,"key":"SMITH"},{"floor":8.0,"key":"RECALL"},{"data":"Body Slam","floor":15.0,"key":"SMITH"},{"data":"Body Slam","floor":23.0,"key":"SMITH"},{"floor":32.0,"key":"REST"},{"data":"Ghostly Armor","floor":42.0,"key":"SMITH"},{"data":"Berserk","floor":45.0,"key":"SMITH"},{"data":"Metallicize","floor":49.0,"key":"SMITH"},{"data":"Defend_R","floor":52,"key":"SMITH"}],"neow_cost":"TEN_PERCENT_HP_LOSS","seed_source_timestamp":0,"circlet_count":0,"master_deck":["Strike_R+1","Defend_R+1","Defend_R","Defend_R+1","Defend_R+1","Juggernaut+1","Metallicize+1","Shrug It Off+1","Armaments+1","Body Slam+1","Impatience","Berserk+1","Body Slam+1","Ghostly Armor+1","Body Slam+1"],"special_seed":0,"relics":["Burning Blood","War Paint","Odd Mushroom","Runic Cube","Blood Vial","Molten Egg 2","Tiny House","Magic Flower","Mercury Hourglass","Gremlin Horn","Bronze Scales"],"potions_floor_usage":[50,50,50],"damage_taken":[{"damage":9.0,"enemies":"Cultist","floor":1.0,"turns":4.0},{"damage":4.0,"enemies":"2 Louse","floor":2.0,"turns":4.0},{"damage":0.0,"enemies":"Small Slimes","floor":3.0,"turns":4.0},{"damage":11.0,"enemies":"3 Sentries","floor":7.0,"turns":6.0},{"damage":0.0,"enemies":"Red Slaver","floor":10.0,"turns":4.0},{"damage":8.0,"enemies":"Large Slime","floor":11.0,"turns":5.0},{"damage":0.0,"enemies":"Blue Slaver","floor":12.0,"turns":3.0},{"damage":8.0,"enemies":"The Mushroom Lair","floor":13.0,"turns":4.0},{"damage":6.0,"enemies":"Hexaghost","floor":16.0,"turns":9.0},{"damage":23.0,"enemies":"Shell Parasite","floor":18.0,"turns":5.0},{"damage":2.0,"enemies":"Spheric Guardian","floor":20.0,"turns":4.0},{"damage":10.0,"enemies":"Cultist and Chosen","floor":21.0,"turns":6.0},{"damage":12.0,"enemies":"Sentry and Sphere","floor":22.0,"turns":5.0},{"damage":18.0,"enemies":"Centurion and Healer","floor":24.0,"turns":5.0},{"damage":11.0,"enemies":"Snecko","floor":25.0,"turns":6.0},{"damage":12.0,"enemies":"Snake Plant","floor":27.0,"turns":3.0},{"damage":7.0,"enemies":"Shelled Parasite and Fungi","floor":29.0,"turns":5.0},{"damage":9.0,"enemies":"3 Cultists","floor":31.0,"turns":5.0},{"damage":27.0,"enemies":"Champ","floor":33.0,"turns":11.0},{"damage":18.0,"enemies":"3 Darklings","floor":35.0,"turns":5.0},{"damage":8.0,"enemies":"3 Shapes","floor":37.0,"turns":7.0},{"damage":6.0,"enemies":"Transient","floor":39.0,"turns":5.0},{"damage":0.0,"enemies":"Giant Head","floor":40.0,"turns":7.0},{"damage":0.0,"enemies":"Maw","floor":46.0,"turns":7.0},{"damage":30,"enemies":"Time Eater","floor":50,"turns":9},{"damage":55,"enemies":"Shield and Spear","floor":54,"turns":7},{"damage":54,"enemies":"The Heart","floor":55,"turns":3}],"seed_played":"-6014681492593097751","potions_obtained":[{"floor":1.0,"key":"EssenceOfSteel"},{"floor":2.0,"key":"PowerPotion"},{"floor":11.0,"key":"Energy Potion"},{"floor":12.0,"key":"Block Potion"},{"floor":16.0,"key":"Explosive Potion"},{"floor":22.0,"key":"SpeedPotion"},{"floor":25.0,"key":"PowerPotion"},{"floor":29.0,"key":"AttackPotion"},{"floor":33.0,"key":"Fire Potion"},{"floor":34.0,"key":"Poison Potion"},{"floor":35.0,"key":"PowerPotion"},{"floor":37.0,"key":"Fire Potion"},{"floor":40.0,"key":"SpeedPotion"}],"is_trial":false,"path_per_floor":["M","M","M","?","$","R","E","R","T","M","M","M","?","?","R","B",null,"M","$","M","M","M","R","M","M","T","M","T","M","$","M","R","B",null,"M","?","M","$","M","E","?","R","T","$","R","M","$","T","R","B",null,"R","$","E","B"],"character_chosen":"IRONCLAD","items_purchased":["Armaments","PowerPotion","Ancient Potion","PowerPotion"],"campfire_rested":1,"item_purchase_floors":[5,44,44,47],"current_hp_per_floor":[69,71,72,58,58,58,53,53,53,59,57,63,61,61,61,61,72,55,55,59,55,49,49,37,32,32,28,28,29,29,28,49,30,77,65,65,65,65,67,75,75,75,75,75,75,77,77,77,77,56,77,77,77,31,0],"gold":56,"neow_bonus":"THREE_RARE_CARDS","is_prod":false,"is_daily":false,"chose_seed":false,"campfire_upgraded":7,"win_rate":0,"timestamp":1563336041,"path_taken":["M","M","M","?","$","R","E","R","T","M","M","M","?","?","R","BOSS","M","$","M","M","M","R","M","M","T","M","?","M","$","M","R","BOSS","M","?","M","$","M","E","?","R","T","$","R","M","?","?","R","BOSS","R","$","E","BOSS"],"build_version":"2019-07-05","purchased_purges":5,"victory":false,"max_hp_per_floor":[72,72,72,72,72,72,72,72,72,72,72,72,72,72,72,72,72,72,72,72,72,72,72,72,72,72,72,72,72,72,72,72,72,77,77,77,77,77,77,77,77,77,77,77,77,77,77,77,77,77,77,77,77,77,77],"card_choices":[{"not_picked":["Impervious","Limit Break"],"picked":"Juggernaut","floor":0.0},{"not_picked":["Clash","Carnage"],"picked":"Metallicize","floor":1.0},{"not_picked":["Reckless Charge","Wild Strike","Dual Wield"],"picked":"SKIP","floor":2.0},{"not_picked":["Dual Wield","Fire Breathing"],"picked":"Shrug It Off","floor":3.0},{"not_picked":["Warcry","Evolve","Armaments"],"picked":"SKIP","floor":7.0},{"not_picked":["Armaments","Shrug It Off","Offering"],"picked":"SKIP","floor":10.0},{"not_picked":["Searing Blow","Headbutt","Pommel Strike"],"picked":"SKIP","floor":11.0},{"not_picked":["Burning Pact","Clothesline","Evolve"],"picked":"SKIP","floor":12.0},{"not_picked":["Combust","Rampage"],"picked":"Body Slam","floor":13.0},{"not_picked":["Juggernaut","Fiend Fire"],"picked":"Berserk","floor":16.0},{"not_picked":["True Grit+1","Metallicize","Inflame"],"picked":"SKIP","floor":18.0},{"not_picked":["Rage","Cleave","Sword Boomerang"],"picked":"SKIP","floor":20.0},{"not_picked":["Perfected Strike","Rampage"],"picked":"Body Slam","floor":21.0},{"not_picked":["Anger","Seeing Red","True Grit+1"],"picked":"SKIP","floor":22.0},{"not_picked":["Pommel Strike","Anger","Warcry"],"picked":"SKIP","floor":24.0},{"not_picked":["Inflame","Second Wind+1","Rampage"],"picked":"SKIP","floor":25.0},{"not_picked":["Pommel Strike","Flex+1","Armaments"],"picked":"SKIP","floor":27.0},{"not_picked":["Rupture","Dropkick+1","Combust"],"picked":"SKIP","floor":29.0},{"not_picked":["Shrug It Off","Feed+1","Clash+1"],"picked":"SKIP","floor":31.0},{"not_picked":["Sword Boomerang+1","Heavy Blade+1"],"picked":"Ghostly Armor","floor":34.0},{"not_picked":["Corruption+1","Heavy Blade+1","Perfected Strike+1"],"picked":"SKIP","floor":35.0},{"not_picked":["Pommel Strike+1","Flex","Clothesline+1"],"picked":"SKIP","floor":37.0},{"not_picked":["Evolve+1","Havoc+1","Headbutt+1"],"picked":"SKIP","floor":39.0},{"not_picked":["Headbutt+1","Flex","Clothesline+1"],"picked":"SKIP","floor":40.0},{"not_picked":["Armaments+1","Dark Embrace","Whirlwind+1"],"picked":"SKIP","floor":46.0},{"not_picked":["Thunderclap+1","Pommel Strike+1"],"picked":"Body Slam+1","floor":54}],"player_experience":192035,"relics_obtained":[{"floor":7.0,"key":"War Paint"},{"floor":13.0,"key":"Odd Mushroom"},{"floor":26.0,"key":"Blood Vial"},{"floor":28.0,"key":"Molten Egg 2"},{"floor":40.0,"key":"Magic Flower"},{"floor":43.0,"key":"Mercury Hourglass"},{"floor":48.0,"key":"Gremlin Horn"},{"floor":54,"key":"Bronze Scales"}],"event_choices":[{"damage_healed":0.0,"max_hp_gain":0.0,"max_hp_loss":0.0,"gold_gain":0.0,"event_name":"Shining Light","player_choice":"Entered Light","floor":4.0,"gold_loss":0.0,"damage_taken":14.0,"cards_upgraded":["Strike_R","Juggernaut"]},{"damage_healed":0.0,"max_hp_gain":0.0,"max_hp_loss":0.0,"gold_gain":0.0,"event_name":"Mushrooms","player_choice":"Fought Mushrooms","floor":13.0,"gold_loss":0.0,"damage_taken":0.0},{"damage_healed":0.0,"max_hp_gain":0.0,"max_hp_loss":0.0,"gold_gain":0.0,"event_name":"Match and Keep!","player_choice":"1 cards matched","floor":14.0,"gold_loss":0.0,"damage_taken":0.0,"cards_obtained":["Impatience"]},{"damage_healed":0.0,"max_hp_gain":0.0,"max_hp_loss":0.0,"gold_gain":0.0,"event_name":"Tomb of Lord Red Mask","player_choice":"Ignored","floor":36.0,"gold_loss":0.0,"damage_taken":0.0},{"damage_healed":0.0,"max_hp_gain":0.0,"max_hp_loss":0.0,"gold_gain":0.0,"event_name":"Mysterious Sphere","player_choice":"Ignored","floor":41.0,"gold_loss":0.0,"damage_taken":0.0}],"is_beta":false,"boss_relics":[{"not_picked":["Snecko Eye","Pandora\u0027s Box"],"picked":"Runic Cube"},{"not_picked":["Calling Bell","Velvet Choker"],"picked":"Tiny House"}],"items_purged_floors":[5,19,30,38,44],"is_endless":false,"potions_floor_spawned":[1,2,11,12,16,22,25,29,33,35,37,40],"killed_by":"The Heart","ascension_level":0}