{"gold_per_floor":[13,13,28,44,68,68,111,111,111,111,127,152,152,195,195,286,286,286],"floor_reached":18,"playtime":1876,"items_purged":[],"score":301,"play_id":"b8753178-81c8-46e6-9c56-6c87257538e4","local_time":"20190716213025","is_ascension_mode":true,"campfire_choices":[{"data":"Perfected Strike","floor":6,"key":"SMITH"},{"data":"Perfected Strike","floor":8,"key":"SMITH"},{"data":"Demon Form","floor":13,"key":"SMITH"},{"data":"Bash","floor":15,"key":"SMITH"}],"neow_cost":"NO_GOLD","seed_source_timestamp":456219656141289,"circlet_count":0,"master_deck":["AscendersBane","Strike_R","Strike_R","Strike_R","Strike_R","Defend_R","Bash+1","Shrug It Off","Cleave","Perfected Strike+1","Perfected Strike+1","Perfected Strike","Demon Form+1","Anger","Fiend Fire","Body Slam+1","Fiend Fire+1","Barricade+1"],"relics":["Burning Blood","WingedGreaves","Golden Idol","Shuriken","Champion Belt","Bird Faced Urn","Astrolabe"],"potions_floor_usage":[5,14,14,14,14],"damage_taken":[{"damage":1,"enemies":"Cultist","floor":1,"turns":3},{"damage":1,"enemies":"2 Louse","floor":3,"turns":3},{"damage":13,"enemies":"Jaw Worm","floor":4,"turns":5},{"damage":15,"enemies":"Exordium Thugs","floor":5,"turns":7},{"damage":27,"enemies":"3 Sentries","floor":7,"turns":6},{"damage":0,"enemies":"Blue Slaver","floor":11,"turns":2},{"damage":7,"enemies":"2 Fungi Beasts","floor":12,"turns":3},{"damage":20,"enemies":"Lagavulin","floor":14,"turns":5},{"damage":14,"enemies":"Hexaghost","floor":16,"turns":6},{"damage":0,"enemies":"2 Thieves","floor":18,"turns":1}],"seed_played":"5539307628673938079","potions_obtained":[{"floor":3,"key":"Explosive Potion"},{"floor":7,"key":"Ancient Potion"},{"floor":11,"key":"EntropicBrew"},{"floor":16,"key":"Swift Potion"}],"is_trial":false,"path_per_floor":["M","?","M","M","M","R","E","R","T","?","M","M","R","E","R","B",null,"M"],"character_chosen":"IRONCLAD","items_purchased":[],"campfire_rested":0,"item_purchase_floors":[],"current_hp_per_floor":[73,68,68,61,52,52,31,31,31,24,30,29,29,15,15,9,53,53],"gold":286,"neow_bonus":"ONE_RARE_RELIC","is_prod":false,"is_daily":false,"chose_seed":false,"campfire_upgraded":4,"win_rate":0,"timestamp":1563280225,"path_taken":["M","?","M","M","M","R","E","R","T","?","M","M","R","E","R","BOSS","M"],"build_version":"2019-07-01","purchased_purges":0,"victory":false,"max_hp_per_floor":[75,68,68,68,68,68,68,68,68,68,68,68,68,68,68,68,68,68],"card_choices":[{"not_picked":["Flex","Warcry"],"picked":"Shrug It Off","floor":1},{"not_picked":["Armaments","Warcry"],"picked":"Cleave","floor":3},{"not_picked":["Combust","Entrench","Warcry"],"picked":"SKIP","floor":4},{"not_picked":["Cleave","Wild Strike"],"picked":"Perfected Strike","floor":5},{"not_picked":["Iron Wave","Entrench"],"picked":"Perfected Strike","floor":7},{"not_picked":["Clothesline","Clash"],"picked":"Perfected Strike","floor":11},{"not_picked":["Heavy Blade","Body Slam"],"picked":"Demon Form","floor":12},{"not_picked":["Wild Strike","Thunderclap"],"picked":"Anger","floor":14},{"not_picked":["Barricade","Dark Embrace"],"picked":"Fiend Fire","floor":16}],"player_experience":1144354,"relics_obtained":[{"floor":7,"key":"Shuriken"},{"floor":9,"key":"Champion Belt"},{"floor":14,"key":"Bird Faced Urn"}],"event_choices":[{"damage_healed":0,"gold_gain":0,"player_choice":"Lose Max HP","damage_taken":0,"relics_obtained":["Golden Idol"],"max_hp_gain":0,"max_hp_loss":7,"event_name":"Golden Idol","floor":2,"gold_loss":0},{"cards_removed":["Strike_R"],"damage_healed":0,"gold_gain":0,"player_choice":"Card Removal","damage_taken":7,"max_hp_gain":0,"max_hp_loss":0,"event_name":"Golden Wing","floor":10,"gold_loss":0}],"is_beta":false,"boss_relics":[{"not_picked":["Pandora\u0027s Box","Black Star"],"picked":"Astrolabe"}],"items_purged_floors":[],"is_endless":false,"potions_floor_spawned":[3,7,11,16],"killed_by":"2 Thieves","ascension_level":15}