{"gold_per_floor":[115,128,128,140,140,140,164,35,106,185,185,219,219,219,219,349,349,363,59,59,19,19,19,60,60,60,80,99,0,16,16],"floor_reached":31,"playtime":1107,"items_purged":["Injury"],"score":253,"play_id":"05c75317-98b0-4ccd-b203-f502c98578ff","local_time":"20190328163956","is_ascension_mode":false,"campfire_choices":[{"data":"Pommel Strike","floor":6,"key":"SMITH"},{"floor":11,"key":"REST"},{"floor":15,"key":"REST"},{"data":"RitualDagger","floor":23,"key":"SMITH"},{"data":"Reaper","floor":25,"key":"SMITH"}],"neow_cost":"NONE","seed_source_timestamp":9153118865422,"circlet_count":0,"master_deck":["Strike_R","Strike_R","Strike_R","Strike_R","Strike_R","Defend_R","Defend_R","Defend_R","Defend_R","Bash","Inflame","Warcry","Pommel Strike+1","Spot Weakness","Twin Strike","Power Through","Shrug It Off","Pain","Reaper+1","Dropkick","Blood for Blood","Carnage","Heavy Blade","Spot Weakness","RitualDagger+1","Inflame","Clash+1","Headbutt","Juggernaut"],"relics":["Snecko Eye","Golden Idol","Kunai","Pen Nib","Mummified Hand","WarpedTongs","Sozu","Medical Kit","PreservedInsect","Bottled Lightning"],"potions_floor_usage":[10,12,12,14,27],"damage_taken":[{"damage":0,"enemies":"Small Slimes","floor":1,"turns":4},{"damage":1,"enemies":"2 Louse","floor":2,"turns":3},{"damage":12,"enemies":"Cultist","floor":4,"turns":5},{"damage":34,"enemies":"Lots of Slimes","floor":7,"turns":6},{"damage":8,"enemies":"Gremlin Nob","floor":10,"turns":3},{"damage":7,"enemies":"Lagavulin","floor":12,"turns":5},{"damage":34,"enemies":"Exordium Thugs","floor":14,"turns":6},{"damage":17,"enemies":"Hexaghost","floor":16,"turns":6},{"damage":20,"enemies":"2 Thieves","floor":18,"turns":3},{"damage":15,"enemies":"Gremlin Leader","floor":24,"turns":5},{"damage":2,"enemies":"Chosen","floor":27,"turns":2},{"damage":21,"enemies":"Snake Plant","floor":28,"turns":3},{"damage":19,"enemies":"Centurion and Healer","floor":30,"turns":4},{"damage":18,"enemies":"Sentry and Sphere","floor":31,"turns":3}],"seed_played":"-2500171739418678764","potions_obtained":[{"floor":1,"key":"SmokeBomb"},{"floor":4,"key":"Weak Potion"},{"floor":7,"key":"FearPotion"},{"floor":10,"key":"Ancient Potion"},{"floor":16,"key":"FearPotion"}],"is_trial":false,"path_per_floor":["M","M","?","M","?","R","M","$","T","?","R","E","?","M","R","B",null,"M","$","?","$","?","R","E","R","T","M","M","?","M","M"],"character_chosen":"IRONCLAD","items_purchased":["Twin Strike","Blood for Blood","Medical Kit","Carnage","Spot Weakness"],"campfire_rested":2,"item_purchase_floors":[8,19,19,19,21],"current_hp_per_floor":[80,79,79,67,67,67,33,33,33,25,49,42,42,8,32,15,80,69,69,69,69,63,63,48,48,48,46,25,25,15,0],"gold":16,"neow_bonus":"BOSS_RELIC","is_prod":false,"is_daily":false,"chose_seed":false,"campfire_upgraded":3,"win_rate":0,"timestamp":1553755196,"path_taken":["M","M","?","M","?","R","M","$","T","?","R","E","?","?","R","BOSS","M","?","?","$","?","R","E","R","T","M","M","?","M","M"],"build_version":"2019-01-23","purchased_purges":1,"victory":false,"max_hp_per_floor":[80,80,80,80,80,80,80,80,80,80,80,80,80,80,80,80,80,80,80,80,80,80,80,80,80,80,80,80,80,80,80],"card_choices":[{"not_picked":["Cleave","Pommel Strike"],"picked":"Inflame","floor":1},{"not_picked":["Ghostly Armor","Pummel"],"picked":"Warcry","floor":2},{"not_picked":["Clash","Whirlwind"],"picked":"Pommel Strike","floor":4},{"not_picked":["Heavy Blade","Thunderclap"],"picked":"Spot Weakness","floor":7},{"not_picked":["Feel No Pain","Burning Pact"],"picked":"Power Through","floor":10},{"not_picked":["Shockwave","Juggernaut"],"picked":"Shrug It Off","floor":12},{"not_picked":["Barricade","Juggernaut"],"picked":"Reaper","floor":16},{"not_picked":["Fire Breathing","Warcry"],"picked":"Dropkick","floor":18},{"not_picked":["Ghostly Armor","Heavy Blade+1"],"picked":"Inflame","floor":24},{"not_picked":["Wild Strike","Body Slam"],"picked":"Clash+1","floor":27},{"not_picked":["Pummel","Second Wind"],"picked":"Headbutt","floor":28},{"not_picked":["Armaments","Dual Wield"],"picked":"Juggernaut","floor":30}],"player_experience":233876,"relics_obtained":[{"floor":9,"key":"Kunai"},{"floor":10,"key":"Pen Nib"},{"floor":12,"key":"Mummified Hand"},{"floor":24,"key":"PreservedInsect"},{"floor":26,"key":"Bottled Lightning"}],"event_choices":[{"damage_healed":0,"gold_gain":0,"player_choice":"Leave","damage_taken":0,"max_hp_gain":0,"max_hp_loss":0,"event_name":"The Cleric","floor":3,"gold_loss":0},{"damage_healed":0,"gold_gain":0,"player_choice":"Take Wound","damage_taken":0,"relics_obtained":["Golden Idol"],"max_hp_gain":0,"max_hp_loss":0,"event_name":"Golden Idol","floor":5,"gold_loss":0,"cards_obtained":["Injury"]},{"damage_healed":0,"gold_gain":0,"player_choice":"Searched \u00272\u0027 times","damage_taken":0,"max_hp_gain":0,"max_hp_loss":0,"event_name":"Dead Adventurer","floor":10,"gold_loss":0},{"damage_healed":0,"gold_gain":0,"player_choice":"Rummage","damage_taken":0,"relics_obtained":["WarpedTongs"],"max_hp_gain":0,"max_hp_loss":0,"event_name":"Accursed Blacksmith","floor":13,"gold_loss":0,"cards_obtained":["Pain"]},{"damage_healed":0,"gold_gain":0,"player_choice":"Read","damage_taken":0,"max_hp_gain":0,"max_hp_loss":0,"event_name":"The Library","floor":20,"gold_loss":0,"cards_obtained":["Heavy Blade"]},{"damage_healed":0,"gold_gain":0,"player_choice":"Joined the Cult","damage_taken":6,"max_hp_gain":0,"max_hp_loss":0,"event_name":"Nest","floor":22,"gold_loss":0,"cards_obtained":["RitualDagger"]},{"damage_healed":0,"gold_gain":0,"player_choice":"Paid Fearfully","damage_taken":0,"max_hp_gain":0,"max_hp_loss":0,"event_name":"Masked Bandits","floor":29,"gold_loss":99}],"is_beta":false,"boss_relics":[{"not_picked":["Black Star","Runic Pyramid"],"picked":"Sozu"}],"items_purged_floors":[8],"is_endless":false,"potions_floor_spawned":[1,4,7,10,16,24,27,28],"killed_by":"Sentry and Sphere","ascension_level":0}