{"gold_per_floor":[217,227,227,74,86,86,86,86,86,164,197,99,112,127,127,205,205],"floor_reached":17,"playtime":772,"items_purged":["Strike_R"],"score":271,"play_id":"6db5a78d-7fca-4939-9a6b-fb0f5e74b7fc","local_time":"20190714163450","is_ascension_mode":true,"campfire_choices":[{"data":"Bash","floor":6,"key":"SMITH"},{"data":"Discovery","floor":15,"key":"SMITH"}],"neow_cost":"NONE","seed_source_timestamp":266777653712136,"circlet_count":0,"master_deck":["AscendersBane","Bash+1","Battle Trance","Spot Weakness","Ghostly Armor","Sword Boomerang","Discovery+1","Fiend Fire","Sever Soul","Combust","Reckless Charge","Entrench","Carnage","Clothesline","Armaments","Perfected Strike"],"relics":["Burning Blood","Regal Pillow","Letter Opener","Blood Vial","Pandora\u0027s Box"],"potions_floor_usage":[13,16],"damage_taken":[{"damage":6,"enemies":"Cultist","floor":1,"turns":4},{"damage":10,"enemies":"Small Slimes","floor":2,"turns":4},{"damage":3,"enemies":"2 Louse","floor":5,"turns":3},{"damage":25,"enemies":"3 Sentries","floor":11,"turns":9},{"damage":24,"enemies":"Exordium Thugs","floor":13,"turns":5},{"damage":1,"enemies":"Looter","floor":14,"turns":2},{"damage":37,"enemies":"The Guardian","floor":16,"turns":11}],"seed_played":"-5029683618754914730","potions_obtained":[{"floor":5,"key":"Strength Potion"},{"floor":11,"key":"Poison Potion"},{"floor":14,"key":"Ancient Potion"},{"floor":16,"key":"GamblersBrew"}],"is_trial":false,"path_per_floor":["M","M","?","$","M","R","$","?","T","?","E","$","M","M","R","B",null],"character_chosen":"IRONCLAD","items_purchased":["Spot Weakness","Discovery"],"campfire_rested":0,"item_purchase_floors":[4,12],"current_hp_per_floor":[68,64,64,64,67,67,67,72,72,72,53,53,37,44,44,15,15],"gold":205,"neow_bonus":"HUNDRED_GOLD","is_prod":false,"is_daily":false,"chose_seed":false,"campfire_upgraded":2,"win_rate":0,"timestamp":1563089690,"path_taken":["M","M","?","$","M","R","?","?","T","?","E","$","?","M","R","BOSS"],"build_version":"2019-07-01","purchased_purges":1,"victory":false,"max_hp_per_floor":[75,75,75,75,75,75,75,80,80,80,80,80,80,80,80,80,80],"card_choices":[{"not_picked":["Havoc","Flex"],"picked":"Pommel Strike","floor":1},{"not_picked":["Body Slam","Flex"],"picked":"Battle Trance","floor":2},{"not_picked":["Clash","Havoc"],"picked":"Ghostly Armor","floor":5},{"not_picked":["Cleave","Second Wind"],"picked":"Sword Boomerang","floor":11},{"not_picked":["Body Slam","Iron Wave","Intimidate"],"picked":"SKIP","floor":13},{"not_picked":["True Grit","Burning Pact","Sentinel"],"picked":"SKIP","floor":14},{"not_picked":["Demon Form","Reaper"],"picked":"Fiend Fire","floor":16}],"player_experience":1134316,"relics_obtained":[{"floor":9,"key":"Letter Opener"},{"floor":11,"key":"Blood Vial"}],"event_choices":[{"cards_removed":["Pommel Strike"],"damage_healed":0,"gold_gain":0,"player_choice":"Gave Card","damage_taken":0,"relics_obtained":["Regal Pillow"],"max_hp_gain":0,"max_hp_loss":0,"event_name":"WeMeetAgain","floor":3,"gold_loss":0},{"damage_healed":0,"gold_gain":0,"player_choice":"Donut","damage_taken":0,"max_hp_gain":5,"max_hp_loss":0,"event_name":"Big Fish","floor":8,"gold_loss":0},{"damage_healed":0,"gold_gain":78,"player_choice":"Gained Gold","damage_taken":0,"max_hp_gain":0,"max_hp_loss":0,"event_name":"Golden Wing","floor":10,"gold_loss":0}],"is_beta":false,"boss_relics":[{"not_picked":["Eternal Feather","Coffee Dripper"],"picked":"Pandora\u0027s Box"}],"items_purged_floors":[4],"is_endless":false,"potions_floor_spawned":[5,11,14,16],"ascension_level":15}