{"gold_per_floor":[119,130,18,18,18,18,51,51,51,51,70,70,30,30,30,127,127,139,239,56,56,56,56,90,90,90,54,65,75,75,86,86,191,191,201,201,213,213],"floor_reached":38,"playtime":2129,"items_purged":["Strike_B","Strike_B"],"score":454,"play_id":"23df9280-7948-4415-8706-05ee9e8300dc","local_time":"20190120232951","is_ascension_mode":true,"campfire_choices":[{"data":"Sweeping Beam","floor":6.0,"key":"SMITH"},{"data":"Blizzard","floor":8.0,"key":"SMITH"},{"floor":15.0,"key":"REST"},{"floor":23.0,"key":"REST"},{"floor":25,"key":"REST"},{"floor":30,"key":"REST"},{"data":"Creative AI","floor":32,"key":"SMITH"}],"neow_cost":"NONE","seed_source_timestamp":518729757869824,"circlet_count":0,"master_deck":["Strike_B","Defend_B","Defend_B","Zap","Dualcast+1","Cold Snap+1","Sweeping Beam+1","Defragment+1","Blizzard+1","Blizzard","Creative AI+1","Chill+1","Dramatic Entrance+1","FTL","FTL","Self Repair","Sweeping Beam+1","Amplify","Parasite"],"special_seed":0,"relics":["Cracked Core","NeowsBlessing","Bottled Flame","Darkstone Periapt","Mercury Hourglass","Nuclear Battery","Ginger","Ornamental Fan","Whetstone","Strawberry","Busted Crown"],"potions_floor_usage":[24,24,24,24,38,38],"damage_taken":[{"damage":0.0,"enemies":"Jaw Worm","floor":1.0,"turns":1.0},{"damage":0.0,"enemies":"Small Slimes","floor":2.0,"turns":1.0},{"damage":0.0,"enemies":"Gremlin Nob","floor":7.0,"turns":1.0},{"damage":0.0,"enemies":"2 Louse","floor":11.0,"turns":2.0},{"damage":21.0,"enemies":"Slime Boss","floor":16.0,"turns":6.0},{"damage":13.0,"enemies":"Shell Parasite","floor":18.0,"turns":6.0},{"damage":14.0,"enemies":"Colosseum Slavers","floor":19.0,"turns":3.0},{"damage":36.0,"enemies":"Colosseum Nobs","floor":19.0,"turns":5.0},{"damage":4,"enemies":"Book of Stabbing","floor":24,"turns":4},{"damage":1,"enemies":"3 Byrds","floor":28,"turns":2},{"damage":17,"enemies":"Centurion and Healer","floor":29,"turns":4},{"damage":0,"enemies":"3 Cultists","floor":31,"turns":3},{"damage":39,"enemies":"Automaton","floor":33,"turns":8},{"damage":42,"enemies":"3 Shapes","floor":35,"turns":3},{"damage":14,"enemies":"Orb Walker","floor":37,"turns":3},{"damage":58,"enemies":"Writhing Mass","floor":38,"turns":6}],"seed_played":"-8194720440180710068","potions_obtained":[{"floor":7.0,"key":"SneckoOil"},{"floor":16.0,"key":"Block Potion"},{"floor":19.0,"key":"Dexterity Potion"},{"floor":22.0,"key":"PowerPotion"},{"floor":22.0,"key":"EntropicBrew"},{"floor":28,"key":"Energy Potion"},{"floor":33,"key":"Dexterity Potion"}],"is_trial":false,"path_per_floor":["M","M","$","?","?","R","E","R","T","?","M","?","$","?","R","B",null,"M","?","$","?","?","R","E","R","T","$","M","M","R","M","R","B",null,"M","?","M","M"],"character_chosen":"DEFECT","items_purchased":["Defragment","Blizzard","Dramatic Entrance","FTL"],"campfire_rested":4,"item_purchase_floors":[3,13,20,27],"current_hp_per_floor":[75,75,75,68,68,68,68,68,68,53,53,53,53,50,72,51,75,62,12,12,12,12,34,30,52,59,59,58,48,72,79,79,47,82,47,47,40,0],"gold":213,"neow_bonus":"THREE_ENEMY_KILL","is_prod":false,"is_daily":false,"chose_seed":false,"campfire_upgraded":3,"win_rate":0,"timestamp":1548048591,"path_taken":["M","M","$","?","?","R","E","R","T","?","?","?","?","?","R","BOSS","M","?","$","?","?","R","E","R","T","$","?","M","R","M","R","BOSS","M","?","M","?"],"build_version":"2019-01-17v2","purchased_purges":2,"victory":false,"max_hp_per_floor":[75,75,75,75,75,75,75,75,75,75,75,75,75,75,75,75,75,75,75,75,75,75,75,75,75,82,82,82,82,82,82,82,82,82,82,82,82,88],"card_choices":[{"not_picked":["Rebound","Barrage"],"picked":"Cold Snap","floor":1.0},{"not_picked":["Rebound","Undo"],"picked":"Sweeping Beam","floor":2.0},{"not_picked":["Glacier","Heatsinks"],"picked":"Blizzard","floor":7.0},{"not_picked":["Beam Cell","Ball Lightning","Redo"],"picked":"SKIP","floor":11.0},{"not_picked":["Hyperbeam","Fission"],"picked":"Creative AI","floor":16.0},{"not_picked":["Ball Lightning","Leap+1","Redo"],"picked":"SKIP","floor":18.0},{"not_picked":["Barrage+1","Hologram+1"],"picked":"Chill","floor":19.0},{"not_picked":["Beam Cell","Hello World"],"picked":"FTL","floor":24},{"not_picked":["Rebound","Melter"],"picked":"Self Repair","floor":28},{"not_picked":["Genetic Algorithm","Coolheaded"],"picked":"Sweeping Beam+1","floor":29},{"not_picked":["Barrage+1","Turbo","Chaos+1"],"picked":"SKIP","floor":31},{"not_picked":["Rainbow","Machine Learning"],"picked":"Amplify","floor":33},{"not_picked":["Hello World+1"],"picked":"SKIP","floor":35},{"not_picked":["Hologram+1"],"picked":"SKIP","floor":37}],"player_experience":332172,"relics_obtained":[{"floor":7.0,"key":"Bottled Flame"},{"floor":9.0,"key":"Darkstone Periapt"},{"floor":19.0,"key":"Ginger"},{"floor":19.0,"key":"Ornamental Fan"},{"floor":24,"key":"Whetstone"},{"floor":26,"key":"Strawberry"}],"event_choices":[{"cards_removed":["Strike_B"],"damage_healed":0.0,"max_hp_gain":0.0,"max_hp_loss":0.0,"gold_gain":0.0,"event_name":"Golden Wing","player_choice":"Card Removal","floor":4.0,"gold_loss":0.0,"damage_taken":7.0},{"damage_healed":0.0,"max_hp_gain":0.0,"max_hp_loss":0.0,"gold_gain":0.0,"event_name":"Liars Game","player_choice":"Ignored","floor":5.0,"gold_loss":0.0,"damage_taken":0.0},{"damage_healed":0.0,"max_hp_gain":0.0,"max_hp_loss":0.0,"gold_gain":0.0,"event_name":"Shining Light","player_choice":"Entered Light","floor":10.0,"gold_loss":0.0,"damage_taken":15.0,"cards_upgraded":["Defragment","Dualcast"]},{"cards_removed":["Defend_B"],"damage_healed":0.0,"max_hp_gain":0.0,"max_hp_loss":0.0,"gold_gain":0.0,"event_name":"Living Wall","player_choice":"Forget","floor":12.0,"gold_loss":0.0,"damage_taken":0.0},{"damage_healed":0.0,"max_hp_gain":0.0,"max_hp_loss":0.0,"gold_gain":0.0,"event_name":"Scrap Ooze","player_choice":"Success","floor":14.0,"gold_loss":0.0,"damage_taken":3.0,"relics_obtained":["Mercury Hourglass"]},{"damage_healed":0.0,"max_hp_gain":0.0,"max_hp_loss":0.0,"gold_gain":0.0,"event_name":"Colosseum","player_choice":"Fight","floor":19.0,"gold_loss":0.0,"damage_taken":0.0},{"damage_healed":0.0,"max_hp_gain":0.0,"max_hp_loss":0.0,"gold_gain":0.0,"event_name":"Colosseum","player_choice":"Fought Nobs","floor":19.0,"gold_loss":0.0,"damage_taken":0.0},{"cards_removed":["Defend_B"],"damage_healed":0.0,"max_hp_gain":0.0,"max_hp_loss":0.0,"gold_gain":0.0,"event_name":"Back to Basics","player_choice":"Elegance","floor":21.0,"gold_loss":0.0,"damage_taken":0.0},{"damage_healed":0.0,"max_hp_gain":0.0,"max_hp_loss":0.0,"gold_gain":0.0,"event_name":"Lab","player_choice":"Got Potions","floor":22.0,"gold_loss":0.0,"damage_taken":0.0},{"damage_healed":0,"gold_gain":0,"player_choice":"Forge","damage_taken":0,"max_hp_gain":0,"max_hp_loss":0,"event_name":"Accursed Blacksmith","floor":36,"gold_loss":0,"cards_upgraded":["Chill"]}],"is_beta":false,"boss_relics":[{"not_picked":["Coffee Dripper","White Beast Statue"],"picked":"Nuclear Battery"},{"not_picked":["Snecko Eye","Philosopher\u0027s Stone"],"picked":"Busted Crown"}],"items_purged_floors":[3,20],"is_endless":false,"potions_floor_spawned":[7,16,19,19,28,33],"killed_by":"Writhing Mass","ascension_level":2}