{"gold_per_floor":[115,115,139,163,62,103,103,103,157,12,12,47,62,62,62,62],"floor_reached":16,"playtime":732,"items_purged":["Strike_R","Strike_R"],"score":135,"play_id":"5c6e6c8c-419f-43ae-a2b3-b2b935b58faf","local_time":"20190703161627","is_ascension_mode":true,"campfire_choices":[{"data":"Shrug It Off","floor":7,"key":"SMITH"},{"floor":15,"key":"REST"}],"neow_cost":"NONE","seed_source_timestamp":409556945860700,"circlet_count":0,"master_deck":["Strike_R","Strike_R","Defend_R","Defend_R","Defend_R","Bash","Flex","Shrug It Off+1","Headbutt","Iron Wave","Warcry","Cleave","Fire Breathing","Clothesline"],"relics":["Burning Blood","Golden Idol","Bronze Scales","Centennial Puzzle","Unceasing Top"],"potions_floor_usage":[12],"damage_taken":[{"damage":5,"enemies":"Small Slimes","floor":1,"turns":3},{"damage":1,"enemies":"2 Louse","floor":3,"turns":3},{"damage":0,"enemies":"Cultist","floor":4,"turns":4},{"damage":30,"enemies":"3 Sentries","floor":6,"turns":11},{"damage":17,"enemies":"Gremlin Nob","floor":12,"turns":4},{"damage":10,"enemies":"Lots of Slimes","floor":13,"turns":2},{"damage":66,"enemies":"Slime Boss","floor":16,"turns":8}],"seed_played":"5439254216263588249","potions_obtained":[{"floor":1,"key":"Energy Potion"},{"floor":4,"key":"SneckoOil"},{"floor":6,"key":"FearPotion"}],"is_trial":false,"path_per_floor":["M","?","M","M","$","E","R","?","T","$","?","E","M","$","R","B"],"character_chosen":"IRONCLAD","items_purchased":["Iron Wave","Cleave"],"campfire_rested":1,"item_purchase_floors":[5,10],"current_hp_per_floor":[88,66,71,77,77,53,53,46,46,46,46,35,31,31,57,0],"gold":62,"neow_bonus":"TEN_PERCENT_HP_BONUS","is_prod":false,"is_daily":false,"chose_seed":false,"campfire_upgraded":1,"win_rate":0,"timestamp":1562184987,"path_taken":["M","?","M","M","$","E","R","?","T","$","?","E","?","?","R","BOSS"],"build_version":"2019-07-01","purchased_purges":2,"victory":false,"max_hp_per_floor":[88,88,88,88,88,88,88,88,88,88,88,88,88,88,88,88],"card_choices":[{"not_picked":["Metallicize","Heavy Blade"],"picked":"Flex","floor":1},{"not_picked":["Bloodletting","Clothesline"],"picked":"Shrug It Off","floor":3},{"not_picked":["Warcry","Entrench"],"picked":"Headbutt","floor":4},{"not_picked":["Perfected Strike","Dark Embrace"],"picked":"Warcry","floor":6},{"not_picked":["Wild Strike","Bloodletting"],"picked":"Fire Breathing","floor":12},{"not_picked":["Twin Strike","Flex"],"picked":"Clothesline","floor":13}],"player_experience":116462,"relics_obtained":[{"floor":6,"key":"Bronze Scales"},{"floor":9,"key":"Centennial Puzzle"},{"floor":12,"key":"Unceasing Top"}],"event_choices":[{"damage_healed":0,"gold_gain":0,"player_choice":"Take Damage","damage_taken":22,"relics_obtained":["Golden Idol"],"max_hp_gain":0,"max_hp_loss":0,"event_name":"Golden Idol","floor":2,"gold_loss":0},{"cards_removed":["Defend_R"],"damage_healed":0,"gold_gain":0,"player_choice":"Card Removal","damage_taken":7,"max_hp_gain":0,"max_hp_loss":0,"event_name":"Golden Wing","floor":8,"gold_loss":0},{"cards_removed":["Strike_R"],"damage_healed":0,"gold_gain":0,"player_choice":"Purged","damage_taken":0,"max_hp_gain":0,"max_hp_loss":0,"event_name":"Purifier","floor":11,"gold_loss":0}],"is_beta":false,"boss_relics":[],"items_purged_floors":[5,10],"is_endless":false,"potions_floor_spawned":[1,4,6],"killed_by":"Slime Boss","ascension_level":5}