{"gold_per_floor":[112,125,135,150,118,118,143,143,143,143,163,19,194,214,214,214],"floor_reached":16,"playtime":745,"items_purged":[],"score":122,"play_id":"42956847-622a-4191-b57e-b7803c8a1acb","local_time":"20190424181140","is_ascension_mode":true,"campfire_choices":[{"data":"Neutralize","floor":6,"key":"SMITH"},{"floor":8,"key":"REST"},{"floor":15,"key":"REST"}],"neow_cost":"NONE","seed_source_timestamp":7851285827436,"circlet_count":0,"master_deck":["Defend_G","Defend_G","Defend_G","Defend_G","Defend_G","Strike_G","Strike_G","Strike_G","Strike_G","Strike_G","Survivor","Neutralize+1","Deadly Poison","Cloak And Dagger","Well Laid Plans","Acrobatics","Dagger Throw","Regret","After Image","Doubt","Footwork"],"relics":["Ring of the Snake","The Specimen","Singing Bowl","Gremlin Horn","Vajra"],"potions_floor_usage":[7,16,16],"damage_taken":[{"damage":0,"enemies":"Jaw Worm","floor":1,"turns":4},{"damage":2,"enemies":"Small Slimes","floor":2,"turns":4},{"damage":0,"enemies":"2 Louse","floor":3,"turns":3},{"damage":0,"enemies":"Exordium Wildlife","floor":4,"turns":5},{"damage":25,"enemies":"Gremlin Nob","floor":7,"turns":5},{"damage":12,"enemies":"Exordium Thugs","floor":11,"turns":6},{"damage":20,"enemies":"Gremlin Gang","floor":14,"turns":5},{"damage":55,"enemies":"Slime Boss","floor":16,"turns":7}],"seed_played":"-1034402659270593593","potions_obtained":[{"floor":3,"key":"Strength Potion"},{"floor":11,"key":"FearPotion"},{"floor":14,"key":"Strength Potion"}],"is_trial":false,"path_per_floor":["M","M","M","M","?","R","E","R","T","?","M","$","?","M","R","B"],"character_chosen":"THE_SILENT","items_purchased":["Vajra"],"campfire_rested":2,"item_purchase_floors":[12],"current_hp_per_floor":[70,68,68,68,68,68,43,64,64,64,52,52,52,32,53,0],"gold":214,"neow_bonus":"THREE_CARDS","is_prod":false,"is_daily":false,"chose_seed":false,"campfire_upgraded":1,"win_rate":0,"timestamp":1556093500,"path_taken":["M","M","M","M","?","R","E","R","T","?","M","$","?","M","R","BOSS"],"build_version":"2019-01-23","purchased_purges":0,"victory":false,"max_hp_per_floor":[70,70,70,70,70,70,70,70,70,70,70,70,70,70,70,70],"card_choices":[{"not_picked":["Bouncing Flask","Bane"],"picked":"Deadly Poison","floor":0},{"not_picked":["Slice","PiercingWail"],"picked":"Cloak And Dagger","floor":1},{"not_picked":["Flechettes","Bane"],"picked":"Well Laid Plans","floor":2},{"not_picked":["Outmaneuver","All Out Attack","Dash"],"picked":"SKIP","floor":3},{"not_picked":["Expertise","Bane"],"picked":"Acrobatics","floor":4},{"not_picked":["Reflex","Underhanded Strike"],"picked":"Dagger Throw","floor":7},{"not_picked":["Outmaneuver","Finisher"],"picked":"After Image","floor":11},{"not_picked":["Quick Slash","Blade Dance"],"picked":"Footwork","floor":14}],"player_experience":460729,"relics_obtained":[{"floor":7,"key":"The Specimen"},{"floor":9,"key":"Singing Bowl"}],"event_choices":[{"damage_healed":0,"gold_gain":0,"player_choice":"Left Gold","damage_taken":0,"max_hp_gain":0,"max_hp_loss":0,"event_name":"World of Goop","floor":5,"gold_loss":32},{"damage_healed":0,"gold_gain":0,"player_choice":"Box","damage_taken":0,"relics_obtained":["Gremlin Horn"],"max_hp_gain":0,"max_hp_loss":0,"event_name":"Big Fish","floor":10,"gold_loss":0,"cards_obtained":["Regret"]},{"damage_healed":0,"gold_gain":175,"player_choice":"AGREE","damage_taken":0,"max_hp_gain":0,"max_hp_loss":0,"event_name":"Liars Game","floor":13,"gold_loss":0,"cards_obtained":["Doubt"]}],"is_beta":false,"boss_relics":[],"items_purged_floors":[],"is_endless":false,"potions_floor_spawned":[3,11,14],"killed_by":"Slime Boss","ascension_level":4}