{"gold_per_floor":[113,38,38,38,58,86,100,100,123,35,68,68,68],"floor_reached":13,"playtime":594,"items_purged":["Strike_B","Strike_B"],"score":114,"play_id":"cdef6e6f-41d9-4f78-bc1c-0ec477f41ee8","local_time":"20190227225327","is_ascension_mode":true,"campfire_choices":[{"floor":8,"key":"REST"},{"floor":12,"key":"REST"}],"neow_cost":"NONE","seed_source_timestamp":705813397408129,"circlet_count":0,"master_deck":["Strike_B","Strike_B","Defend_B+1","Defend_B","Defend_B","Zap","Dualcast","Reboot","Defragment"],"relics":["Cracked Core","Anchor","Bronze Scales","Smiling Mask","Bottled Flame"],"potions_floor_usage":[11],"damage_taken":[{"damage":0,"enemies":"Jaw Worm","floor":1,"turns":4},{"damage":0,"enemies":"Small Slimes","floor":5,"turns":3},{"damage":47,"enemies":"Lagavulin","floor":6,"turns":6},{"damage":0,"enemies":"Cultist","floor":7,"turns":2},{"damage":34,"enemies":"3 Sentries","floor":11,"turns":7},{"damage":42,"enemies":"The Mushroom Lair","floor":13,"turns":4}],"seed_played":"4780396905581423070","potions_obtained":[{"floor":6,"key":"AttackPotion"},{"floor":7,"key":"SpeedPotion"}],"is_trial":false,"path_per_floor":["M","$","?","?","M","E","M","R","T","$","E","R","?"],"character_chosen":"DEFECT","items_purchased":["Defragment"],"campfire_rested":2,"item_purchase_floors":[10],"current_hp_per_floor":[75,75,68,68,68,21,21,43,43,43,9,31,0],"gold":68,"neow_bonus":"RANDOM_COMMON_RELIC","is_prod":false,"is_daily":false,"chose_seed":false,"campfire_upgraded":0,"win_rate":0,"timestamp":1551329607,"path_taken":["M","$","?","?","?","E","M","R","T","?","E","R","?"],"build_version":"2019-01-23","purchased_purges":2,"victory":false,"max_hp_per_floor":[75,75,75,75,75,75,75,75,75,75,75,75,75],"card_choices":[{"not_picked":["Sweeping Beam","Reinforced Body","Hello World"],"picked":"SKIP","floor":1},{"not_picked":["Coolheaded","Aggregate","Conserve Battery"],"picked":"SKIP","floor":5},{"not_picked":["Stack","Rip and Tear"],"picked":"Reboot","floor":6},{"not_picked":["Stack","Rebound","Redo"],"picked":"SKIP","floor":7},{"not_picked":["Steam","Hello World","Compile Driver"],"picked":"SKIP","floor":11}],"player_experience":446620,"relics_obtained":[{"floor":6,"key":"Bronze Scales"},{"floor":9,"key":"Smiling Mask"},{"floor":11,"key":"Bottled Flame"}],"event_choices":[{"cards_removed":["Defend_B"],"damage_healed":0,"gold_gain":0,"player_choice":"Card Removal","damage_taken":7,"max_hp_gain":0,"max_hp_loss":0,"event_name":"Golden Wing","floor":3,"gold_loss":0},{"damage_healed":0,"gold_gain":0,"player_choice":"Upgraded","damage_taken":0,"max_hp_gain":0,"max_hp_loss":0,"event_name":"Upgrade Shrine","floor":4,"gold_loss":0,"cards_upgraded":["Defend_B"]},{"damage_healed":0,"gold_gain":0,"player_choice":"Fought Mushrooms","damage_taken":0,"max_hp_gain":0,"max_hp_loss":0,"event_name":"Mushrooms","floor":13,"gold_loss":0}],"is_beta":false,"boss_relics":[],"items_purged_floors":[2,10],"is_endless":false,"potions_floor_spawned":[6,7],"killed_by":"The Mushroom Lair","ascension_level":5}