{"gold_per_floor":[113,36,46,62,62,62,237,271,271,284,284,295,295,320,320,417,417,428,428,438,455,474,507,518,518,518,518,531,531,544,556,556,556],"floor_reached":33,"playtime":1477,"items_purged":[],"score":281,"play_id":"0b0c2ef3-aa02-44c9-a483-e818a5c75d93","local_time":"20190327204115","is_ascension_mode":false,"campfire_choices":[{"data":"White Noise","floor":6,"key":"SMITH"},{"floor":13,"key":"REST"},{"floor":15,"key":"REST"},{"floor":25,"key":"REST"},{"floor":29,"key":"RECALL"},{"floor":32,"key":"REST"}],"neow_cost":"NONE","seed_source_timestamp":35576646631835,"circlet_count":0,"master_deck":["Strike_B","Strike_B","Strike_B","Strike_B","Defend_B+1","Defend_B","Defend_B","Defend_B","Zap+1","Dualcast","Heatsinks","Genetic Algorithm","Ball Lightning","White Noise+1","Doubt","Ball Lightning","Sweeping Beam","Buffer","Redo","Biased Cognition","Coolheaded+1","Defragment+1","Machine Learning","Hologram","Rebound","Steam Power","Blizzard","Consume","Conserve Battery+1"],"relics":["FrozenCore","NeowsBlessing","Matryoshka","Potion Belt","Kunai","Pear","Cables","Ancient Tea Set"],"potions_floor_usage":[12,14,16,22,23,24,31,33],"damage_taken":[{"damage":0,"enemies":"2 Louse","floor":1,"turns":1},{"damage":0,"enemies":"Small Slimes","floor":3,"turns":1},{"damage":0,"enemies":"Jaw Worm","floor":4,"turns":1},{"damage":12,"enemies":"3 Sentries","floor":8,"turns":3},{"damage":16,"enemies":"Exordium Wildlife","floor":10,"turns":5},{"damage":25,"enemies":"Exordium Thugs","floor":12,"turns":4},{"damage":4,"enemies":"Lagavulin","floor":14,"turns":4},{"damage":44,"enemies":"The Guardian","floor":16,"turns":11},{"damage":16,"enemies":"3 Byrds","floor":18,"turns":4},{"damage":0,"enemies":"Chosen","floor":20,"turns":6},{"damage":0,"enemies":"Sentry and Sphere","floor":21,"turns":6},{"damage":7,"enemies":"Snake Plant","floor":22,"turns":5},{"damage":43,"enemies":"Slavers","floor":23,"turns":7},{"damage":0,"enemies":"Snecko","floor":24,"turns":6},{"damage":9,"enemies":"Centurion and Healer","floor":28,"turns":7},{"damage":0,"enemies":"Cultist and Chosen","floor":30,"turns":6},{"damage":0,"enemies":"Snecko","floor":31,"turns":7},{"damage":60,"enemies":"Champ","floor":33,"turns":14}],"seed_played":"290213877882028415","potions_obtained":[{"floor":1,"key":"SpeedPotion"},{"floor":4,"key":"FearPotion"},{"floor":10,"key":"Swift Potion"},{"floor":21,"key":"Explosive Potion"},{"floor":22,"key":"Block Potion"},{"floor":23,"key":"Dexterity Potion"},{"floor":30,"key":"Swift Potion"},{"floor":31,"key":"Fire Potion"}],"is_trial":false,"path_per_floor":["M","$","M","M","?","R","?","E","T","M","?","M","R","E","R","B",null,"M","?","M","M","M","E","M","R","T","?","M","R","M","M","R","B"],"character_chosen":"DEFECT","items_purchased":["Genetic Algorithm"],"campfire_rested":4,"item_purchase_floors":[2],"current_hp_per_floor":[75,75,75,75,75,75,75,63,63,47,32,7,29,35,60,16,85,69,69,69,69,62,19,19,44,44,44,35,35,35,35,60,0],"gold":556,"neow_bonus":"THREE_ENEMY_KILL","is_prod":false,"is_daily":false,"chose_seed":false,"campfire_upgraded":1,"win_rate":0,"timestamp":1553683275,"path_taken":["M","$","M","M","?","R","?","E","T","M","?","M","R","E","R","BOSS","M","?","M","M","M","E","M","R","T","?","?","R","M","M","R","BOSS"],"build_version":"2019-01-23","purchased_purges":0,"victory":false,"max_hp_per_floor":[75,75,75,75,75,75,75,75,75,75,75,75,75,85,85,85,85,85,85,85,85,85,85,85,85,85,85,85,85,85,85,85,85],"card_choices":[{"not_picked":["Sunder","Rebound"],"picked":"Heatsinks","floor":1},{"not_picked":["Gash","Compile Driver"],"picked":"Ball Lightning","floor":3},{"not_picked":["Aggregate","Stack"],"picked":"White Noise","floor":4},{"not_picked":["Coolheaded","Beam Cell"],"picked":"Ball Lightning","floor":8},{"not_picked":["Genetic Algorithm","Skim"],"picked":"Sweeping Beam","floor":10},{"not_picked":["Gash","Rip and Tear"],"picked":"Buffer","floor":12},{"not_picked":["Loop","Rebound"],"picked":"Redo","floor":14},{"not_picked":["Amplify","All For One"],"picked":"Biased Cognition","floor":16},{"not_picked":["Go for the Eyes","Reinforced Body"],"picked":"Coolheaded+1","floor":18},{"not_picked":["Go for the Eyes+1","Ball Lightning"],"picked":"Defragment+1","floor":20},{"not_picked":["Rebound","Streamline+1"],"picked":"Machine Learning","floor":21},{"not_picked":["Redo","Reinforced Body+1"],"picked":"Hologram","floor":22},{"not_picked":["Compile Driver+1","Biased Cognition"],"picked":"Rebound","floor":23},{"not_picked":["Heatsinks","Coolheaded"],"picked":"Steam Power","floor":24},{"not_picked":["Sweeping Beam+1","Beam Cell+1"],"picked":"Blizzard","floor":28},{"not_picked":["Go for the Eyes","Gash"],"picked":"Consume","floor":30},{"not_picked":["Steam Power+1","Barrage"],"picked":"Conserve Battery+1","floor":31}],"player_experience":209731,"relics_obtained":[{"floor":8,"key":"Matryoshka"},{"floor":9,"key":"Potion Belt"},{"floor":9,"key":"Kunai"},{"floor":14,"key":"Pear"},{"floor":23,"key":"Cables"},{"floor":26,"key":"Ancient Tea Set"}],"event_choices":[{"damage_healed":0,"gold_gain":0,"player_choice":"Ignored","damage_taken":0,"max_hp_gain":0,"max_hp_loss":0,"event_name":"Golden Wing","floor":5,"gold_loss":0},{"damage_healed":0,"gold_gain":175,"player_choice":"AGREE","damage_taken":0,"max_hp_gain":0,"max_hp_loss":0,"event_name":"Liars Game","floor":7,"gold_loss":0,"cards_obtained":["Doubt"]},{"damage_healed":0,"gold_gain":0,"player_choice":"Entered Light","damage_taken":15,"max_hp_gain":0,"max_hp_loss":0,"event_name":"Shining Light","floor":11,"gold_loss":0,"cards_upgraded":["Defend_B","Zap"]},{"damage_healed":0,"gold_gain":0,"player_choice":"Ignored","damage_taken":0,"max_hp_gain":0,"max_hp_loss":0,"event_name":"Ghosts","floor":19,"gold_loss":0},{"damage_healed":0,"gold_gain":0,"player_choice":"Leave","damage_taken":0,"max_hp_gain":0,"max_hp_loss":0,"event_name":"FaceTrader","floor":27,"gold_loss":0}],"is_beta":false,"boss_relics":[{"not_picked":["White Beast Statue","Cursed Key"],"picked":"FrozenCore"}],"items_purged_floors":[],"is_endless":false,"potions_floor_spawned":[1,4,10,21,22,23,30,31],"killed_by":"Champ","ascension_level":0}