{"gold_per_floor":[14,14,14,14,38,72,72,72,119,139,139,153,153,168,168,292,292,217,236,236],"floor_reached":20,"playtime":755,"items_purged":[],"score":172,"play_id":"08d4b752-4162-4a1a-b091-fa82681246d2","local_time":"20190328220136","is_ascension_mode":false,"campfire_choices":[{"data":"Double Tap","floor":7,"key":"SMITH"},{"data":"Bash","floor":13,"key":"SMITH"},{"floor":15,"key":"REST"}],"neow_cost":"NO_GOLD","seed_source_timestamp":28802187895962,"circlet_count":0,"master_deck":["Strike_R","Strike_R","Strike_R","Strike_R","Strike_R","Defend_R","Defend_R","Defend_R","Defend_R","Bash+1","Double Tap+1","Wild Strike","Injury","Shrug It Off","Impervious","Spot Weakness","Warcry","Intimidate","Juggernaut","Pommel Strike","True Grit"],"relics":["Burning Blood","Golden Idol","Bird Faced Urn","Paper Frog","Anchor","Boot","Black Star"],"potions_floor_usage":[16],"damage_taken":[{"damage":3,"enemies":"Cultist","floor":1,"turns":5},{"damage":3,"enemies":"Small Slimes","floor":5,"turns":4},{"damage":32,"enemies":"3 Sentries","floor":6,"turns":11},{"damage":7,"enemies":"Jaw Worm","floor":10,"turns":3},{"damage":6,"enemies":"3 Louse","floor":12,"turns":4},{"damage":9,"enemies":"Lots of Slimes","floor":14,"turns":5},{"damage":69,"enemies":"The Guardian","floor":16,"turns":12},{"damage":29,"enemies":"2 Thieves","floor":18,"turns":5},{"damage":21,"enemies":"Shell Parasite","floor":19,"turns":7},{"damage":54,"enemies":"Chosen and Byrds","floor":20,"turns":8}],"seed_played":"-8172317852558108113","potions_obtained":[{"floor":6,"key":"Fire Potion"},{"floor":12,"key":"AttackPotion"}],"is_trial":false,"path_per_floor":["M","$","?","T","M","E","R","?","T","M","?","M","R","M","R","B",null,"M","M","M"],"character_chosen":"IRONCLAD","items_purchased":[],"campfire_rested":1,"item_purchase_floors":[],"current_hp_per_floor":[80,80,80,80,80,54,54,54,54,53,53,53,53,50,74,11,80,57,44,0],"gold":236,"neow_bonus":"THREE_RARE_CARDS","is_prod":false,"is_daily":false,"chose_seed":false,"campfire_upgraded":2,"win_rate":0,"timestamp":1553774496,"path_taken":["M","?","?","?","M","E","R","?","T","?","?","M","R","M","R","BOSS","M","M","?"],"build_version":"2019-01-23","purchased_purges":0,"victory":false,"max_hp_per_floor":[80,80,80,80,80,80,80,80,80,80,80,80,80,80,80,80,80,80,80,80],"card_choices":[{"not_picked":["Exhume","Brutality"],"picked":"Double Tap","floor":0},{"not_picked":["Heavy Blade","Intimidate"],"picked":"Wild Strike","floor":1},{"not_picked":["Metallicize","Flex"],"picked":"Shrug It Off","floor":5},{"not_picked":["Dark Embrace","Flex"],"picked":"Impervious","floor":6},{"not_picked":["Flame Barrier","Shockwave"],"picked":"Spot Weakness","floor":10},{"not_picked":["Clothesline","Clash"],"picked":"Warcry","floor":12},{"not_picked":["Heavy Blade","Iron Wave"],"picked":"Intimidate","floor":14},{"not_picked":["Brutality","Immolate"],"picked":"Juggernaut","floor":16},{"not_picked":["Headbutt","Searing Blow"],"picked":"Pommel Strike","floor":18},{"not_picked":["Metallicize+1","Uppercut"],"picked":"True Grit","floor":19}],"player_experience":253261,"relics_obtained":[{"floor":4,"key":"Bird Faced Urn"},{"floor":6,"key":"Paper Frog"},{"floor":9,"key":"Anchor"}],"event_choices":[{"damage_healed":0,"gold_gain":0,"player_choice":"Take Wound","damage_taken":0,"relics_obtained":["Golden Idol"],"max_hp_gain":0,"max_hp_loss":0,"event_name":"Golden Idol","floor":3,"gold_loss":0,"cards_obtained":["Injury"]},{"damage_healed":0,"gold_gain":0,"player_choice":"Bought 0 Potions","damage_taken":0,"max_hp_gain":0,"max_hp_loss":0,"event_name":"The Woman in Blue","floor":8,"gold_loss":0},{"damage_healed":0,"gold_gain":0,"player_choice":"Gave Potion","damage_taken":0,"relics_obtained":["Boot"],"max_hp_gain":0,"max_hp_loss":0,"event_name":"WeMeetAgain","floor":11,"gold_loss":0}],"is_beta":false,"boss_relics":[{"not_picked":["Calling Bell","Orrery"],"picked":"Black Star"}],"items_purged_floors":[],"is_endless":false,"potions_floor_spawned":[6,12],"killed_by":"Chosen and Byrds","ascension_level":0}