{"gold_per_floor":[112,112,132,146,166,166,199,199,279,303,303,378,44,44,44,146,146,156,171,191,191,290,290,290,324,324,324,334,0,0,0,0,0],"floor_reached":33,"playtime":1332,"items_purged":["Decay"],"score":326,"play_id":"0dbe7a7b-aaef-44d4-b023-581d3a1785fc","local_time":"20190519141334","is_ascension_mode":true,"campfire_choices":[{"data":"Adrenaline","floor":6,"key":"SMITH"},{"data":"Neutralize","floor":8,"key":"SMITH"},{"data":"Choke","floor":11,"key":"SMITH"},{"data":"Well Laid Plans","floor":15,"key":"SMITH"},{"floor":23,"key":"REST"},{"floor":24,"key":"REST"},{"floor":27,"key":"REST"},{"floor":30,"key":"REST"},{"data":"Cloak And Dagger","floor":32,"key":"SMITH"}],"neow_cost":"TEN_PERCENT_HP_LOSS","seed_source_timestamp":7586960696516,"circlet_count":0,"master_deck":["Defend_G","Defend_G","Defend_G","Defend_G","Defend_G","Strike_G","Strike_G","Strike_G","Strike_G","Strike_G","Survivor","Neutralize+1","Adrenaline+1","Predator","Dash","Flying Knee","Poisoned Stab","Choke+1","Well Laid Plans+1","Phantasmal Killer","Sucker Punch+1","Poisoned Stab","Cloak And Dagger+1","Blur","Endless Agony+1","Backstab"],"relics":["Ring of the Snake","WingedGreaves","Vajra","Dodecahedron","Lantern","Tough Bandages","Philosopher\u0027s Stone","Incense Burner","Potion Belt","Smiling Mask","Bottled Tornado"],"potions_floor_usage":[7,25,33,33],"damage_taken":[{"damage":0,"enemies":"2 Louse","floor":1,"turns":3},{"damage":4,"enemies":"Jaw Worm","floor":3,"turns":3},{"damage":0,"enemies":"Small Slimes","floor":4,"turns":2},{"damage":1,"enemies":"2 Fungi Beasts","floor":5,"turns":3},{"damage":9,"enemies":"3 Sentries","floor":7,"turns":8},{"damage":9,"enemies":"Slime Boss","floor":16,"turns":9},{"damage":10,"enemies":"3 Byrds","floor":18,"turns":4},{"damage":0,"enemies":"Spheric Guardian","floor":19,"turns":3},{"damage":31,"enemies":"Snake Plant","floor":20,"turns":4},{"damage":19,"enemies":"Gremlin Leader","floor":25,"turns":9},{"damage":14,"enemies":"3 Cultists","floor":28,"turns":6},{"damage":67,"enemies":"Automaton","floor":33,"turns":6}],"seed_played":"3249613800345937227","potions_obtained":[{"floor":4,"key":"Regen Potion"},{"floor":5,"key":"Dexterity Potion"},{"floor":18,"key":"AttackPotion"},{"floor":19,"key":"LiquidBronze"}],"is_trial":false,"path_per_floor":["M","?","M","M","M","R","E","R","T","T","R","?","$","?","R","B",null,"M","M","M","T","?","R","R","E","T","R","M","$","R","?","R","B"],"character_chosen":"THE_SILENT","items_purchased":["Tough Bandages","Well Laid Plans","Bottled Tornado","Backstab"],"campfire_rested":4,"item_purchase_floors":[13,13,29,29],"current_hp_per_floor":[63,51,47,47,46,46,52,52,52,52,52,41,41,41,41,32,55,45,45,14,14,14,32,50,31,31,49,35,35,53,53,53,0],"gold":0,"neow_bonus":"THREE_RARE_CARDS","is_prod":false,"is_daily":false,"chose_seed":false,"campfire_upgraded":5,"win_rate":0,"timestamp":1558239214,"path_taken":["M","?","M","M","M","R","E","R","T","?","R","?","$","?","R","BOSS","M","M","?","?","?","R","R","E","T","R","M","$","R","?","R","BOSS"],"build_version":"2019-01-23","purchased_purges":1,"victory":false,"max_hp_per_floor":[63,63,63,63,63,63,63,63,63,63,63,63,63,63,63,63,63,63,63,63,63,63,63,63,63,63,63,63,63,63,63,63,63],"card_choices":[{"not_picked":["Venomology","Doppelganger"],"picked":"Adrenaline","floor":0},{"not_picked":["Deadly Poison","Poisoned Stab"],"picked":"Predator","floor":1},{"not_picked":["Concentrate","Dodge and Roll"],"picked":"Dash","floor":3},{"not_picked":["Distraction","Well Laid Plans"],"picked":"Flying Knee","floor":4},{"not_picked":["Underhanded Strike","Prepared"],"picked":"Poisoned Stab","floor":5},{"not_picked":["Dagger Throw","Dodge and Roll"],"picked":"Choke","floor":7},{"not_picked":["Grand Finale","Glass Knife"],"picked":"Phantasmal Killer","floor":16},{"not_picked":["Acrobatics","Slice"],"picked":"Sucker Punch","floor":18},{"not_picked":["Infinite Blades","Calculated Gamble"],"picked":"Poisoned Stab","floor":19},{"not_picked":["Deflect","Backflip"],"picked":"Cloak And Dagger","floor":20},{"not_picked":["Prepared","PiercingWail"],"picked":"Blur","floor":25},{"not_picked":["Deadly Poison","Dodge and Roll"],"picked":"Endless Agony+1","floor":28}],"player_experience":649105,"relics_obtained":[{"floor":7,"key":"Vajra"},{"floor":9,"key":"Dodecahedron"},{"floor":10,"key":"Lantern"},{"floor":21,"key":"Incense Burner"},{"floor":25,"key":"Potion Belt"},{"floor":26,"key":"Smiling Mask"}],"event_choices":[{"damage_healed":0,"gold_gain":0,"player_choice":"Success","damage_taken":12,"relics_obtained":["WingedGreaves"],"max_hp_gain":0,"max_hp_loss":0,"event_name":"Scrap Ooze","floor":2,"gold_loss":0},{"damage_healed":0,"gold_gain":75,"player_choice":"Gather Gold","damage_taken":11,"max_hp_gain":0,"max_hp_loss":0,"event_name":"World of Goop","floor":12,"gold_loss":0},{"damage_healed":0,"gold_gain":0,"player_choice":"Cursed","damage_taken":0,"max_hp_gain":0,"max_hp_loss":0,"event_name":"Wheel of Change","floor":14,"gold_loss":0,"cards_obtained":["Decay"]},{"damage_healed":0,"gold_gain":99,"player_choice":"Stole From Cult","damage_taken":0,"max_hp_gain":0,"max_hp_loss":0,"event_name":"Nest","floor":22,"gold_loss":0},{"damage_healed":0,"gold_gain":0,"player_choice":"Forge","damage_taken":0,"max_hp_gain":0,"max_hp_loss":0,"event_name":"Accursed Blacksmith","floor":31,"gold_loss":0,"cards_upgraded":["Sucker Punch"]}],"is_beta":false,"boss_relics":[{"not_picked":["Fusion Hammer","Ectoplasm"],"picked":"Philosopher\u0027s Stone"}],"items_purged_floors":[29],"is_endless":false,"potions_floor_spawned":[4,5,18,19],"killed_by":"Automaton","ascension_level":5}