{"gold_per_floor":[112,132,152,51,51,51,51,51,119,136,136,156,211,232,232,328,328,342,356,356,371,387,387,401,401,485,499,513,545,559,56,56,56],"floor_reached":33,"playtime":2554,"items_purged":["Pain"],"score":241,"play_id":"07845731-6f4c-4eda-b0e5-8904c95f7ea6","local_time":"20190323073757","is_ascension_mode":false,"campfire_choices":[{"data":"Perfected Strike","floor":6,"key":"SMITH"},{"data":"Cleave","floor":8,"key":"SMITH"},{"data":"Heavy Blade","floor":11,"key":"SMITH"},{"data":"Perfected Strike","floor":15,"key":"SMITH"},{"data":"Clothesline","floor":23,"key":"SMITH"},{"floor":25,"key":"REST"},{"floor":32,"key":"REST"}],"neow_cost":"CURSE","seed_source_timestamp":32686501992297,"circlet_count":0,"master_deck":["Strike_R","Strike_R","Strike_R","Strike_R","Strike_R","Defend_R","Defend_R","Defend_R","Defend_R+1","Bash","Immolate","Perfected Strike+1","Wild Strike+1","Anger","Cleave+1","Heavy Blade+1","Perfected Strike+1","Anger","Juggernaut","Flex+1","Anger+1","Flex","Clothesline+1","Shrug It Off+1","Warcry","Cleave","Sentinel","Havoc+1","Double Tap","Inflame","Reaper"],"relics":["Burning Blood","Shuriken","Matryoshka","Odd Mushroom","Philosopher\u0027s Stone","Ancient Tea Set","War Paint","Tiny Chest","Red Mask","Orichalcum"],"potions_floor_usage":[16,16,29,29,33],"damage_taken":[{"damage":4,"enemies":"2 Louse","floor":1,"turns":2},{"damage":5,"enemies":"Small Slimes","floor":2,"turns":3},{"damage":2,"enemies":"Cultist","floor":3,"turns":2},{"damage":1,"enemies":"2 Fungi Beasts","floor":10,"turns":2},{"damage":0,"enemies":"Exordium Wildlife","floor":12,"turns":2},{"damage":11,"enemies":"The Mushroom Lair","floor":14,"turns":4},{"damage":40,"enemies":"The Guardian","floor":16,"turns":6},{"damage":1,"enemies":"Spheric Guardian","floor":18,"turns":3},{"damage":28,"enemies":"2 Thieves","floor":19,"turns":3},{"damage":12,"enemies":"Chosen and Byrds","floor":21,"turns":3},{"damage":4,"enemies":"Snecko","floor":22,"turns":3},{"damage":30,"enemies":"Sentry and Sphere","floor":24,"turns":4},{"damage":26,"enemies":"Centurion and Healer","floor":27,"turns":4},{"damage":18,"enemies":"Snake Plant","floor":28,"turns":2},{"damage":0,"enemies":"Masked Bandits","floor":29,"turns":2},{"damage":0,"enemies":"Cultist and Chosen","floor":30,"turns":4},{"damage":67,"enemies":"Automaton","floor":33,"turns":6}],"seed_played":"-7740120832539769500","potions_obtained":[{"floor":3,"key":"EssenceOfSteel"},{"floor":12,"key":"PowerPotion"},{"floor":16,"key":"Fire Potion"},{"floor":18,"key":"SkillPotion"},{"floor":22,"key":"BloodPotion"},{"floor":24,"key":"SkillPotion"}],"is_trial":false,"path_per_floor":["M","M","M","$","?","R","?","R","T","M","R","M","?","?","R","B",null,"M","M","?","M","M","R","M","R","T","M","M","?","M","$","R","B"],"character_chosen":"IRONCLAD","items_purchased":["Cleave","Double Tap","Inflame","Orichalcum","Reaper"],"campfire_rested":2,"item_purchase_floors":[4,31,31,31,31],"current_hp_per_floor":[80,80,80,80,62,62,62,62,62,67,67,73,73,68,68,34,80,80,58,58,52,54,54,30,54,54,34,22,36,42,42,66,0],"gold":56,"neow_bonus":"THREE_RARE_CARDS","is_prod":false,"is_daily":false,"chose_seed":false,"campfire_upgraded":5,"win_rate":0.0,"timestamp":1553290677,"path_taken":["M","M","M","$","?","R","?","R","T","M","R","M","?","?","R","BOSS","M","M","?","M","M","R","M","R","T","?","M","?","M","?","R","BOSS"],"build_version":"2019-01-23","purchased_purges":1,"victory":false,"max_hp_per_floor":[80,80,80,80,80,80,80,80,80,80,80,80,80,80,80,80,80,80,80,80,80,80,80,80,80,80,80,80,80,80,80,80,80],"card_choices":[{"not_picked":["Impervious","Dark Embrace"],"picked":"Immolate","floor":0},{"not_picked":["Havoc","Warcry"],"picked":"Perfected Strike","floor":1},{"not_picked":["Pommel Strike","Combust"],"picked":"Wild Strike","floor":2},{"not_picked":["Intimidate","Body Slam"],"picked":"Anger","floor":3},{"not_picked":["Clothesline","Twin Strike"],"picked":"Heavy Blade","floor":10},{"not_picked":["Armaments","Combust"],"picked":"Perfected Strike","floor":12},{"not_picked":["Armaments","Twin Strike"],"picked":"Anger","floor":14},{"not_picked":["Offering","Impervious"],"picked":"Juggernaut","floor":16},{"not_picked":["Whirlwind","Thunderclap"],"picked":"Flex","floor":18},{"not_picked":["Burning Pact+1","True Grit"],"picked":"Anger+1","floor":19},{"not_picked":["Battle Trance","Thunderclap"],"picked":"Flex","floor":21},{"not_picked":["True Grit","Havoc"],"picked":"Clothesline","floor":22},{"not_picked":["Thunderclap","Flex+1"],"picked":"Shrug It Off+1","floor":24},{"not_picked":["Power Through+1","Sword Boomerang+1"],"picked":"Warcry","floor":27},{"not_picked":["Headbutt+1","Flex"],"picked":"Cleave","floor":28},{"not_picked":["Armaments","Havoc"],"picked":"Sentinel","floor":29},{"not_picked":["Reckless Charge","Uppercut"],"picked":"Havoc+1","floor":30}],"player_experience":69163,"relics_obtained":[{"floor":9,"key":"Matryoshka"},{"floor":14,"key":"Odd Mushroom"},{"floor":26,"key":"War Paint"},{"floor":26,"key":"Tiny Chest"},{"floor":29,"key":"Red Mask"}],"event_choices":[{"damage_healed":0,"gold_gain":0,"player_choice":"Success","damage_taken":18,"relics_obtained":["Shuriken"],"max_hp_gain":0,"max_hp_loss":0,"event_name":"Scrap Ooze","floor":5,"gold_loss":0},{"damage_healed":0,"gold_gain":0,"player_choice":"Grow","damage_taken":0,"max_hp_gain":0,"max_hp_loss":0,"event_name":"Living Wall","floor":7,"gold_loss":0,"cards_upgraded":["Wild Strike"]},{"damage_healed":0,"gold_gain":55,"player_choice":"Gained Gold","damage_taken":0,"max_hp_gain":0,"max_hp_loss":0,"event_name":"Golden Wing","floor":13,"gold_loss":0},{"damage_healed":0,"gold_gain":0,"player_choice":"Fought Mushrooms","damage_taken":0,"max_hp_gain":0,"max_hp_loss":0,"event_name":"Mushrooms","floor":14,"gold_loss":0},{"damage_healed":0,"gold_gain":0,"player_choice":"Gave Potion","damage_taken":0,"relics_obtained":["Ancient Tea Set"],"max_hp_gain":0,"max_hp_loss":0,"event_name":"WeMeetAgain","floor":20,"gold_loss":0},{"damage_healed":0,"gold_gain":0,"player_choice":"Fought Bandits","damage_taken":0,"max_hp_gain":0,"max_hp_loss":0,"event_name":"Masked Bandits","floor":29,"gold_loss":0}],"is_beta":false,"boss_relics":[{"not_picked":["Coffee Dripper","Empty Cage"],"picked":"Philosopher\u0027s Stone"}],"items_purged_floors":[4],"is_endless":false,"potions_floor_spawned":[3,12,16,18,22,24,28],"killed_by":"Automaton","ascension_level":0}