{"gold_per_floor":[117,117,117,133,133,133,146,1,1,13,13,45,55,86,86,182,182,202,117,132,57,69,69,89,189,189,207,207,222,0,0,0,96,96,116,116,116,136,36,36,62,62,62,62,0,0,18,18,18,18],"floor_reached":51,"playtime":1595,"items_purged":["Strike_G","Strike_G"],"score":803,"play_id":"26a27558-4e08-4ca3-8ef0-d4acc12c2691","local_time":"20190117155130","is_ascension_mode":true,"campfire_choices":[{"data":"Accuracy","floor":6.0,"key":"SMITH"},{"data":"Blade Dance","floor":11.0,"key":"SMITH"},{"floor":15.0,"key":"REST"},{"data":"Cloak And Dagger","floor":23.0,"key":"SMITH"},{"floor":28,"key":"REST"},{"floor":32,"key":"REST"},{"data":"Envenom","floor":40,"key":"SMITH"},{"floor":44,"key":"REST"},{"data":"Footwork","floor":46,"key":"SMITH"},{"floor":49,"key":"REST"}],"neow_cost":"NONE","seed_source_timestamp":16293498262102,"circlet_count":0,"master_deck":["Defend_G","Defend_G","Defend_G","Strike_G","Survivor","Neutralize","Dagger Throw","Accuracy+1","Blade Dance+1","Footwork+1","Blade Dance","Cloak And Dagger+1","Decay","Envenom+1","Neutralize"],"special_seed":0,"relics":["Ring of the Serpent","Happy Flower","Vajra","Centennial Puzzle","Shuriken","Singing Bowl","Potion Belt","Tingsha","Bottled Tornado","Ornamental Fan","Runic Pyramid","Orichalcum","Lantern","Red Mask"],"potions_floor_usage":[27,27,33,50,50],"damage_taken":[{"damage":0.0,"enemies":"Jaw Worm","floor":1.0,"turns":5.0},{"damage":4.0,"enemies":"2 Louse","floor":4.0,"turns":2.0},{"damage":0.0,"enemies":"Cultist","floor":7.0,"turns":2.0},{"damage":6.0,"enemies":"Exordium Thugs","floor":10.0,"turns":3.0},{"damage":13.0,"enemies":"Lagavulin","floor":12.0,"turns":5.0},{"damage":8.0,"enemies":"3 Louse","floor":13.0,"turns":3.0},{"damage":12.0,"enemies":"Gremlin Nob","floor":14.0,"turns":3.0},{"damage":15.0,"enemies":"The Guardian","floor":16.0,"turns":6.0},{"damage":6.0,"enemies":"3 Byrds","floor":18.0,"turns":3.0},{"damage":3.0,"enemies":"Spheric Guardian","floor":20.0,"turns":3.0},{"damage":27.0,"enemies":"Shelled Parasite and Fungi","floor":22.0,"turns":3.0},{"damage":18.0,"enemies":"Centurion and Healer","floor":24.0,"turns":3.0},{"damage":16.0,"enemies":"Colosseum Slavers","floor":25.0,"turns":4.0},{"damage":6.0,"enemies":"Colosseum Nobs","floor":25.0,"turns":4.0},{"damage":6,"enemies":"Snake Plant","floor":27,"turns":3},{"damage":4,"enemies":"Chosen and Byrds","floor":29,"turns":4},{"damage":40,"enemies":"Automaton","floor":33,"turns":7},{"damage":14,"enemies":"3 Shapes","floor":35,"turns":4},{"damage":18,"enemies":"3 Darklings","floor":38,"turns":5},{"damage":35,"enemies":"Reptomancer","floor":41,"turns":5},{"damage":7,"enemies":"Spire Growth","floor":47,"turns":4},{"damage":46,"enemies":"Donu and Deca","floor":50,"turns":6}],"seed_played":"5313375662251415265","potions_obtained":[{"floor":1.0,"key":"EntropicBrew"},{"floor":7.0,"key":"SteroidPotion"},{"floor":20.0,"key":"LiquidBronze"},{"floor":22.0,"key":"Dexterity Potion"},{"floor":25.0,"key":"Poison Potion"},{"floor":38,"key":"PowerPotion"},{"floor":41,"key":"SteroidPotion"}],"is_trial":false,"path_per_floor":["M","?","?","M","?","R","M","$","T","M","R","E","M","E","R","B",null,"M","?","M","$","M","R","M","?","T","M","R","M","?","?","R","B",null,"M","?","?","M","$","R","E","?","T","R","?","R","M","?","R","B",null],"character_chosen":"THE_SILENT","items_purchased":["Vajra"],"campfire_rested":5,"item_purchase_floors":[8],"current_hp_per_floor":[70,67,67,63,63,63,63,63,63,57,57,44,36,26,47,34,74,70,70,69,69,44,44,28,8,8,4,29,27,27,27,53,13,88,76,78,78,62,62,62,29,29,29,57,57,57,52,52,81,35],"gold":18,"neow_bonus":"TRANSFORM_CARD","is_prod":false,"is_daily":false,"chose_seed":false,"campfire_upgraded":5,"win_rate":0,"timestamp":1547758290,"path_taken":["M","?","?","M","?","R","M","$","T","?","R","E","M","E","R","BOSS","M","?","M","$","M","R","M","?","T","M","R","M","?","?","R","BOSS","M","?","?","?","$","R","E","?","T","R","?","R","M","?","R","BOSS"],"build_version":"2019-01-10","purchased_purges":2,"victory":true,"max_hp_per_floor":[70,70,70,70,70,70,70,70,70,70,70,70,70,72,72,74,74,76,76,78,78,80,80,82,84,84,86,86,88,88,88,88,88,88,90,92,92,94,94,94,96,96,96,96,96,96,98,98,98,98],"card_choices":[{"not_picked":["Masterful Stab","Blur"],"picked":"Accuracy","floor":1.0},{"not_picked":["PiercingWail","Slice"],"picked":"Blade Dance","floor":4.0},{"not_picked":["Distraction","Underhanded Strike","Masterful Stab"],"picked":"SKIP","floor":7.0},{"not_picked":["Choke","Sucker Punch"],"picked":"Footwork","floor":10.0},{"not_picked":["Flechettes","Slice"],"picked":"Blade Dance","floor":12.0},{"not_picked":["Endless Agony","Blade Dance"],"picked":"Cloak And Dagger","floor":13.0},{"not_picked":["After Image","Bouncing Flask","Blur"],"picked":"Singing Bowl","floor":14.0},{"not_picked":["Doppelganger","Malaise","Phantasmal Killer"],"picked":"Singing Bowl","floor":16.0},{"not_picked":["All Out Attack","Outmaneuver+1","Acrobatics"],"picked":"Singing Bowl","floor":18.0},{"not_picked":["Quick Slash","Calculated Gamble","Acrobatics"],"picked":"Singing Bowl","floor":20.0},{"not_picked":["Flechettes","Blade Dance","Bouncing Flask"],"picked":"Singing Bowl","floor":22.0},{"not_picked":["Skewer","Cloak And Dagger","Flying Knee"],"picked":"Singing Bowl","floor":24.0},{"not_picked":["Burst","Leg Sweep","Acrobatics"],"picked":"Singing Bowl","floor":25.0},{"not_picked":["Dodge and Roll","Deadly Poison","Slice"],"picked":"Singing Bowl","floor":27},{"not_picked":["Well Laid Plans+1","Predator","Bane+1"],"picked":"Singing Bowl","floor":29},{"not_picked":["A Thousand Cuts","Adrenaline"],"picked":"Envenom","floor":33},{"not_picked":["Distraction+1","Bouncing Flask","Blade Dance"],"picked":"Singing Bowl","floor":35},{"not_picked":["Forethought","Jack Of All Trades","Dramatic Entrance"],"picked":"Singing Bowl","floor":36},{"not_picked":["Choke","Flying Knee","Noxious Fumes"],"picked":"Singing Bowl","floor":38},{"not_picked":["PiercingWail","Corpse Explosion","Endless Agony"],"picked":"Singing Bowl","floor":41},{"not_picked":["Backflip+1","Outmaneuver+1","PiercingWail+1"],"picked":"Singing Bowl","floor":47}],"player_experience":85170,"relics_obtained":[{"floor":9.0,"key":"Centennial Puzzle"},{"floor":12.0,"key":"Shuriken"},{"floor":14.0,"key":"Singing Bowl"},{"floor":25.0,"key":"Tingsha"},{"floor":25.0,"key":"Bottled Tornado"},{"floor":26.0,"key":"Ornamental Fan"},{"floor":41,"key":"Orichalcum"},{"floor":43,"key":"Lantern"}],"event_choices":[{"damage_healed":0.0,"max_hp_gain":0.0,"max_hp_loss":0.0,"gold_gain":0.0,"event_name":"Scrap Ooze","player_choice":"Success","floor":2.0,"gold_loss":0.0,"damage_taken":3.0,"relics_obtained":["Happy Flower"]},{"cards_removed":["Strike_G"],"damage_healed":0.0,"max_hp_gain":0.0,"max_hp_loss":0.0,"gold_gain":0.0,"event_name":"Living Wall","player_choice":"Forget","floor":3.0,"gold_loss":0.0,"damage_taken":0.0},{"cards_removed":["Defend_G"],"damage_healed":0.0,"max_hp_gain":0.0,"max_hp_loss":0.0,"gold_gain":0.0,"event_name":"Purifier","player_choice":"Purged","floor":5.0,"gold_loss":0.0,"damage_taken":0.0},{"damage_healed":0.0,"max_hp_gain":0.0,"max_hp_loss":0.0,"gold_gain":0.0,"event_name":"Addict","player_choice":"Obtained Relic","floor":19.0,"gold_loss":85.0,"damage_taken":0.0,"relics_obtained":["Potion Belt"]},{"damage_healed":0.0,"max_hp_gain":0.0,"max_hp_loss":0.0,"gold_gain":0.0,"event_name":"Colosseum","player_choice":"Fight","floor":25.0,"gold_loss":0.0,"damage_taken":0.0},{"damage_healed":0.0,"max_hp_gain":0.0,"max_hp_loss":0.0,"gold_gain":0.0,"event_name":"Colosseum","player_choice":"Fought Nobs","floor":25.0,"gold_loss":0.0,"damage_taken":0.0},{"damage_healed":0,"gold_gain":0,"player_choice":"Paid Fearfully","damage_taken":0,"max_hp_gain":0,"max_hp_loss":0,"event_name":"Masked Bandits","floor":30,"gold_loss":222},{"damage_healed":0,"gold_gain":0,"player_choice":"Smashed Altar","damage_taken":0,"max_hp_gain":0,"max_hp_loss":0,"event_name":"Forgotten Altar","floor":31,"gold_loss":0,"cards_obtained":["Decay"]},{"damage_healed":0,"gold_gain":0,"player_choice":"Memory 1","damage_taken":0,"max_hp_gain":0,"max_hp_loss":0,"event_name":"SensoryStone","floor":36,"gold_loss":0},{"damage_healed":0,"gold_gain":0,"player_choice":"1 cards matched","damage_taken":0,"max_hp_gain":0,"max_hp_loss":0,"event_name":"Match and Keep!","floor":37,"gold_loss":0,"cards_obtained":["Neutralize"]},{"damage_healed":0,"gold_gain":0,"player_choice":"Ignored","damage_taken":0,"max_hp_gain":0,"max_hp_loss":0,"event_name":"Mysterious Sphere","floor":42,"gold_loss":0},{"damage_healed":0,"gold_gain":0,"player_choice":"Paid","damage_taken":0,"relics_obtained":["Red Mask"],"max_hp_gain":0,"max_hp_loss":0,"event_name":"Tomb of Lord Red Mask","floor":45,"gold_loss":62},{"cards_removed":["Strike_G"],"damage_healed":0,"gold_gain":0,"player_choice":"Removed Attack","damage_taken":0,"max_hp_gain":0,"max_hp_loss":0,"event_name":"Falling","floor":48,"gold_loss":0}],"is_beta":false,"boss_relics":[{"not_picked":["Sozu","White Beast Statue"],"picked":"Ring of the Serpent"},{"not_picked":["Pandora\u0027s Box","Velvet Choker"],"picked":"Runic Pyramid"}],"items_purged_floors":[21,39],"is_endless":false,"potions_floor_spawned":[1,7,12,13,20,22,25,25,38,41],"ascension_level":3}