{"gold_per_floor":[114,124,134,59,74,108,127,160,233,233],"floor_reached":10,"playtime":365,"items_purged":["Strike_R"],"score":92,"play_id":"3fe27a0c-b04e-4833-b4dc-b17c0e44545f","local_time":"20190118192828","is_ascension_mode":true,"campfire_choices":[],"neow_cost":"PERCENT_DAMAGE","seed_source_timestamp":117009036841111,"circlet_count":0,"master_deck":["Strike_R","Strike_R","Strike_R","Strike_R","Defend_R","Defend_R+1","Defend_R","Defend_R+1","Bash","Immolate","Shrug It Off","Thunderclap","Ghostly Armor"],"relics":["Burning Blood","Centennial Puzzle","War Paint","Darkstone Periapt"],"potions_floor_usage":[6,6,10],"damage_taken":[{"damage":3,"enemies":"Cultist","floor":1,"turns":4},{"damage":0,"enemies":"Small Slimes","floor":2,"turns":2},{"damage":2,"enemies":"Jaw Worm","floor":3,"turns":3},{"damage":11,"enemies":"Looter","floor":5,"turns":3},{"damage":25,"enemies":"Lagavulin","floor":6,"turns":7},{"damage":0,"enemies":"2 Fungi Beasts","floor":7,"turns":3},{"damage":28,"enemies":"Gremlin Nob","floor":8,"turns":5},{"damage":31,"enemies":"Lagavulin","floor":10,"turns":6}],"seed_played":"8605061521588121251","potions_obtained":[{"floor":1,"key":"Weak Potion"},{"floor":3,"key":"Fire Potion"},{"floor":8,"key":"Fire Potion"}],"is_trial":false,"path_per_floor":["M","M","M","$","M","E","M","E","T","E"],"character_chosen":"IRONCLAD","items_purchased":[],"campfire_rested":0,"item_purchase_floors":[],"current_hp_per_floor":[59,65,69,69,64,45,51,29,29,0],"gold":233,"neow_bonus":"THREE_RARE_CARDS","is_prod":false,"is_daily":false,"chose_seed":false,"campfire_upgraded":0,"win_rate":0,"timestamp":1547857708,"path_taken":["M","M","?","$","M","E","M","E","T","E"],"build_version":"2019-01-17v2","purchased_purges":1,"victory":false,"max_hp_per_floor":[80,80,80,80,80,80,80,80,80,80],"card_choices":[{"not_picked":["Offering","Limit Break"],"picked":"Immolate","floor":0},{"not_picked":["Dual Wield","Anger"],"picked":"Shrug It Off","floor":1},{"not_picked":["Twin Strike","Rampage"],"picked":"Thunderclap","floor":2},{"not_picked":["Thunderclap","Twin Strike","Heavy Blade"],"picked":"SKIP","floor":3},{"not_picked":["Heavy Blade","Pommel Strike","Body Slam"],"picked":"SKIP","floor":5},{"not_picked":["Headbutt","Combust"],"picked":"Ghostly Armor","floor":6},{"not_picked":["Thunderclap","Perfected Strike","Heavy Blade"],"picked":"SKIP","floor":7},{"not_picked":["Warcry","Shrug It Off","Metallicize"],"picked":"SKIP","floor":8}],"player_experience":88088,"relics_obtained":[{"floor":6,"key":"Centennial Puzzle"},{"floor":8,"key":"War Paint"},{"floor":9,"key":"Darkstone Periapt"}],"event_choices":[],"is_beta":false,"boss_relics":[],"items_purged_floors":[4],"is_endless":false,"potions_floor_spawned":[1,3,8],"killed_by":"Lagavulin","ascension_level":3}