{"gold_per_floor":[118,118,40,40,57,85,85,101,127,127,138,138,138,14,14,144,144,158,158,158],"floor_reached":20,"playtime":2321,"items_purged":["Regret"],"score":293,"play_id":"c9b78cfd-0c6f-4dd1-aa21-f223252ae6c7","local_time":"20190704142028","is_ascension_mode":true,"campfire_choices":[{"data":"Gash","floor":7.0,"key":"SMITH"},{"data":"Sunder","floor":12.0,"key":"SMITH"},{"data":"Consume","floor":15.0,"key":"SMITH"}],"neow_cost":"NONE","seed_source_timestamp":95357276517227,"circlet_count":0,"master_deck":["AscendersBane","Defend_B","Defend_B","Defend_B","Defend_B","Zap","Dualcast","Chill","Gash+1","Self Repair","Sunder+1","Consume+1","Capacitor","Reboot","Fusion+1"],"special_seed":0,"relics":["Cracked Core","NeowsBlessing","Bag of Marbles","Strawberry","The Courier","Golden Idol","Empty Cage"],"potions_floor_usage":[],"damage_taken":[{"damage":0.0,"enemies":"2 Louse","floor":1.0,"turns":1.0},{"damage":0.0,"enemies":"Small Slimes","floor":5.0,"turns":1.0},{"damage":0.0,"enemies":"Lagavulin","floor":6.0,"turns":1.0},{"damage":1.0,"enemies":"Cultist","floor":8.0,"turns":4.0},{"damage":7.0,"enemies":"2 Fungi Beasts","floor":11.0,"turns":3.0},{"damage":48.0,"enemies":"Hexaghost","floor":16.0,"turns":10.0},{"damage":44.0,"enemies":"Shell Parasite","floor":18.0,"turns":5.0},{"damage":34,"enemies":"Chosen","floor":20,"turns":6}],"seed_played":"980456866801562755","potions_obtained":[{"floor":5.0,"key":"Regen Potion"},{"floor":8.0,"key":"Poison Potion"},{"floor":16.0,"key":"FearPotion"}],"is_trial":false,"path_per_floor":["M","?","$","?","M","E","R","M","T","?","M","R","?","$","R","B",null,"M","?","M"],"character_chosen":"DEFECT","items_purchased":["Chill","Capacitor"],"campfire_rested":0,"item_purchase_floors":[3,14],"current_hp_per_floor":[68,61,61,61,61,61,61,67,74,74,74,74,74,74,74,48,69,32,32,0],"gold":158,"neow_bonus":"THREE_ENEMY_KILL","is_prod":false,"is_daily":false,"chose_seed":false,"campfire_upgraded":3,"win_rate":0,"timestamp":1562268028,"path_taken":["M","?","$","?","M","E","R","M","T","?","M","R","?","$","R","BOSS","M","?","M"],"build_version":"2019-07-01","purchased_purges":1,"victory":false,"max_hp_per_floor":[75,75,75,75,75,75,75,75,82,82,82,82,76,76,76,76,76,76,76,76],"card_choices":[{"not_picked":["Steam","Rebound","Recycle"],"picked":"SKIP","floor":1.0},{"not_picked":["Beam Cell","Conserve Battery"],"picked":"Gash","floor":5.0},{"not_picked":["Auto Shields","Ball Lightning"],"picked":"Self Repair","floor":6.0},{"not_picked":["Cold Snap","Steam Power"],"picked":"Sunder","floor":8.0},{"not_picked":["Recycle","Rip and Tear"],"picked":"Consume","floor":11.0},{"not_picked":["Meteor Strike","Electrodynamics"],"picked":"Reboot","floor":16.0},{"not_picked":["Redo","Barrage"],"picked":"Fusion+1","floor":18.0}],"player_experience":511189,"relics_obtained":[{"floor":6.0,"key":"Bag of Marbles"},{"floor":9.0,"key":"Strawberry"}],"event_choices":[{"cards_removed":["Strike_B"],"damage_healed":0.0,"max_hp_gain":0.0,"max_hp_loss":0.0,"gold_gain":0.0,"event_name":"Golden Wing","player_choice":"Card Removal","floor":2.0,"gold_loss":0.0,"damage_taken":7.0},{"cards_removed":["Strike_B"],"damage_healed":0.0,"max_hp_gain":0.0,"max_hp_loss":0.0,"gold_gain":0.0,"event_name":"Living Wall","player_choice":"Forget","floor":4.0,"gold_loss":0.0,"damage_taken":0.0},{"damage_healed":0.0,"max_hp_gain":0.0,"max_hp_loss":0.0,"gold_gain":0.0,"event_name":"Big Fish","player_choice":"Box","floor":10.0,"gold_loss":0.0,"damage_taken":0.0,"relics_obtained":["The Courier"],"cards_obtained":["Regret"]},{"damage_healed":0.0,"max_hp_gain":0.0,"max_hp_loss":6.0,"gold_gain":0.0,"event_name":"Golden Idol","player_choice":"Lose Max HP","floor":13.0,"gold_loss":0.0,"damage_taken":0.0,"relics_obtained":["Golden Idol"]},{"damage_healed":0,"gold_gain":0,"player_choice":"Ignored","damage_taken":0,"max_hp_gain":0,"max_hp_loss":0,"event_name":"The Mausoleum","floor":19,"gold_loss":0}],"is_beta":false,"boss_relics":[{"not_picked":["Eternal Feather","Tiny House"],"picked":"Empty Cage"}],"items_purged_floors":[14],"is_endless":false,"potions_floor_spawned":[5,8,16],"killed_by":"Chosen","ascension_level":10}