{"gold_per_floor":[111,111,111,177,191,191,225,77,155,205,223,223,273,283,283,383,383,395,408,458,458,526,526],"floor_reached":23,"playtime":1914,"items_purged":["Strike_B"],"score":296,"play_id":"14c4a668-1db6-4217-8a79-ba2dc94e62e4","local_time":"20190711211752","is_ascension_mode":true,"campfire_choices":[{"floor":6.0,"key":"REST"},{"floor":12.0,"key":"REST"},{"data":"Chaos","floor":15.0,"key":"SMITH"}],"neow_cost":"NONE","seed_source_timestamp":0,"circlet_count":0,"master_deck":["AscendersBane","Strike_B+1","Strike_B","Strike_B","Defend_B+1","Defend_B","Defend_B","Defend_B","Zap","Dualcast","Gash","Glacier","Hologram","Self Repair","Chaos+1","Electrodynamics","Buffer"],"special_seed":0,"relics":["Inserter","SsserpentHead","Art of War","Bottled Lightning","Bag of Preparation","Kunai","Lizard Tail"],"potions_floor_usage":[23,23],"damage_taken":[{"damage":1.0,"enemies":"Cultist","floor":1.0,"turns":3.0},{"damage":4.0,"enemies":"2 Louse","floor":4.0,"turns":4.0},{"damage":13.0,"enemies":"Small Slimes","floor":5.0,"turns":3.0},{"damage":14.0,"enemies":"Lagavulin","floor":7.0,"turns":11.0},{"damage":0.0,"enemies":"Blue Slaver","floor":11.0,"turns":6.0},{"damage":4.0,"enemies":"Exordium Wildlife","floor":14.0,"turns":7.0},{"damage":38.0,"enemies":"The Guardian","floor":16.0,"turns":13.0},{"damage":33,"enemies":"2 Thieves","floor":18,"turns":4},{"damage":14,"enemies":"Chosen","floor":19,"turns":7},{"damage":25,"enemies":"Sentry and Sphere","floor":22,"turns":9},{"damage":42,"enemies":"Book of Stabbing","floor":23,"turns":5}],"seed_played":"-5358269969659686483","potions_obtained":[{"floor":5.0,"key":"PowerPotion"},{"floor":7.0,"key":"Strength Potion"},{"floor":19,"key":"PowerPotion"},{"floor":22,"key":"Energy Potion"}],"is_trial":false,"path_per_floor":["M","?","?","M","M","R","E","$","T","?","M","R","T","M","R","B",null,"M","M","?","?","M","E"],"character_chosen":"DEFECT","items_purchased":["Self Repair"],"campfire_rested":2,"item_purchase_floors":[8],"current_hp_per_floor":[67,52,52,48,35,57,43,43,43,25,32,54,54,57,57,26,63,37,30,16,16,40,0],"gold":526,"neow_bonus":"BOSS_RELIC","is_prod":false,"is_daily":false,"chose_seed":false,"campfire_upgraded":1,"win_rate":0,"timestamp":1562897872,"path_taken":["M","?","?","?","M","R","E","$","T","?","M","R","?","M","R","BOSS","M","M","?","?","?","E"],"build_version":"2019-07-05","purchased_purges":1,"victory":false,"max_hp_per_floor":[75,75,75,75,75,75,75,75,75,75,75,75,75,75,75,75,75,75,75,80,80,80,80],"card_choices":[{"not_picked":["Rebound","Go for the Eyes"],"picked":"Gash","floor":1.0},{"not_picked":["Consume","Turbo"],"picked":"Glacier","floor":4.0},{"not_picked":["Go for the Eyes","Cold Snap"],"picked":"Hologram","floor":5.0},{"not_picked":["Melter","Rebound","Force Field"],"picked":"SKIP","floor":7.0},{"not_picked":["Aggregate","Steam","Conserve Battery"],"picked":"SKIP","floor":11.0},{"not_picked":["Redo","Darkness"],"picked":"Chaos","floor":14.0},{"not_picked":["Multi-Cast","Reboot"],"picked":"Electrodynamics","floor":16.0},{"not_picked":["Static Discharge","Recycle","Rebound"],"picked":"SKIP","floor":18},{"not_picked":["Redo","Go for the Eyes+1","Cold Snap+1"],"picked":"SKIP","floor":19},{"not_picked":["Conserve Battery","Stack+1"],"picked":"Buffer","floor":22}],"player_experience":568846,"relics_obtained":[{"floor":7.0,"key":"Art of War"},{"floor":9.0,"key":"Bottled Lightning"},{"floor":13.0,"key":"Kunai"}],"event_choices":[{"damage_healed":0.0,"max_hp_gain":0.0,"max_hp_loss":0.0,"gold_gain":0.0,"event_name":"Shining Light","player_choice":"Entered Light","floor":2.0,"gold_loss":0.0,"damage_taken":15.0,"cards_upgraded":["Defend_B","Strike_B"]},{"damage_healed":0.0,"max_hp_gain":0.0,"max_hp_loss":0.0,"gold_gain":0.0,"event_name":"FaceTrader","player_choice":"Trade","floor":3.0,"gold_loss":0.0,"damage_taken":0.0,"relics_obtained":["SsserpentHead"]},{"damage_healed":0.0,"max_hp_gain":0.0,"max_hp_loss":0.0,"gold_gain":0.0,"event_name":"Scrap Ooze","player_choice":"Success","floor":10.0,"gold_loss":0.0,"damage_taken":18.0,"relics_obtained":["Bag of Preparation"]},{"damage_healed":0,"gold_gain":0,"player_choice":"Shed Blood","damage_taken":19,"max_hp_gain":5,"max_hp_loss":0,"event_name":"Forgotten Altar","floor":20,"gold_loss":0},{"damage_healed":0,"gold_gain":0,"player_choice":"Bet on Owner","damage_taken":0,"max_hp_gain":0,"max_hp_loss":0,"event_name":"The Joust","floor":21,"gold_loss":50}],"is_beta":false,"boss_relics":[{"not_picked":["Calling Bell","Coffee Dripper"],"picked":"Lizard Tail"}],"items_purged_floors":[8],"is_endless":false,"potions_floor_spawned":[5,7,19,22],"killed_by":"Book of Stabbing","ascension_level":11}