{"gold_per_floor":[116,126,126,145,160,186,186,209,235,235,2,2,20,50,50,178,178,196,217,237,237,162,162,206,218,230,242,273,285,320,352,364,501,513,545,557,217,342,357,357,397,417,417,417,417,417,451,451,451,451,451,451,24,64,64],"floor_reached":55,"playtime":9085,"items_purged":["Injury"],"score":790,"play_id":"4b0c2d0c-5746-42aa-bdc3-c25e7d765125","local_time":"20190716234959","is_ascension_mode":true,"campfire_choices":[{"data":"Sucker Punch","floor":10.0,"key":"SMITH"},{"data":"Tools of the Trade","floor":12.0,"key":"SMITH"},{"data":"Footwork","floor":15.0,"key":"SMITH"},{"floor":23.0,"key":"REST"},{"data":"Dodge and Roll","floor":27.0,"key":"SMITH"},{"floor":32.0,"key":"REST"},{"data":"1","floor":40,"key":"LIFT"},{"floor":46,"key":"RECALL"},{"data":"2","floor":49,"key":"LIFT"},{"data":"3","floor":52,"key":"LIFT"}],"neow_cost":"NONE","seed_source_timestamp":0,"circlet_count":0,"master_deck":["Strike_G","Strike_G","Defend_G","Defend_G","Defend_G","Defend_G","Survivor","Neutralize+1","Sucker Punch+1","All Out Attack","Dodge and Roll+1","Deadly Poison","Deadly Poison","Tools of the Trade+1","Underhanded Strike","Footwork+1","Unload","Dagger Spray","Catalyst","Backflip","Leg Sweep","Tactician+1","Underhanded Strike+1","PiercingWail+1","Burst","Noxious Fumes","Well Laid Plans+1","Blur+1","Parasite","Acrobatics","Blur+1","PiercingWail","Dagger Throw+1"],"special_seed":0,"relics":["Ring of the Snake","Blood Vial","Vajra","Golden Idol","Anchor","Odd Mushroom","Velvet Choker","MawBank","Gremlin Horn","Eternal Feather","Tingsha","Girya","PreservedInsect","Calipers","Happy Flower","DollysMirror","Oddly Smooth Stone","Mercury Hourglass"],"potions_floor_usage":[50,55,55,55],"damage_taken":[{"damage":0.0,"enemies":"2 Louse","floor":1.0,"turns":2.0},{"damage":0.0,"enemies":"Small Slimes","floor":2.0,"turns":4.0},{"damage":7.0,"enemies":"Jaw Worm","floor":4.0,"turns":4.0},{"damage":0.0,"enemies":"2 Fungi Beasts","floor":5.0,"turns":4.0},{"damage":8.0,"enemies":"3 Sentries","floor":6.0,"turns":7.0},{"damage":0.0,"enemies":"Large Slime","floor":8.0,"turns":7.0},{"damage":0.0,"enemies":"Exordium Wildlife","floor":13.0,"turns":2.0},{"damage":6.0,"enemies":"The Mushroom Lair","floor":14.0,"turns":4.0},{"damage":54.0,"enemies":"Slime Boss","floor":16.0,"turns":13.0},{"damage":16.0,"enemies":"2 Thieves","floor":18.0,"turns":5.0},{"damage":17.0,"enemies":"3 Byrds","floor":19.0,"turns":5.0},{"damage":5.0,"enemies":"Centurion and Healer","floor":20.0,"turns":8.0},{"damage":14.0,"enemies":"Slavers","floor":24.0,"turns":5.0},{"damage":0.0,"enemies":"Snecko","floor":28.0,"turns":5.0},{"damage":15.0,"enemies":"Cultist and Chosen","floor":30.0,"turns":8.0},{"damage":5.0,"enemies":"Shelled Parasite and Fungi","floor":31.0,"turns":5.0},{"damage":55.0,"enemies":"Champ","floor":33.0,"turns":15.0},{"damage":0,"enemies":"3 Shapes","floor":35,"turns":4},{"damage":6,"enemies":"Mind Bloom Boss Battle","floor":38,"turns":8},{"damage":5,"enemies":"Orb Walker","floor":39,"turns":5},{"damage":28,"enemies":"Nemesis","floor":41,"turns":7},{"damage":3,"enemies":"Writhing Mass","floor":42,"turns":6},{"damage":9,"enemies":"Reptomancer","floor":47,"turns":8},{"damage":42,"enemies":"Time Eater","floor":50,"turns":16},{"damage":12,"enemies":"Shield and Spear","floor":54,"turns":7},{"damage":59,"enemies":"The Heart","floor":55,"turns":9}],"seed_played":"-1726329138113054896","potions_obtained":[{"floor":2.0,"key":"Block Potion"},{"floor":4.0,"key":"Fire Potion"},{"floor":5.0,"key":"FairyPotion"},{"floor":18.0,"key":"Block Potion"},{"floor":19.0,"key":"Fire Potion"},{"floor":30.0,"key":"Strength Potion"},{"floor":31.0,"key":"Energy Potion"},{"floor":38,"key":"Explosive Potion"},{"floor":41,"key":"LiquidBronze"}],"is_trial":false,"path_per_floor":["M","M","?","M","M","E","?","M","T","R","$","R","M","?","R","B",null,"M","M","M","?","?","R","E","?","T","R","M","?","M","M","R","B",null,"M","?","$","?","M","R","E","M","T","?","?","R","E","T","R","B",null,"R","$","E","B"],"character_chosen":"THE_SILENT","items_purchased":["Tools of the Trade","Tingsha","Noxious Fumes","DollysMirror","Oddly Smooth Stone","Strength Potion","PiercingWail"],"campfire_rested":2,"item_purchase_floors":[11,37,37,53,53,53,53],"current_hp_per_floor":[70,70,67,62,64,58,58,60,60,60,60,60,62,58,58,6,70,54,39,36,36,36,57,45,45,45,45,47,47,34,31,52,7,70,70,70,70,64,61,70,42,41,41,41,41,56,49,49,66,24,66,66,66,54,0],"gold":64,"neow_bonus":"UPGRADE_CARD","is_prod":false,"is_daily":false,"chose_seed":false,"campfire_upgraded":4,"win_rate":0,"timestamp":1563310199,"path_taken":["M","M","?","M","M","E","?","M","T","R","$","R","M","?","R","BOSS","M","M","M","?","?","R","E","?","T","R","?","?","M","M","R","BOSS","M","?","$","?","M","R","E","M","T","?","?","R","E","?","R","BOSS","R","$","E","BOSS"],"build_version":"2019-07-05","purchased_purges":1,"victory":false,"max_hp_per_floor":[70,70,70,70,70,70,70,70,70,70,70,70,70,70,70,70,70,70,70,70,70,70,70,70,70,70,70,70,70,70,70,70,70,70,70,70,70,70,70,70,70,70,70,70,66,66,66,66,66,66,66,66,66,66,66],"card_choices":[{"not_picked":["Calculated Gamble","Well Laid Plans"],"picked":"Sucker Punch","floor":1.0},{"not_picked":["Outmaneuver","Flying Knee"],"picked":"All Out Attack","floor":2.0},{"not_picked":["Dagger Throw","Backflip"],"picked":"Dodge and Roll","floor":4.0},{"not_picked":["Poisoned Stab","Dodge and Roll"],"picked":"Deadly Poison","floor":5.0},{"not_picked":["Flying Knee","Acrobatics","Tactician"],"picked":"SKIP","floor":6.0},{"not_picked":["Distraction","Escape Plan"],"picked":"Deadly Poison","floor":8.0},{"not_picked":["Slice","Finisher"],"picked":"Underhanded Strike","floor":13.0},{"not_picked":["Sucker Punch","Finisher"],"picked":"Footwork","floor":14.0},{"not_picked":["Venomology","Adrenaline"],"picked":"Unload","floor":16.0},{"not_picked":["Poisoned Stab","Calculated Gamble+1","Riddle With Holes"],"picked":"SKIP","floor":18.0},{"not_picked":["Slice","Infinite Blades+1","Sucker Punch"],"picked":"SKIP","floor":19.0},{"not_picked":["Expertise","Deadly Poison","Sucker Punch"],"picked":"SKIP","floor":20.0},{"not_picked":["Choke+1","Dodge and Roll"],"picked":"Backflip","floor":24.0},{"not_picked":["Dagger Spray","All Out Attack+1"],"picked":"Tactician+1","floor":28.0},{"not_picked":["Dagger Spray","Cloak And Dagger"],"picked":"Underhanded Strike+1","floor":30.0},{"not_picked":["Outmaneuver","Quick Slash"],"picked":"PiercingWail+1","floor":31.0},{"not_picked":["Wraith Form v2","Night Terror"],"picked":"Burst","floor":33.0},{"not_picked":["Bane+1","Cloak And Dagger","Choke+1"],"picked":"SKIP","floor":35},{"not_picked":["Masterful Stab","Dash"],"picked":"Well Laid Plans+1","floor":39},{"not_picked":["Terror","Heel Hook+1"],"picked":"Blur+1","floor":41},{"not_picked":["Reflex","Poisoned Stab","Escape Plan"],"picked":"SKIP","floor":42},{"not_picked":["Quick Slash+1","Slice+1"],"picked":"Acrobatics","floor":47},{"not_picked":["Prepared","Deflect"],"picked":"Dagger Throw+1","floor":54}],"player_experience":148266,"relics_obtained":[{"floor":6.0,"key":"Vajra"},{"floor":9.0,"key":"Anchor"},{"floor":14.0,"key":"Odd Mushroom"},{"floor":24.0,"key":"MawBank"},{"floor":26.0,"key":"Gremlin Horn"},{"floor":38,"key":"Girya"},{"floor":41,"key":"PreservedInsect"},{"floor":47,"key":"Calipers"},{"floor":48,"key":"Happy Flower"},{"floor":54,"key":"Mercury Hourglass"}],"event_choices":[{"damage_healed":0.0,"max_hp_gain":0.0,"max_hp_loss":0.0,"gold_gain":0.0,"event_name":"Scrap Ooze","player_choice":"Success","floor":3.0,"gold_loss":0.0,"damage_taken":3.0,"relics_obtained":["Blood Vial"]},{"damage_healed":0.0,"max_hp_gain":0.0,"max_hp_loss":0.0,"gold_gain":0.0,"event_name":"Golden Idol","player_choice":"Take Wound","floor":7.0,"gold_loss":0.0,"damage_taken":0.0,"relics_obtained":["Golden Idol"],"cards_obtained":["Injury"]},{"damage_healed":0.0,"max_hp_gain":0.0,"max_hp_loss":0.0,"gold_gain":0.0,"event_name":"Mushrooms","player_choice":"Fought Mushrooms","floor":14.0,"gold_loss":0.0,"damage_taken":0.0},{"damage_healed":0.0,"max_hp_gain":0.0,"max_hp_loss":0.0,"gold_gain":0.0,"cards_transformed":["Strike_G","Strike_G"],"event_name":"Drug Dealer","player_choice":"Became Test Subject","floor":21.0,"gold_loss":0.0,"damage_taken":0.0,"cards_obtained":["Dagger Spray","Catalyst"]},{"cards_removed":["Strike_G"],"damage_healed":0.0,"max_hp_gain":0.0,"max_hp_loss":0.0,"gold_gain":0.0,"event_name":"Beggar","player_choice":"Gave Gold","floor":22.0,"gold_loss":75.0,"damage_taken":0.0},{"damage_healed":0.0,"max_hp_gain":0.0,"max_hp_loss":0.0,"gold_gain":0.0,"event_name":"The Library","player_choice":"Read","floor":25.0,"gold_loss":0.0,"damage_taken":0.0,"cards_obtained":["Leg Sweep"]},{"damage_healed":0.0,"max_hp_gain":0.0,"max_hp_loss":0.0,"gold_gain":0.0,"event_name":"Ghosts","player_choice":"Ignored","floor":29.0,"gold_loss":0.0,"damage_taken":0.0},{"damage_healed":0,"gold_gain":0,"player_choice":"Ignored","damage_taken":0,"max_hp_gain":0,"max_hp_loss":0,"event_name":"Tomb of Lord Red Mask","floor":36,"gold_loss":0},{"damage_healed":0,"gold_gain":0,"player_choice":"Fight","damage_taken":0,"max_hp_gain":0,"max_hp_loss":0,"event_name":"MindBloom","floor":38,"gold_loss":0},{"cards_removed":["Defend_G"],"damage_healed":0,"gold_gain":0,"player_choice":"Removed Skill","damage_taken":0,"max_hp_gain":0,"max_hp_loss":0,"event_name":"Falling","floor":44,"gold_loss":0},{"damage_healed":0,"gold_gain":0,"player_choice":"Max HP","damage_taken":0,"max_hp_gain":0,"max_hp_loss":4,"event_name":"Winding Halls","floor":45,"gold_loss":0}],"is_beta":false,"boss_relics":[{"not_picked":["HoveringKite","Ring of the Serpent"],"picked":"Velvet Choker"},{"not_picked":["Runic Dome","Fusion Hammer"],"picked":"Eternal Feather"}],"items_purged_floors":[11],"is_endless":false,"potions_floor_spawned":[2,4,5,18,19,30,31,38,41],"killed_by":"The Heart","ascension_level":2}