{"gold_per_floor":[119,119,44,44,57,57,88,88,88,88,105,105,119,19,19,19],"floor_reached":16,"playtime":738,"items_purged":["Shame","Strike_G"],"score":103,"play_id":"9b7437ad-760c-466e-acc3-642cc33681e8","local_time":"20190112133826","is_ascension_mode":true,"campfire_choices":[{"data":"Skewer","floor":6,"key":"SMITH"},{"data":"Outmaneuver","floor":8,"key":"SMITH"},{"floor":12,"key":"REST"},{"floor":15,"key":"REST"}],"neow_cost":"CURSE","seed_source_timestamp":0,"circlet_count":0,"master_deck":["Defend_G","Defend_G","Defend_G","Defend_G","Defend_G","Strike_G","Strike_G","Strike_G","Strike_G","Survivor","Neutralize","Skewer+1","Outmaneuver+1","Regret","Underhanded Strike","Backflip","Backstab"],"special_seed":0,"relics":["Ring of the Snake","Prayer Wheel","Mercury Hourglass","Dream Catcher","Centennial Puzzle"],"potions_floor_usage":[16],"damage_taken":[{"damage":0.0,"enemies":"Cultist","floor":1.0,"turns":5.0},{"damage":0,"enemies":"Small Slimes","floor":5,"turns":4},{"damage":51,"enemies":"Lagavulin","floor":7,"turns":9},{"damage":0,"enemies":"Jaw Worm","floor":11,"turns":4},{"damage":7,"enemies":"Looter","floor":13,"turns":4},{"damage":53,"enemies":"The Guardian","floor":16,"turns":10}],"seed_played":"8175547184891371264","potions_obtained":[{"floor":1.0,"key":"SmokeBomb"},{"floor":10,"key":"SpeedPotion"},{"floor":10,"key":"PowerPotion"},{"floor":10,"key":"Regen Potion"}],"is_trial":false,"path_per_floor":["M","?","$","?","M","R","E","R","T","?","M","R","M","$","R","B"],"character_chosen":"THE_SILENT","items_purchased":[],"campfire_rested":2,"item_purchase_floors":[],"current_hp_per_floor":[70,63,63,63,63,63,12,12,12,12,12,33,26,26,47,0],"gold":19,"neow_bonus":"ONE_RARE_RELIC","is_prod":false,"is_daily":false,"chose_seed":false,"campfire_upgraded":2,"win_rate":0,"timestamp":1547318306,"path_taken":["M","?","$","?","M","R","E","R","T","?","M","R","M","$","R","BOSS"],"build_version":"2019-01-10","purchased_purges":2,"victory":false,"max_hp_per_floor":[70,70,70,70,70,70,70,70,70,70,70,70,70,70,70,70],"card_choices":[{"not_picked":["Heel Hook","PiercingWail"],"picked":"Skewer","floor":1.0},{"not_picked":["Dagger Throw","Cloak And Dagger"],"picked":"Outmaneuver","floor":1.0},{"not_picked":["Accuracy","Phantasmal Killer"],"picked":"Underhanded Strike","floor":5},{"not_picked":["Dodge and Roll","Reflex","Blade Dance"],"picked":"SKIP","floor":5},{"not_picked":["Choke","Deadly Poison","Finisher"],"picked":"SKIP","floor":7},{"not_picked":["Dagger Spray","Slice","Infinite Blades"],"picked":"SKIP","floor":11},{"not_picked":["Poisoned Stab","Dodge and Roll","Dagger Throw"],"picked":"SKIP","floor":11},{"not_picked":["Dagger Throw","Glass Knife"],"picked":"Backflip","floor":12},{"not_picked":["PiercingWail","Bane"],"picked":"Backstab","floor":13},{"not_picked":["Eviscerate","Dagger Spray","Infinite Blades"],"picked":"SKIP","floor":13}],"player_experience":63620,"relics_obtained":[{"floor":7,"key":"Centennial Puzzle"}],"event_choices":[{"damage_healed":0.0,"max_hp_gain":0.0,"max_hp_loss":0.0,"gold_gain":0.0,"event_name":"Scrap Ooze","player_choice":"Success","floor":2.0,"gold_loss":0.0,"damage_taken":7.0,"relics_obtained":["Mercury Hourglass"]},{"damage_healed":0.0,"max_hp_gain":0.0,"max_hp_loss":0.0,"gold_gain":0.0,"event_name":"Big Fish","player_choice":"Box","floor":4.0,"gold_loss":0.0,"damage_taken":0.0,"relics_obtained":["Dream Catcher"],"cards_obtained":["Regret"]},{"damage_healed":0,"gold_gain":0,"player_choice":"Got Potions","damage_taken":0,"max_hp_gain":0,"max_hp_loss":0,"event_name":"Lab","floor":10,"gold_loss":0}],"is_beta":false,"boss_relics":[],"items_purged_floors":[3,14],"is_endless":false,"potions_floor_spawned":[1,11],"killed_by":"The Guardian","ascension_level":1}