{"gold_per_floor":[116,132,152,165,240,269,283,295,295,312,312,312,387,403,403,499,499,512,29,43,43,43,69,69,69,93,104,104],"floor_reached":28,"playtime":2204,"items_purged":["Strike_R"],"score":242,"play_id":"69931771-bf23-48a5-a529-0d21a7eed0c5","local_time":"20190708211310","is_ascension_mode":false,"campfire_choices":[{"floor":11,"key":"REST"},{"data":"Rampage","floor":15,"key":"SMITH"},{"floor":25,"key":"REST"}],"neow_cost":"NONE","seed_source_timestamp":0,"circlet_count":0,"master_deck":["Strike_R","Defend_R","Defend_R","Defend_R","Defend_R","Pommel Strike","Blood for Blood+1","Sword Boomerang","Armaments","Immolate+1","Rampage+1","Uppercut","Twin Strike","Rampage","Barricade","Flex+1","Feel No Pain+1","Headbutt+1","Clothesline","Reaper","Mind Blast","Battle Trance","Flex","Necronomicurse","Shame","Berserk","Rampage+1","Sword Boomerang"],"special_seed":0,"relics":["Burning Blood","Charon\u0027s Ashes","Bottled Flame","Astrolabe","Whetstone","Necronomicon","Calipers","Matryoshka","Bag of Preparation","Bag of Marbles"],"potions_floor_usage":[16,16,16],"damage_taken":[{"damage":0.0,"enemies":"2 Louse","floor":1.0,"turns":3.0},{"damage":1.0,"enemies":"Cultist","floor":2.0,"turns":3.0},{"damage":6.0,"enemies":"Jaw Worm","floor":3.0,"turns":3.0},{"damage":25.0,"enemies":"Large Slime","floor":4.0,"turns":8.0},{"damage":32,"enemies":"3 Sentries","floor":6,"turns":10},{"damage":17,"enemies":"3 Louse","floor":7,"turns":2},{"damage":9,"enemies":"2 Fungi Beasts","floor":8,"turns":2},{"damage":11,"enemies":"Red Slaver","floor":10,"turns":4},{"damage":1,"enemies":"Exordium Wildlife","floor":14,"turns":3},{"damage":26,"enemies":"Slime Boss","floor":16,"turns":8},{"damage":5,"enemies":"Chosen","floor":18,"turns":4},{"damage":19,"enemies":"3 Byrds","floor":20,"turns":6},{"damage":70,"enemies":"Gremlin Leader","floor":23,"turns":10},{"damage":21,"enemies":"Snake Plant","floor":27,"turns":2},{"damage":30,"enemies":"Shelled Parasite and Fungi","floor":28,"turns":3}],"seed_played":"7500283787630177314","potions_obtained":[{"floor":1.0,"key":"SteroidPotion"},{"floor":6,"key":"AttackPotion"},{"floor":7,"key":"Dexterity Potion"},{"floor":14,"key":"Ancient Potion"},{"floor":18,"key":"Poison Potion"},{"floor":23,"key":"SpeedPotion"}],"is_trial":false,"path_per_floor":["M","M","M","M","?","E","M","M","T","M","R","?","?","M","R","B",null,"M","$","M","?","?","E","?","R","T","M","M"],"character_chosen":"IRONCLAD","items_purchased":["Reaper","Whetstone","Mind Blast","Battle Trance"],"campfire_rested":2,"item_purchase_floors":[19,19,19,19],"current_hp_per_floor":[88,88,88,69,61,35,24,21,21,16,42,35,24,29,29,9,88,88,88,81,65,65,25,25,51,51,36,6],"gold":104,"neow_bonus":"TEN_PERCENT_HP_BONUS","is_prod":false,"is_daily":false,"chose_seed":false,"campfire_upgraded":1,"win_rate":0.0,"timestamp":1562613190,"path_taken":["M","M","M","M","?","E","M","M","T","?","R","?","?","M","R","BOSS","M","$","M","?","?","E","?","R","T","?","M"],"build_version":"2019-07-05","purchased_purges":1,"victory":false,"max_hp_per_floor":[88,88,88,88,88,88,88,88,88,88,88,88,88,88,88,88,88,88,88,88,88,88,88,88,88,88,88,88],"card_choices":[{"not_picked":["Feel No Pain","Anger"],"picked":"Pommel Strike","floor":1.0},{"not_picked":["Warcry","Wild Strike"],"picked":"Blood for Blood","floor":2.0},{"not_picked":["Heavy Blade","True Grit"],"picked":"Sword Boomerang","floor":3.0},{"not_picked":["Headbutt","Carnage"],"picked":"Armaments","floor":4.0},{"not_picked":["Iron Wave","Headbutt"],"picked":"Immolate","floor":6},{"not_picked":["Clash","Perfected Strike"],"picked":"Rampage","floor":7},{"not_picked":["Dropkick","Disarm"],"picked":"Uppercut","floor":8},{"not_picked":["Shrug It Off","Iron Wave"],"picked":"Twin Strike","floor":10},{"not_picked":["Flame Barrier","Sword Boomerang"],"picked":"Rampage","floor":14},{"not_picked":["Immolate","Impervious"],"picked":"Barricade","floor":16},{"not_picked":["Headbutt","True Grit"],"picked":"Clothesline","floor":18},{"not_picked":["Armaments+1","Power Through"],"picked":"Flex","floor":20},{"not_picked":["Burning Pact+1","Inflame"],"picked":"Berserk","floor":23},{"not_picked":["Headbutt","Heavy Blade+1"],"picked":"Sword Boomerang","floor":27}],"player_experience":25109,"relics_obtained":[{"floor":6,"key":"Charon\u0027s Ashes"},{"floor":9,"key":"Bottled Flame"},{"floor":21,"key":"Necronomicon"},{"floor":23,"key":"Matryoshka"},{"floor":26,"key":"Bag of Preparation"},{"floor":26,"key":"Bag of Marbles"}],"event_choices":[{"damage_healed":0.0,"max_hp_gain":0.0,"max_hp_loss":0.0,"gold_gain":75.0,"event_name":"FaceTrader","player_choice":"Touch","floor":5.0,"gold_loss":0.0,"damage_taken":8.0},{"cards_removed":["Bash"],"damage_healed":0,"gold_gain":0,"player_choice":"Card Removal","damage_taken":7,"max_hp_gain":0,"max_hp_loss":0,"event_name":"Golden Wing","floor":12,"gold_loss":0},{"damage_healed":0,"gold_gain":75,"player_choice":"Gather Gold","damage_taken":11,"max_hp_gain":0,"max_hp_loss":0,"event_name":"World of Goop","floor":13,"gold_loss":0},{"damage_healed":0,"gold_gain":0,"player_choice":"Obtained Book","damage_taken":16,"max_hp_gain":0,"max_hp_loss":0,"event_name":"Cursed Tome","floor":21,"gold_loss":0},{"damage_healed":0,"gold_gain":0,"player_choice":"Stole Relic","damage_taken":0,"relics_obtained":["Calipers"],"max_hp_gain":0,"max_hp_loss":0,"event_name":"Addict","floor":22,"gold_loss":0,"cards_obtained":["Shame"]},{"damage_healed":0,"gold_gain":0,"player_choice":"Copied","damage_taken":0,"max_hp_gain":0,"max_hp_loss":0,"event_name":"Duplicator","floor":24,"gold_loss":0,"cards_obtained":["Rampage"]}],"is_beta":false,"boss_relics":[{"not_picked":["Orrery","Black Blood"],"picked":"Astrolabe"}],"items_purged_floors":[19],"is_endless":false,"potions_floor_spawned":[1,6,7,14,18,23],"killed_by":"Shelled Parasite and Fungi","ascension_level":0}