{"gold_per_floor":[118,132,49,65,82,82,110,110,110,137,287,287,314,22,22,94,94,70,70,70,70,70,70,100,100,100,127,145,163,88,116,116,190,190,203,223,223,236,181,181,208,222,222,249,249,117,117,128,128,128,128,128,128,29,55,55],"floor_reached":57,"playtime":4374,"items_purged":["Strike_B"],"score":2798,"play_id":"48bc4113-81c7-43f6-b22a-f20cdbe0d6fc","local_time":"20190627172752","is_ascension_mode":true,"campfire_choices":[{"data":"Defragment","floor":6.0,"key":"SMITH"},{"floor":8.0,"key":"REST"},{"floor":12.0,"key":"DIG"},{"data":"Apotheosis","floor":15.0,"key":"SMITH"},{"floor":23,"key":"REST"},{"floor":25,"key":"REST"},{"floor":32,"key":"DIG"},{"floor":40,"key":"DIG"},{"floor":45,"key":"RECALL"},{"floor":47,"key":"DIG"},{"floor":49,"key":"REST"},{"floor":53,"key":"DIG"}],"neow_cost":"PERCENT_DAMAGE","seed_source_timestamp":0,"circlet_count":0,"master_deck":["AscendersBane","Strike_B","Defend_B","Defend_B","Defend_B","Defend_B+1","Zap","Dualcast","Glacier","Sunder","Defragment+1","Storm","Genetic Algorithm","Echo Form","Capacitor","Doubt","Cold Snap","Consume","Apotheosis+1","Echo Form","Hologram","Chill","Hologram","Capacitor","Stack+1","Consume+1","Seek","Hologram","Ball Lightning","Core Surge","Capacitor","Buffer","Chaos+1","Force Field","Compile Driver","Redo","Compile Driver+1","BootSequence+1","Seek","Redo","Stack","Defragment","Coolheaded"],"special_seed":0,"relics":["Cracked Core","Anchor","Pear","Shovel","Regal Pillow","Odd Mushroom","Fusion Hammer","Dream Catcher","PreservedInsect","Meat on the Bone","Strawberry","Inserter","War Paint","Lantern","Bottled Flame","Happy Flower","Orichalcum","Gremlin Horn","Blood Vial"],"potions_floor_usage":[31,56],"damage_taken":[{"damage":9.0,"enemies":"Jaw Worm","floor":1.0,"turns":4.0},{"damage":11.0,"enemies":"2 Louse","floor":2.0,"turns":2.0},{"damage":2.0,"enemies":"Small Slimes","floor":4.0,"turns":3.0},{"damage":14.0,"enemies":"Exordium Wildlife","floor":5.0,"turns":4.0},{"damage":16.0,"enemies":"Lagavulin","floor":7.0,"turns":9.0},{"damage":10.0,"enemies":"3 Sentries","floor":10.0,"turns":9.0},{"damage":13.0,"enemies":"The Mushroom Lair","floor":13.0,"turns":4.0},{"damage":7.0,"enemies":"Hexaghost","floor":16.0,"turns":10.0},{"damage":23.0,"enemies":"2 Thieves","floor":18.0,"turns":4.0},{"damage":48,"enemies":"Gremlin Leader","floor":24,"turns":8},{"damage":18,"enemies":"Slavers","floor":27,"turns":7},{"damage":0,"enemies":"Chosen","floor":28,"turns":8},{"damage":2,"enemies":"Centurion and Healer","floor":29,"turns":7},{"damage":5,"enemies":"Gremlin Leader","floor":31,"turns":7},{"damage":24,"enemies":"Collector","floor":33,"turns":8},{"damage":27,"enemies":"Orb Walker","floor":35,"turns":5},{"damage":14,"enemies":"3 Darklings","floor":36,"turns":10},{"damage":0,"enemies":"4 Shapes","floor":38,"turns":4},{"damage":0,"enemies":"Nemesis","floor":41,"turns":7},{"damage":13,"enemies":"Spire Growth","floor":42,"turns":6},{"damage":3,"enemies":"Giant Head","floor":44,"turns":11},{"damage":22,"enemies":"Writhing Mass","floor":48,"turns":8},{"damage":35,"enemies":"Donu and Deca","floor":50,"turns":12},{"damage":31,"enemies":"Awakened One","floor":51,"turns":15},{"damage":28,"enemies":"Shield and Spear","floor":55,"turns":11},{"damage":34,"enemies":"The Heart","floor":56,"turns":12}],"seed_played":"908556972218980","potions_obtained":[{"floor":1.0,"key":"FairyPotion"},{"floor":4.0,"key":"Explosive Potion"},{"floor":5.0,"key":"Block Potion"},{"floor":10.0,"key":"Energy Potion"},{"floor":35,"key":"Energy Potion"}],"is_trial":false,"path_per_floor":["M","M","$","M","M","R","E","R","T","E","?","R","?","$","R","B",null,"M","?","?","?","$","R","E","R","T","E","M","M","$","E","R","B",null,"M","M","?","M","$","R","E","M","T","E","R","$","R","M","R","B","B",null,"R","$","E","B",null],"character_chosen":"DEFECT","items_purchased":["Defragment","Consume","Apotheosis","Core Surge","Redo","Redo","Defragment","Coolheaded"],"campfire_rested":4,"item_purchase_floors":[3,14,14,30,39,46,54,54],"current_hp_per_floor":[51,40,40,38,24,24,8,33,43,33,33,33,20,20,20,13,75,52,52,52,52,52,95,47,90,90,72,72,70,70,65,72,60,92,65,63,63,63,63,63,63,62,62,59,59,59,59,49,94,59,40,87,87,87,59,39],"gold":55,"neow_bonus":"TWENTY_PERCENT_HP_BONUS","is_prod":false,"is_daily":false,"chose_seed":false,"campfire_upgraded":2,"win_rate":0,"timestamp":1561670872,"path_taken":["M","M","$","M","M","R","E","R","T","E","?","R","?","$","R","BOSS","M","?","?","?","$","R","E","R","T","E","M","M","?","E","R","BOSS","M","M","?","M","$","R","E","M","T","E","R","$","R","M","R","BOSS","BOSS","R","$","E","BOSS"],"build_version":"2019-06-24","purchased_purges":1,"victory":true,"max_hp_per_floor":[85,85,85,85,85,85,85,85,95,95,95,95,95,95,95,95,95,95,95,95,95,95,95,95,95,95,95,95,95,95,95,102,102,102,102,102,102,102,102,102,102,102,102,102,102,102,102,102,102,102,102,102,102,102,102,102],"card_choices":[{"not_picked":["Ball Lightning","Redo"],"picked":"Glacier","floor":1.0},{"not_picked":["Beam Cell","Redo"],"picked":"Sunder","floor":2.0},{"not_picked":["Heatsinks","Steam Power"],"picked":"Storm","floor":4.0},{"not_picked":["Machine Learning","Melter"],"picked":"Genetic Algorithm","floor":5.0},{"not_picked":["Gash","Coolheaded"],"picked":"Echo Form","floor":7.0},{"not_picked":["White Noise","Cold Snap"],"picked":"Capacitor","floor":10.0},{"not_picked":["Conserve Battery","Barrage"],"picked":"Cold Snap","floor":13.0},{"not_picked":["Thunder Strike","Reboot"],"picked":"Echo Form","floor":16.0},{"not_picked":["Beam Cell","Leap"],"picked":"Hologram","floor":18.0},{"not_picked":["Reinforced Body","Tempest"],"picked":"Stack","floor":24},{"not_picked":["Hologram","Barrage+1"],"picked":"Consume+1","floor":25},{"not_picked":["Compile Driver","Barrage"],"picked":"Seek","floor":27},{"not_picked":["Turbo","Skim"],"picked":"Hologram","floor":28},{"not_picked":["Leap","Stack"],"picked":"Ball Lightning","floor":29},{"not_picked":["Skim","Hologram"],"picked":"Capacitor","floor":31},{"not_picked":["Amplify","Rainbow"],"picked":"Buffer","floor":33},{"not_picked":["Go for the Eyes","Rip and Tear"],"picked":"Chaos+1","floor":35},{"not_picked":["Genetic Algorithm","Gash+1"],"picked":"Force Field","floor":36},{"not_picked":["Self Repair","Heatsinks"],"picked":"Compile Driver","floor":38},{"not_picked":["Aggregate","Scrape"],"picked":"Compile Driver+1","floor":41},{"not_picked":["Genetic Algorithm","Scrape+1"],"picked":"BootSequence+1","floor":42},{"not_picked":["Ball Lightning","Stack"],"picked":"Seek","floor":44},{"not_picked":["Streamline","Go for the Eyes"],"picked":"Stack","floor":48},{"not_picked":["Ball Lightning+1","Barrage","Capacitor"],"picked":"SKIP","floor":55}],"player_experience":3049339,"relics_obtained":[{"floor":7.0,"key":"Anchor"},{"floor":9.0,"key":"Pear"},{"floor":10.0,"key":"Shovel"},{"floor":12.0,"key":"Regal Pillow"},{"floor":13.0,"key":"Odd Mushroom"},{"floor":24,"key":"Dream Catcher"},{"floor":27,"key":"PreservedInsect"},{"floor":31,"key":"Meat on the Bone"},{"floor":32,"key":"Strawberry"},{"floor":40,"key":"War Paint"},{"floor":41,"key":"Lantern"},{"floor":43,"key":"Bottled Flame"},{"floor":44,"key":"Happy Flower"},{"floor":47,"key":"Orichalcum"},{"floor":53,"key":"Gremlin Horn"},{"floor":55,"key":"Blood Vial"}],"event_choices":[{"damage_healed":0.0,"max_hp_gain":0.0,"max_hp_loss":0.0,"gold_gain":150.0,"event_name":"Liars Game","player_choice":"AGREE","floor":11.0,"gold_loss":0.0,"damage_taken":0.0,"cards_obtained":["Doubt"]},{"damage_healed":0.0,"max_hp_gain":0.0,"max_hp_loss":0.0,"gold_gain":0.0,"event_name":"Mushrooms","player_choice":"Fought Mushrooms","floor":13.0,"gold_loss":0.0,"damage_taken":0.0},{"damage_healed":0.0,"max_hp_gain":0.0,"max_hp_loss":0.0,"gold_gain":0.0,"cards_transformed":["Strike_B","Strike_B"],"event_name":"Drug Dealer","player_choice":"Became Test Subject","floor":19.0,"gold_loss":0.0,"damage_taken":0.0,"cards_obtained":["Chill","Hologram"]},{"damage_healed":0,"gold_gain":0,"player_choice":"Read","damage_taken":0,"max_hp_gain":0,"max_hp_loss":0,"event_name":"The Library","floor":20,"gold_loss":0,"cards_obtained":["Capacitor"]},{"damage_healed":0,"gold_gain":0,"player_choice":"Ignored","damage_taken":0,"max_hp_gain":0,"max_hp_loss":0,"event_name":"Ghosts","floor":21,"gold_loss":0},{"damage_healed":0,"gold_gain":0,"player_choice":"Ignored","damage_taken":0,"max_hp_gain":0,"max_hp_loss":0,"event_name":"Tomb of Lord Red Mask","floor":37,"gold_loss":0}],"is_beta":true,"boss_relics":[{"not_picked":["Velvet Choker","Black Star"],"picked":"Fusion Hammer"},{"not_picked":["Calling Bell","Busted Crown"],"picked":"Inserter"}],"items_purged_floors":[46],"is_endless":false,"potions_floor_spawned":[1,4,5,10,24,27,28,35,36,41],"ascension_level":20}