{"gold_per_floor":[112,112,123,134,4,36,36,54,79,98,129,129,156,331,331,435,435,453,49,49,49,49,49,76,101,153,167,184,196,196,215,215,311,311,325,325,341,351,363,363,55,55,55,68,80,97,97,127,127,127],"floor_reached":50,"playtime":2543,"items_purged":[],"score":818,"play_id":"eaecc11b-5e2c-42ff-bb81-c02317a93e5e","local_time":"20190514101526","is_ascension_mode":true,"campfire_choices":[{"floor":7,"key":"REST"},{"floor":12,"key":"REST"},{"floor":15,"key":"REST"},{"floor":23,"key":"REST"},{"floor":30,"key":"REST"},{"floor":32,"key":"REST"},{"data":"Adrenaline","floor":40,"key":"SMITH"},{"floor":42,"key":"RECALL"},{"data":"Sadistic Nature","floor":47,"key":"SMITH"},{"floor":49,"key":"REST"}],"neow_cost":"PERCENT_DAMAGE","seed_source_timestamp":10295642132433,"circlet_count":0,"master_deck":["Defend_G+1","Defend_G+1","Defend_G+1","Defend_G+1","Defend_G+1","Strike_G+1","Strike_G+1","Strike_G+1","Strike_G+1","Strike_G+1","Survivor","Neutralize","Well Laid Plans","Flying Knee","Dagger Throw","Poisoned Stab","Well Laid Plans","Deflect","Cloak And Dagger","Sucker Punch","Caltrops","Cloak And Dagger","Doubt","Night Terror","Cloak And Dagger+1","Sadistic Nature+1","Masterful Stab","Necronomicurse","Dash+1","Flying Knee+1","Doubt","Clumsy","Choke","Poisoned Stab+1","PiercingWail","Backstab","Quick Slash","Cloak And Dagger+1","Adrenaline+1","Accuracy","Footwork","Backstab+1","Pain","Deflect+1","Parasite","Flying Knee","Infinite Blades+1","Parasite","Tactician+1","Crippling Poison+1","Leg Sweep"],"relics":["Ring of the Snake","Du-Vu Doll","Orichalcum","Boot","Potion Belt","Pen Nib","Bronze Scales","Cursed Key","Dream Catcher","Necronomicon","Dead Branch","Bag of Marbles","Orrery","WarpedTongs","Bottled Tornado","Dodecahedron","Tough Bandages"],"potions_floor_usage":[6,6,11,16,33,33,48,50,50],"damage_taken":[{"damage":1,"enemies":"Jaw Worm","floor":1,"turns":5},{"damage":0,"enemies":"Small Slimes","floor":3,"turns":3},{"damage":0,"enemies":"2 Louse","floor":4,"turns":3},{"damage":25,"enemies":"Gremlin Nob","floor":6,"turns":5},{"damage":6,"enemies":"Red Slaver","floor":8,"turns":4},{"damage":4,"enemies":"Blue Slaver","floor":10,"turns":4},{"damage":24,"enemies":"3 Sentries","floor":11,"turns":11},{"damage":12,"enemies":"Gremlin Nob","floor":13,"turns":4},{"damage":20,"enemies":"The Guardian","floor":16,"turns":11},{"damage":20,"enemies":"Spheric Guardian","floor":18,"turns":4},{"damage":27,"enemies":"Book of Stabbing","floor":24,"turns":4},{"damage":0,"enemies":"3 Byrds","floor":27,"turns":2},{"damage":4,"enemies":"Cultist and Chosen","floor":28,"turns":3},{"damage":2,"enemies":"Centurion and Healer","floor":29,"turns":2},{"damage":0,"enemies":"Snake Plant","floor":31,"turns":1},{"damage":7,"enemies":"Automaton","floor":33,"turns":8},{"damage":0,"enemies":"Orb Walker","floor":35,"turns":1},{"damage":0,"enemies":"3 Shapes","floor":37,"turns":1},{"damage":0,"enemies":"Writhing Mass","floor":38,"turns":3},{"damage":0,"enemies":"Maw","floor":39,"turns":4},{"damage":0,"enemies":"Sphere and 2 Shapes","floor":44,"turns":2},{"damage":0,"enemies":"Jaw Worm Horde","floor":45,"turns":2},{"damage":0,"enemies":"Spire Growth","floor":46,"turns":2},{"damage":34,"enemies":"Nemesis","floor":48,"turns":3},{"damage":67,"enemies":"Time Eater","floor":50,"turns":6}],"seed_played":"4773572044719195918","potions_obtained":[{"floor":1,"key":"Swift Potion"},{"floor":4,"key":"Strength Potion"},{"floor":6,"key":"Ancient Potion"},{"floor":10,"key":"Fruit Juice"},{"floor":13,"key":"Fire Potion"},{"floor":28,"key":"Swift Potion"},{"floor":29,"key":"Fire Potion"},{"floor":31,"key":"Block Potion"},{"floor":39,"key":"Swift Potion"},{"floor":46,"key":"Ancient Potion"}],"is_trial":false,"path_per_floor":["M","?","M","M","$","E","R","M","T","M","E","R","E","?","R","B",null,"M","$","?","?","?","R","E","T","T","M","M","M","R","M","R","B",null,"M","?","M","M","M","R","$","R","T","M","M","M","R","E","R","B"],"character_chosen":"THE_SILENT","items_purchased":["Poisoned Stab","Well Laid Plans","Sadistic Nature","Masterful Stab","Dream Catcher","Bottled Tornado","Block Potion"],"campfire_rested":7,"item_purchase_floors":[5,5,19,19,19,41,41],"current_hp_per_floor":[48,36,36,36,36,11,32,26,26,22,3,25,13,13,35,15,60,40,40,24,24,24,46,19,19,19,19,15,13,35,35,57,50,69,69,69,69,69,69,69,69,69,69,69,69,69,69,35,57,0],"gold":127,"neow_bonus":"ONE_RARE_RELIC","is_prod":false,"is_daily":false,"chose_seed":false,"campfire_upgraded":2,"win_rate":0,"timestamp":1557792926,"path_taken":["M","?","M","M","$","E","R","M","T","M","E","R","E","?","R","BOSS","M","$","?","?","?","R","E","?","T","?","M","M","R","M","R","BOSS","M","?","M","?","M","R","$","R","T","M","M","M","R","E","R","BOSS"],"build_version":"2019-01-23","purchased_purges":0,"victory":false,"max_hp_per_floor":[70,70,70,70,70,70,70,70,70,70,75,75,75,75,75,75,75,75,75,75,75,75,75,75,75,75,75,75,75,75,75,75,75,75,75,75,75,75,75,75,75,75,75,75,75,75,75,75,75,75],"card_choices":[{"not_picked":["Backstab","Slice"],"picked":"Well Laid Plans","floor":1},{"not_picked":["Acrobatics","Unload"],"picked":"Flying Knee","floor":3},{"not_picked":["Crippling Poison","Dodge and Roll"],"picked":"Dagger Throw","floor":4},{"not_picked":["Terror","Acrobatics"],"picked":"Deflect","floor":6},{"not_picked":["Expertise","Deadly Poison"],"picked":"Cloak And Dagger","floor":8},{"not_picked":["PiercingWail","Escape Plan"],"picked":"Sucker Punch","floor":10},{"not_picked":["Catalyst","Prepared"],"picked":"Caltrops","floor":11},{"not_picked":["Blade Dance","Tactician"],"picked":"Cloak And Dagger","floor":13},{"not_picked":["Grand Finale","Envenom"],"picked":"Night Terror","floor":16},{"not_picked":["Bane","Slice"],"picked":"Cloak And Dagger+1","floor":18},{"not_picked":["Outmaneuver","PiercingWail"],"picked":"Dash+1","floor":23},{"not_picked":["Riddle With Holes","PiercingWail"],"picked":"Flying Knee+1","floor":24},{"not_picked":["Bane","Flechettes","Choke"],"picked":"SKIP","floor":27},{"not_picked":["Bane","Flechettes"],"picked":"Choke","floor":27},{"not_picked":["Cloak And Dagger+1","Outmaneuver+1"],"picked":"Poisoned Stab+1","floor":28},{"not_picked":["Backflip","Slice"],"picked":"PiercingWail","floor":29},{"not_picked":["Dash","Bane+1"],"picked":"Backstab","floor":30},{"not_picked":["Caltrops","Glass Knife"],"picked":"Quick Slash","floor":31},{"not_picked":["Sucker Punch","Poisoned Stab"],"picked":"Cloak And Dagger+1","floor":32},{"not_picked":["Phantasmal Killer","Bullet Time"],"picked":"Adrenaline","floor":33},{"not_picked":["All Out Attack+1","Quick Slash+1"],"picked":"Accuracy","floor":34},{"not_picked":["Bouncing Flask+1","Deadly Poison+1"],"picked":"Footwork","floor":34},{"not_picked":["Caltrops","All Out Attack+1"],"picked":"Backstab+1","floor":35},{"not_picked":["Setup","Deflect+1","Distraction"],"picked":"SKIP","floor":37},{"not_picked":["Setup","Distraction"],"picked":"Deflect+1","floor":37},{"not_picked":["Blade Dance","Malaise"],"picked":"Flying Knee","floor":38},{"not_picked":["Endless Agony","Backflip+1"],"picked":"Infinite Blades+1","floor":39},{"not_picked":["Dagger Spray+1","Prepared+1"],"picked":"Tactician+1","floor":44},{"not_picked":["Dodge and Roll+1","Acrobatics"],"picked":"Crippling Poison+1","floor":45},{"not_picked":["Reflex","Bane","Outmaneuver"],"picked":"SKIP","floor":46},{"not_picked":["Prepared+1","Finisher+1"],"picked":"Leg Sweep","floor":48}],"player_experience":606134,"relics_obtained":[{"floor":6,"key":"Boot"},{"floor":9,"key":"Potion Belt"},{"floor":11,"key":"Pen Nib"},{"floor":13,"key":"Bronze Scales"},{"floor":20,"key":"Necronomicon"},{"floor":24,"key":"Dead Branch"},{"floor":26,"key":"Bag of Marbles"},{"floor":43,"key":"Dodecahedron"},{"floor":48,"key":"Tough Bandages"}],"event_choices":[{"damage_healed":0,"gold_gain":0,"player_choice":"Success","damage_taken":12,"relics_obtained":["Orichalcum"],"max_hp_gain":0,"max_hp_loss":0,"event_name":"Scrap Ooze","floor":2,"gold_loss":0},{"damage_healed":0,"gold_gain":175,"player_choice":"AGREE","damage_taken":0,"max_hp_gain":0,"max_hp_loss":0,"event_name":"Liars Game","floor":14,"gold_loss":0,"cards_obtained":["Doubt"]},{"damage_healed":0,"gold_gain":0,"player_choice":"Obtained Book","damage_taken":16,"max_hp_gain":0,"max_hp_loss":0,"event_name":"Cursed Tome","floor":20,"gold_loss":0},{"damage_healed":0,"gold_gain":0,"player_choice":"Ignored","damage_taken":0,"max_hp_gain":0,"max_hp_loss":0,"event_name":"Ghosts","floor":21,"gold_loss":0},{"damage_healed":0,"gold_gain":0,"player_choice":"Simplicity","damage_taken":0,"max_hp_gain":0,"max_hp_loss":0,"event_name":"Back to Basics","floor":22,"gold_loss":0,"cards_upgraded":["Defend_G","Defend_G","Defend_G","Defend_G","Defend_G","Strike_G","Strike_G","Strike_G","Strike_G","Strike_G"]},{"damage_healed":0,"gold_gain":0,"player_choice":"Rummage","damage_taken":0,"relics_obtained":["WarpedTongs"],"max_hp_gain":0,"max_hp_loss":0,"event_name":"Accursed Blacksmith","floor":36,"gold_loss":0,"cards_obtained":["Pain"]}],"is_beta":false,"boss_relics":[{"not_picked":["Eternal Feather","Busted Crown"],"picked":"Cursed Key"},{"not_picked":["Philosopher\u0027s Stone","Runic Pyramid"],"picked":"Orrery"}],"items_purged_floors":[],"is_endless":false,"potions_floor_spawned":[1,4,6,10,13,28,29,31,39,46],"killed_by":"Time Eater","ascension_level":5}