{"gold_per_floor":[367,382,382,395,15,15,50,65,65,16,48,48,106,125,125,224,224,235,252,9,0,99,134,134,183,183,202,202,202,213,229,229,333,333,343,4,4,15,31,31,31,62,62,62,82,97,28,28,28,28],"floor_reached":51,"playtime":2867,"items_purged":[],"score":1094,"play_id":"bdeff6cb-3fc1-45fd-a9f6-caa5ece777d2","local_time":"20190607230942","is_ascension_mode":true,"campfire_choices":[{"data":"Neutralize","floor":6.0,"key":"SMITH"},{"floor":12.0,"key":"REST"},{"floor":15.0,"key":"REST"},{"floor":24.0,"key":"REST"},{"floor":29.0,"key":"REST"},{"floor":32.0,"key":"REST"},{"data":"Apotheosis","floor":40.0,"key":"SMITH"},{"floor":44.0,"key":"REST"},{"floor":49.0,"key":"REST"}],"neow_cost":"PERCENT_DAMAGE","seed_source_timestamp":0,"circlet_count":0,"master_deck":["AscendersBane","Defend_G","Defend_G","Defend_G","Defend_G","Defend_G","Strike_G","Strike_G","Strike_G","Strike_G","Survivor","Neutralize+1","Cloak And Dagger","Deadly Poison","Infinite Blades","Backstab","All Out Attack","PiercingWail","Quick Slash","PiercingWail","Backflip","Dodge and Roll","Blade Dance+1","Caltrops","A Thousand Cuts+1","Deflect","Predator","Distraction","Clumsy","Backflip","After Image","Well Laid Plans","Cloak And Dagger+1","Die Die Die","Dodge and Roll","After Image","Apotheosis+1","Madness+1","Madness","Backflip+1","Night Terror","Masterful Stab+1","Normality","Prepared+1","Sucker Punch+1","Noxious Fumes+1"],"special_seed":0,"relics":["Ring of the Serpent","Gremlin Horn","Bottled Tornado","Gambling Chip","Calipers","Shuriken","Cursed Key","OrangePellets","Prayer Wheel","Oddly Smooth Stone","Ninja Scroll","Spirit Poop","Centennial Puzzle","War Paint","Pear"],"potions_floor_usage":[],"damage_taken":[{"damage":4.0,"enemies":"Small Slimes","floor":1.0,"turns":5.0},{"damage":1.0,"enemies":"Jaw Worm","floor":2.0,"turns":4.0},{"damage":0.0,"enemies":"2 Louse","floor":4.0,"turns":3.0},{"damage":6.0,"enemies":"3 Sentries","floor":7.0,"turns":6.0},{"damage":8.0,"enemies":"Red Slaver","floor":8.0,"turns":3.0},{"damage":16.0,"enemies":"Gremlin Nob","floor":11.0,"turns":4.0},{"damage":21.0,"enemies":"Gremlin Nob","floor":13.0,"turns":4.0},{"damage":0.0,"enemies":"Lots of Slimes","floor":14.0,"turns":3.0},{"damage":28.0,"enemies":"The Guardian","floor":16.0,"turns":12.0},{"damage":29.0,"enemies":"Chosen","floor":18.0,"turns":5.0},{"damage":9.0,"enemies":"2 Thieves","floor":19.0,"turns":4.0},{"damage":0.0,"enemies":"Gremlin Leader","floor":23.0,"turns":6.0},{"damage":10.0,"enemies":"Centurion and Healer","floor":27.0,"turns":6.0},{"damage":12.0,"enemies":"Snecko","floor":30.0,"turns":5.0},{"damage":0.0,"enemies":"3 Cultists","floor":31.0,"turns":5.0},{"damage":5.0,"enemies":"Champ","floor":33.0,"turns":12.0},{"damage":0.0,"enemies":"3 Shapes","floor":35.0,"turns":4.0},{"damage":2.0,"enemies":"Orb Walker","floor":38.0,"turns":4.0},{"damage":7.0,"enemies":"3 Darklings","floor":39.0,"turns":4.0},{"damage":39.0,"enemies":"Reptomancer","floor":42.0,"turns":6.0},{"damage":5.0,"enemies":"Writhing Mass","floor":45.0,"turns":7.0},{"damage":4.0,"enemies":"4 Shapes","floor":46.0,"turns":6.0},{"damage":30,"enemies":"Awakened One","floor":50,"turns":12}],"seed_played":"-4650848652612059508","potions_obtained":[{"floor":1.0,"key":"Regen Potion"},{"floor":7.0,"key":"Poison Potion"},{"floor":8.0,"key":"Strength Potion"},{"floor":13.0,"key":"Strength Potion"},{"floor":18.0,"key":"Block Potion"},{"floor":27.0,"key":"GhostInAJar"},{"floor":33.0,"key":"FearPotion"},{"floor":35.0,"key":"Dexterity Potion"},{"floor":39.0,"key":"PowerPotion"}],"is_trial":false,"path_per_floor":["M","M","?","M","$","R","E","M","T","?","E","R","?","M","R","B",null,"M","M","$","?","?","E","R","T","T","M","?","R","M","M","R","B",null,"M","$","?","M","M","R","?","E","T","R","M","M","?","$","R","B",null],"character_chosen":"THE_SILENT","items_purchased":["Gremlin Horn","All Out Attack","PiercingWail","Quick Slash","OrangePellets","Dexterity Potion","After Image","Apotheosis"],"campfire_rested":7,"item_purchase_floors":[5,5,5,5,20,20,36,36],"current_hp_per_floor":[41,40,40,40,40,40,49,41,41,41,25,46,25,25,46,18,57,28,19,19,19,19,19,40,40,40,30,30,51,39,39,60,55,66,66,66,57,55,48,48,48,9,9,30,25,21,31,31,55,25],"gold":28,"neow_bonus":"TWO_FIFTY_GOLD","is_prod":false,"is_daily":false,"chose_seed":false,"campfire_upgraded":2,"win_rate":0,"timestamp":1559912982,"path_taken":["M","M","?","M","$","R","E","M","T","?","E","R","?","M","R","BOSS","M","M","$","?","?","E","R","?","T","M","?","R","?","?","R","BOSS","M","$","?","M","M","R","?","E","T","R","?","M","?","?","R","BOSS"],"build_version":"2019-01-23","purchased_purges":0,"victory":true,"max_hp_per_floor":[70,70,70,70,70,70,70,70,70,70,70,70,70,70,70,70,70,70,70,70,70,70,70,70,70,70,70,70,70,70,70,70,70,70,70,70,70,70,70,70,70,70,70,70,70,70,80,80,80,80],"card_choices":[{"not_picked":["Masterful Stab","Eviscerate"],"picked":"Cloak And Dagger","floor":1.0},{"not_picked":["Blur","Tactician"],"picked":"Deadly Poison","floor":2.0},{"not_picked":["Cloak And Dagger","Bane"],"picked":"Backstab","floor":4.0},{"not_picked":["Bullet Time","Endless Agony"],"picked":"PiercingWail","floor":7.0},{"not_picked":["Dagger Throw","Escape Plan"],"picked":"Backflip","floor":8.0},{"not_picked":["Masterful Stab","Blade Dance"],"picked":"Dodge and Roll","floor":11.0},{"not_picked":["Expertise","Backflip"],"picked":"Blade Dance","floor":13.0},{"not_picked":["Poisoned Stab","Setup"],"picked":"Caltrops","floor":14.0},{"not_picked":["Doppelganger","Tools of the Trade"],"picked":"A Thousand Cuts","floor":16.0},{"not_picked":["Acrobatics","Underhanded Strike+1"],"picked":"Deflect","floor":18.0},{"not_picked":["Masterful Stab","Flying Knee"],"picked":"Predator","floor":19.0},{"not_picked":["Infinite Blades+1","Deadly Poison"],"picked":"Distraction","floor":23.0},{"not_picked":["All Out Attack","Terror"],"picked":"Backflip","floor":27.0},{"not_picked":["Predator","Underhanded Strike","Endless Agony"],"picked":"SKIP","floor":27.0},{"not_picked":["Slice+1","Prepared"],"picked":"After Image","floor":30.0},{"not_picked":["Slice","Poisoned Stab","Grand Finale"],"picked":"SKIP","floor":30.0},{"not_picked":["Accuracy+1","Tactician"],"picked":"Well Laid Plans","floor":31.0},{"not_picked":["Bane","Dodge and Roll+1"],"picked":"Cloak And Dagger+1","floor":31.0},{"not_picked":["Malaise","A Thousand Cuts"],"picked":"Die Die Die","floor":33.0},{"not_picked":["Quick Slash","Flying Knee+1"],"picked":"Dodge and Roll","floor":35.0},{"not_picked":["Poisoned Stab+1","Distraction","Outmaneuver"],"picked":"SKIP","floor":35.0},{"not_picked":["Bane","Dagger Spray"],"picked":"Backflip+1","floor":38.0},{"not_picked":["Flying Knee+1","Quick Slash","Outmaneuver"],"picked":"SKIP","floor":38.0},{"not_picked":["PiercingWail+1","Outmaneuver+1"],"picked":"Night Terror","floor":39.0},{"not_picked":["Poisoned Stab","Blade Dance+1","Skewer+1"],"picked":"SKIP","floor":39.0},{"not_picked":["Acrobatics","Dash"],"picked":"Masterful Stab+1","floor":42.0},{"not_picked":["Bane","Outmaneuver+1"],"picked":"Prepared+1","floor":45.0},{"not_picked":["PiercingWail+1","Bane"],"picked":"Sucker Punch+1","floor":45.0},{"not_picked":["Cloak And Dagger","Bane+1"],"picked":"Noxious Fumes+1","floor":46.0},{"not_picked":["Masterful Stab","Slice+1","Quick Slash"],"picked":"SKIP","floor":46.0}],"player_experience":833156,"relics_obtained":[{"floor":7.0,"key":"Bottled Tornado"},{"floor":9.0,"key":"Gambling Chip"},{"floor":11.0,"key":"Calipers"},{"floor":13.0,"key":"Shuriken"},{"floor":23.0,"key":"Prayer Wheel"},{"floor":25.0,"key":"Oddly Smooth Stone"},{"floor":26.0,"key":"Ninja Scroll"},{"floor":42.0,"key":"Centennial Puzzle"},{"floor":43.0,"key":"War Paint"}],"event_choices":[{"damage_healed":0.0,"max_hp_gain":0.0,"max_hp_loss":0.0,"gold_gain":0.0,"cards_transformed":["Strike_G"],"event_name":"Living Wall","player_choice":"Change","floor":3.0,"gold_loss":0.0,"damage_taken":0.0,"cards_obtained":["Infinite Blades"]},{"damage_healed":0.0,"max_hp_gain":0.0,"max_hp_loss":0.0,"gold_gain":0.0,"event_name":"World of Goop","player_choice":"Left Gold","floor":10.0,"gold_loss":49.0,"damage_taken":0.0},{"damage_healed":0.0,"max_hp_gain":0.0,"max_hp_loss":0.0,"gold_gain":30.0,"event_name":"Dead Adventurer","player_choice":"Searched \u00272\u0027 times","floor":13.0,"gold_loss":0.0,"damage_taken":0.0},{"damage_healed":0.0,"max_hp_gain":0.0,"max_hp_loss":0.0,"gold_gain":0.0,"event_name":"Masked Bandits","player_choice":"Paid Fearfully","floor":21.0,"gold_loss":9.0,"damage_taken":0.0},{"damage_healed":0.0,"max_hp_gain":0.0,"max_hp_loss":0.0,"gold_gain":99.0,"event_name":"Nest","player_choice":"Stole From Cult","floor":22.0,"gold_loss":0.0,"damage_taken":0.0},{"damage_healed":0.0,"max_hp_gain":0.0,"max_hp_loss":0.0,"gold_gain":0.0,"event_name":"Accursed Blacksmith","player_choice":"Forge","floor":28.0,"gold_loss":0.0,"damage_taken":0.0,"cards_upgraded":["A Thousand Cuts"]},{"damage_healed":0.0,"max_hp_gain":0.0,"max_hp_loss":0.0,"gold_gain":0.0,"event_name":"Winding Halls","player_choice":"Embrace Madness","floor":37.0,"gold_loss":0.0,"damage_taken":9.0,"cards_obtained":["Madness","Madness"]},{"cards_removed":["Injury"],"damage_healed":0.0,"max_hp_gain":0.0,"max_hp_loss":0.0,"gold_gain":0.0,"event_name":"Bonfire Elementals","player_choice":"Offered Curse","floor":41.0,"gold_loss":0.0,"damage_taken":0.0,"relics_obtained":["Spirit Poop"]},{"damage_healed":0.0,"max_hp_gain":0.0,"max_hp_loss":0.0,"gold_gain":0.0,"event_name":"WeMeetAgain","player_choice":"Paid Gold","floor":47.0,"gold_loss":69.0,"damage_taken":0.0,"relics_obtained":["Pear"]}],"is_beta":false,"boss_relics":[{"not_picked":["White Beast Statue","Fusion Hammer"],"picked":"Cursed Key"},{"not_picked":["HoveringKite","Coffee Dripper"],"picked":"Ring of the Serpent"}],"items_purged_floors":[],"is_endless":false,"potions_floor_spawned":[1,7,8,13,18,27,30,33,35,39],"ascension_level":10}