{"gold_per_floor":[116,116,116,291,14,14,40,40,340,351,351,376,47,58,58,58],"floor_reached":16,"playtime":389,"items_purged":["Doubt"],"score":138,"play_id":"bf075c1f-5b2e-4501-8b3e-e762c98499a0","local_time":"20190523163313","is_ascension_mode":true,"campfire_choices":[{"data":"Dualcast","floor":6,"key":"SMITH"},{"data":"Creative AI","floor":8,"key":"SMITH"},{"floor":11,"key":"REST"},{"data":"Biased Cognition","floor":15,"key":"SMITH"}],"neow_cost":"NONE","seed_source_timestamp":13299073023833,"circlet_count":0,"master_deck":["Strike_B","Strike_B","Strike_B","Strike_B","Defend_B","Defend_B","Defend_B","Defend_B","Zap","Dualcast+1","Electrodynamics","BootSequence","Streamline","Creative AI+1","Ball Lightning","Cold Snap","Biased Cognition+1","Leap","Undo"],"relics":["Cracked Core","DataDisk","Pen Nib","Old Coin","Question Card","Oddly Smooth Stone"],"potions_floor_usage":[7,12],"damage_taken":[{"damage":0,"enemies":"2 Louse","floor":1,"turns":1},{"damage":16,"enemies":"Gremlin Nob","floor":7,"turns":3},{"damage":2,"enemies":"Jaw Worm","floor":10,"turns":2},{"damage":20,"enemies":"3 Sentries","floor":12,"turns":4},{"damage":0,"enemies":"Cultist","floor":14,"turns":2},{"damage":53,"enemies":"Hexaghost","floor":16,"turns":11}],"seed_played":"-8860634531307110646","potions_obtained":[{"floor":1,"key":"Energy Potion"},{"floor":7,"key":"GamblersBrew"}],"is_trial":false,"path_per_floor":["M","?","?","?","$","R","E","R","T","M","R","E","$","M","R","B"],"character_chosen":"DEFECT","items_purchased":["DataDisk","Streamline","Oddly Smooth Stone","Biased Cognition","Leap"],"campfire_rested":1,"item_purchase_floors":[5,5,13,13,13],"current_hp_per_floor":[68,68,68,68,68,68,52,52,52,50,72,52,52,52,52,0],"gold":58,"neow_bonus":"ONE_RANDOM_RARE_CARD","is_prod":false,"is_daily":false,"chose_seed":false,"campfire_upgraded":3,"win_rate":0,"timestamp":1558593193,"path_taken":["M","?","?","?","$","R","E","R","T","M","R","E","$","?","R","BOSS"],"build_version":"2019-01-23","purchased_purges":1,"victory":false,"max_hp_per_floor":[75,75,75,75,75,75,75,75,75,75,75,75,75,75,75,75],"card_choices":[{"not_picked":["Go for the Eyes","Stack"],"picked":"BootSequence","floor":1},{"not_picked":["Chaos","Compile Driver"],"picked":"Creative AI","floor":7},{"not_picked":["Steam","Hologram"],"picked":"Ball Lightning","floor":10},{"not_picked":["Ball Lightning","Barrage"],"picked":"Cold Snap","floor":12},{"not_picked":["Stack","Rebound","Storm"],"picked":"Undo","floor":14}],"player_experience":713118,"relics_obtained":[{"floor":7,"key":"Pen Nib"},{"floor":9,"key":"Old Coin"},{"floor":12,"key":"Question Card"}],"event_choices":[{"damage_healed":0,"gold_gain":0,"player_choice":"Leave","damage_taken":0,"max_hp_gain":0,"max_hp_loss":0,"event_name":"The Cleric","floor":2,"gold_loss":0},{"damage_healed":0,"gold_gain":0,"player_choice":"Ignored","damage_taken":0,"max_hp_gain":0,"max_hp_loss":0,"event_name":"Golden Wing","floor":3,"gold_loss":0},{"damage_healed":0,"gold_gain":175,"player_choice":"AGREE","damage_taken":0,"max_hp_gain":0,"max_hp_loss":0,"event_name":"Liars Game","floor":4,"gold_loss":0,"cards_obtained":["Doubt"]}],"is_beta":false,"boss_relics":[],"items_purged_floors":[5],"is_endless":false,"potions_floor_spawned":[1,7],"killed_by":"Hexaghost","ascension_level":6}