{"gold_per_floor":[111,121,51,65,77,8,73,108,108,135,135,155,165,176,176,176],"floor_reached":16,"playtime":2618,"items_purged":[],"score":114,"play_id":"26f443ab-8947-44f5-ac12-bee921d5bab6","local_time":"20190628190613","is_ascension_mode":false,"campfire_choices":[{"floor":11,"key":"REST"},{"floor":15,"key":"REST"}],"neow_cost":"NONE","seed_source_timestamp":14581033638900,"circlet_count":0,"master_deck":["Strike_R","Strike_R","Strike_R","Strike_R","Strike_R","Defend_R","Defend_R","Defend_R","Defend_R","Bash+1","Clothesline","Headbutt","Warcry+1","Headbutt","Bloodletting","Infernal Blade+1","Shrug It Off","Cleave","Burning Pact","Dual Wield","Armaments","Corruption+1","Ghostly Armor","Dual Wield"],"relics":["Burning Blood","Regal Pillow","Frozen Egg 2","War Paint","Ornamental Fan"],"potions_floor_usage":[10,10,10],"damage_taken":[{"damage":6,"enemies":"Cultist","floor":1,"turns":3},{"damage":0,"enemies":"2 Louse","floor":2,"turns":3},{"damage":3,"enemies":"Jaw Worm","floor":4,"turns":3},{"damage":12,"enemies":"Looter","floor":5,"turns":3},{"damage":45,"enemies":"Lagavulin Event","floor":7,"turns":6},{"damage":32,"enemies":"Gremlin Nob","floor":8,"turns":4},{"damage":4,"enemies":"3 Sentries","floor":10,"turns":7},{"damage":4,"enemies":"Blue Slaver","floor":12,"turns":4},{"damage":5,"enemies":"3 Louse","floor":13,"turns":2},{"damage":6,"enemies":"Exordium Wildlife","floor":14,"turns":3},{"damage":86,"enemies":"Hexaghost","floor":16,"turns":14}],"seed_played":"-3064390553591169411","potions_obtained":[{"floor":2,"key":"Explosive Potion"},{"floor":7,"key":"Dexterity Potion"},{"floor":8,"key":"Weak Potion"},{"floor":12,"key":"BloodPotion"},{"floor":13,"key":"Explosive Potion"}],"is_trial":false,"path_per_floor":["M","M","$","M","M","$","?","E","T","E","R","M","M","M","R","B"],"character_chosen":"IRONCLAD","items_purchased":["Warcry","Headbutt","Shrug It Off","Cleave"],"campfire_rested":2,"item_purchase_floors":[3,3,6,6],"current_hp_per_floor":[80,80,80,80,74,74,35,9,9,11,50,52,53,53,80,0],"gold":176,"neow_bonus":"UPGRADE_CARD","is_prod":false,"is_daily":false,"chose_seed":false,"campfire_upgraded":0,"win_rate":0.0,"timestamp":1561737973,"path_taken":["M","M","$","M","M","?","?","E","T","E","R","M","M","M","R","BOSS"],"build_version":"2019-01-23","purchased_purges":0,"victory":false,"max_hp_per_floor":[80,80,80,80,80,80,80,80,80,80,80,80,80,80,80,80],"card_choices":[{"not_picked":["Searing Blow","Thunderclap"],"picked":"Clothesline","floor":1},{"not_picked":["Perfected Strike","Twin Strike"],"picked":"Headbutt","floor":2},{"not_picked":["Rupture","Twin Strike"],"picked":"Bloodletting","floor":4},{"not_picked":["Cleave","Thunderclap"],"picked":"Infernal Blade","floor":5},{"not_picked":["Warcry","Rampage"],"picked":"Burning Pact","floor":7},{"not_picked":["Intimidate","Rampage"],"picked":"Dual Wield","floor":8},{"not_picked":["Cleave","Reckless Charge"],"picked":"Armaments","floor":10},{"not_picked":["Infernal Blade","Power Through"],"picked":"Corruption+1","floor":12},{"not_picked":["Flex","Entrench"],"picked":"Ghostly Armor","floor":13},{"not_picked":["Perfected Strike","Ghostly Armor"],"picked":"Dual Wield","floor":14}],"player_experience":5241,"relics_obtained":[{"floor":7,"key":"Regal Pillow"},{"floor":8,"key":"Frozen Egg 2"},{"floor":9,"key":"War Paint"},{"floor":10,"key":"Ornamental Fan"}],"event_choices":[{"damage_healed":0,"gold_gain":0,"player_choice":"Searched \u00271\u0027 times","damage_taken":0,"max_hp_gain":0,"max_hp_loss":0,"event_name":"Dead Adventurer","floor":7,"gold_loss":0}],"is_beta":false,"boss_relics":[],"items_purged_floors":[],"is_endless":false,"potions_floor_spawned":[2,7,8,12,13],"killed_by":"Hexaghost","ascension_level":0}