{"gold_per_floor":[12,24,24,24,42,42,70,70,70,96,96,109,34,54,54,126,126,96,96,96,106,123,123,136,136,136,84,94,125,139,173,173,247,247,261,151,167,167,183,213,225,244,244,272,290,325,344,70,70,70,70],"floor_reached":51,"playtime":149832,"items_purged":["Strike_R","Wild Strike+1"],"score":1682,"play_id":"2b278057-6abc-4e5f-993f-fa211d40e057","local_time":"20190424091659","is_ascension_mode":true,"campfire_choices":[{"data":"Body Slam","floor":6.0,"key":"SMITH"},{"floor":8.0,"key":"REST"},{"data":"Bash","floor":11.0,"key":"SMITH"},{"data":"True Grit","floor":15.0,"key":"SMITH"},{"floor":23.0,"key":"REST"},{"data":"Burning Pact","floor":25.0,"key":"SMITH"},{"floor":32.0,"key":"REST"},{"floor":49,"key":"RECALL"}],"neow_cost":"NO_GOLD","seed_source_timestamp":0,"circlet_count":0,"master_deck":["AscendersBane","Defend_R","Bash+1","Shrug It Off","Body Slam+1","Clash","Dropkick","Dropkick","True Grit+1","Sentinel","Brutality","Shrug It Off","Second Wind","Burning Pact+1","Shrug It Off+1","True Grit+1","Dual Wield+1","Shrug It Off+1","Feed+1","Hemokinesis+1","Clash+1","Havoc+1","True Grit+1","Feed+1","Feel No Pain","Shrug It Off+1","Impervious+1","Seeing Red+1","Havoc+1","Exhume+1","Sentinel+1","True Grit+1"],"special_seed":0,"relics":["Burning Blood","Pear","Bronze Scales","Self Forming Clay","Sozu","Toxic Egg 2","Gremlin Horn","Meat on the Bone","Astrolabe","Paper Frog","Smiling Mask","Happy Flower","Lantern"],"potions_floor_usage":[],"damage_taken":[{"damage":1.0,"enemies":"Cultist","floor":1.0,"turns":3.0},{"damage":6.0,"enemies":"Small Slimes","floor":2.0,"turns":7.0},{"damage":1.0,"enemies":"2 Louse","floor":5.0,"turns":4.0},{"damage":61.0,"enemies":"3 Sentries","floor":7.0,"turns":19.0},{"damage":25.0,"enemies":"Lagavulin","floor":10.0,"turns":7.0},{"damage":10.0,"enemies":"Red Slaver","floor":12.0,"turns":4.0},{"damage":9.0,"enemies":"3 Louse","floor":14.0,"turns":4.0},{"damage":14.0,"enemies":"The Guardian","floor":16.0,"turns":9.0},{"damage":19.0,"enemies":"2 Thieves","floor":18.0,"turns":4.0},{"damage":3.0,"enemies":"Chosen","floor":21.0,"turns":5.0},{"damage":33.0,"enemies":"Sentry and Sphere","floor":22.0,"turns":7.0},{"damage":3.0,"enemies":"Centurion and Healer","floor":24.0,"turns":6.0},{"damage":21.0,"enemies":"Chosen and Byrds","floor":28.0,"turns":7.0},{"damage":11.0,"enemies":"Gremlin Leader","floor":29.0,"turns":6.0},{"damage":6.0,"enemies":"Snake Plant","floor":30.0,"turns":4.0},{"damage":38.0,"enemies":"Slavers","floor":31.0,"turns":7.0},{"damage":15.0,"enemies":"Collector","floor":33.0,"turns":7.0},{"damage":24.0,"enemies":"3 Darklings","floor":35.0,"turns":7.0},{"damage":8.0,"enemies":"3 Shapes","floor":37.0,"turns":10.0},{"damage":23.0,"enemies":"Maw","floor":39.0,"turns":7.0},{"damage":45.0,"enemies":"Giant Head","floor":40.0,"turns":6.0},{"damage":31.0,"enemies":"Sphere and 2 Shapes","floor":41.0,"turns":9.0},{"damage":6.0,"enemies":"4 Shapes","floor":42.0,"turns":8.0},{"damage":29.0,"enemies":"Nemesis","floor":44.0,"turns":11.0},{"damage":32.0,"enemies":"Maw","floor":45.0,"turns":8.0},{"damage":41.0,"enemies":"Giant Head","floor":46.0,"turns":6.0},{"damage":4,"enemies":"3 Darklings","floor":47,"turns":5},{"damage":34,"enemies":"Awakened One","floor":50,"turns":8},{"damage":43,"enemies":"Donu and Deca","floor":51,"turns":10}],"seed_played":"25958770634832","potions_obtained":[{"floor":2.0,"key":"Ancient Potion"},{"floor":12.0,"key":"Explosive Potion"},{"floor":14.0,"key":"FairyPotion"}],"is_trial":false,"path_per_floor":["M","M","?","?","M","R","E","R","T","E","R","M","$","M","R","B",null,"M","?","$","M","M","R","M","R","T","$","M","E","M","E","R","B",null,"M","?","M","?","M","E","M","M","T","E","M","E","M","$","R","B","B"],"character_chosen":"IRONCLAD","items_purchased":["Shrug It Off+1","Lantern","True Grit+1"],"campfire_rested":3,"item_purchase_floors":[27,48,48],"current_hp_per_floor":[73,73,78,78,80,80,35,62,62,43,43,39,39,36,36,28,75,62,62,62,65,38,65,68,68,68,68,53,48,48,16,43,46,79,64,64,66,66,65,38,37,53,53,42,28,25,39,39,39,27,0],"gold":70,"neow_bonus":"REMOVE_TWO","is_prod":false,"is_daily":false,"chose_seed":false,"campfire_upgraded":4,"win_rate":0,"timestamp":1556111819,"path_taken":["M","M","?","?","?","R","E","R","T","E","R","M","?","M","R","BOSS","M","?","$","M","M","R","M","R","T","$","M","E","M","E","R","BOSS","M","?","?","?","M","E","?","M","T","E","?","E","M","$","R","BOSS","BOSS"],"build_version":"2019-04-23","purchased_purges":2,"victory":false,"max_hp_per_floor":[75,75,80,80,80,80,90,90,90,90,90,90,90,90,90,90,90,90,90,90,90,90,90,90,90,90,90,90,90,90,90,90,90,90,93,93,97,97,101,101,113,117,117,117,117,117,117,117,117,121,121],"card_choices":[{"not_picked":["Havoc","Second Wind"],"picked":"Shrug It Off","floor":1.0},{"not_picked":["Rampage","Iron Wave"],"picked":"Body Slam","floor":2.0},{"not_picked":["Havoc","Perfected Strike"],"picked":"Clash","floor":5.0},{"not_picked":["Iron Wave","Hemokinesis"],"picked":"Dropkick","floor":7.0},{"not_picked":["Fire Breathing","Intimidate"],"picked":"Dropkick","floor":10.0},{"not_picked":["Twin Strike","Clothesline"],"picked":"True Grit","floor":12.0},{"not_picked":["Sword Boomerang","Iron Wave"],"picked":"Sentinel","floor":14.0},{"not_picked":["Berserk","Juggernaut"],"picked":"Brutality","floor":16.0},{"not_picked":["Pommel Strike","Headbutt"],"picked":"Shrug It Off","floor":18.0},{"not_picked":["Armaments+1","Rupture"],"picked":"Second Wind","floor":21.0},{"not_picked":["Reckless Charge+1","Shockwave"],"picked":"Burning Pact","floor":22.0},{"not_picked":["Pommel Strike","Infernal Blade","Twin Strike"],"picked":"SKIP","floor":24.0},{"not_picked":["Rampage","Headbutt+1"],"picked":"True Grit+1","floor":28.0},{"not_picked":["Wild Strike","Anger"],"picked":"Dual Wield+1","floor":29.0},{"not_picked":["Headbutt","Thunderclap","Iron Wave"],"picked":"SKIP","floor":30.0},{"not_picked":["Rampage+1","Battle Trance+1"],"picked":"Shrug It Off+1","floor":31.0},{"not_picked":["Reaper","Exhume+1"],"picked":"Feed","floor":33.0},{"not_picked":["Perfected Strike","Thunderclap"],"picked":"Havoc+1","floor":35.0},{"not_picked":["Uppercut","Blood for Blood"],"picked":"True Grit+1","floor":37.0},{"not_picked":["Cleave","Perfected Strike","Twin Strike"],"picked":"SKIP","floor":39.0},{"not_picked":["Twin Strike","Wild Strike"],"picked":"Feel No Pain","floor":40.0},{"not_picked":["Pommel Strike","Evolve"],"picked":"Shrug It Off+1","floor":41.0},{"not_picked":["Iron Wave","Pommel Strike"],"picked":"Impervious+1","floor":42.0},{"not_picked":["Shrug It Off+1","Armaments+1"],"picked":"Seeing Red+1","floor":44.0},{"not_picked":["Anger","Hemokinesis"],"picked":"Havoc+1","floor":45.0},{"not_picked":["Heavy Blade","Iron Wave"],"picked":"Exhume+1","floor":46.0},{"not_picked":["Body Slam","Armaments+1"],"picked":"Sentinel+1","floor":47}],"player_experience":2772568,"relics_obtained":[{"floor":7.0,"key":"Pear"},{"floor":9.0,"key":"Bronze Scales"},{"floor":10.0,"key":"Self Forming Clay"},{"floor":26.0,"key":"Toxic Egg 2"},{"floor":29.0,"key":"Gremlin Horn"},{"floor":31.0,"key":"Meat on the Bone"},{"floor":40.0,"key":"Paper Frog"},{"floor":44.0,"key":"Smiling Mask"},{"floor":46.0,"key":"Happy Flower"}],"event_choices":[{"damage_healed":0.0,"max_hp_gain":5.0,"max_hp_loss":0.0,"gold_gain":0.0,"event_name":"Big Fish","player_choice":"Donut","floor":3.0,"gold_loss":0.0,"damage_taken":0.0},{"cards_removed":["Strike_R"],"damage_healed":0.0,"max_hp_gain":0.0,"max_hp_loss":0.0,"gold_gain":0.0,"event_name":"Purifier","player_choice":"Purged","floor":4.0,"gold_loss":0.0,"damage_taken":0.0},{"damage_healed":0.0,"max_hp_gain":0.0,"max_hp_loss":0.0,"gold_gain":0.0,"event_name":"Vampires","player_choice":"Ignored","floor":19.0,"gold_loss":0.0,"damage_taken":0.0},{"cards_removed":["Defend_R"],"damage_healed":0.0,"max_hp_gain":0.0,"max_hp_loss":0.0,"gold_gain":0.0,"event_name":"Designer","player_choice":"Upgrade and Remove","floor":36.0,"gold_loss":110.0,"damage_taken":0.0,"cards_upgraded":["Feed"]},{"damage_healed":0.0,"max_hp_gain":0.0,"max_hp_loss":0.0,"gold_gain":0.0,"event_name":"Duplicator","player_choice":"Copied","floor":38.0,"gold_loss":0.0,"damage_taken":0.0,"cards_obtained":["Feed"]}],"is_beta":true,"boss_relics":[{"not_picked":["Snecko Eye","Cursed Key"],"picked":"Sozu"},{"not_picked":["Orrery","Runic Dome"],"picked":"Astrolabe"}],"items_purged_floors":[13,48],"is_endless":false,"potions_floor_spawned":[2,12,14,21,22,28,29,31,33,35,42,44,46],"killed_by":"Donu and Deca","ascension_level":20}