{"gold_per_floor":[118,293,293,82,82,107,107,139,139,139,153,186,86,41,41,136,136,91,16,16,16,16,16,16,16,16,16,16,16,16,16,16,16,16,16,16,16,16,16,16,16,16,16,16,16],"floor_reached":45,"playtime":10808,"items_purged":["Regret","Strike_G"],"score":814,"play_id":"1143768f-9406-4eb7-9e43-8296b13d6124","local_time":"20190601182357","is_ascension_mode":true,"campfire_choices":[{"floor":7,"key":"REST"},{"data":"After Image","floor":10,"key":"SMITH"},{"data":"Footwork","floor":15,"key":"SMITH"},{"floor":23,"key":"REST"},{"floor":32,"key":"REST"},{"floor":41,"key":"REST"}],"neow_cost":"NONE","seed_source_timestamp":568798200374314,"circlet_count":0,"master_deck":["Strike_G+1","Strike_G+1","Strike_G+1","Strike_G+1","Defend_G+1","Defend_G+1","Defend_G+1","Defend_G+1","Defend_G+1","Survivor","Neutralize+1","Reflex","Footwork+1","Riddle With Holes","After Image+1","Dagger Throw","Outmaneuver","Adrenaline","Dagger Throw","Blade Dance","Prepared","Flying Knee","Slice+1","Dagger Spray","Backflip","After Image+1","Flying Knee+1","Quick Slash+1","Glass Knife","Cloak And Dagger","Footwork+1","Blur","Acrobatics","Finisher+1","Slice+1","Parasite"],"relics":["Ring of the Snake","Vajra","Ice Cream","Pocketwatch","Kunai","StoneCalendar","Ectoplasm","Whetstone","Art of War","Dodecahedron","WristBlade","Bottled Flame","SsserpentHead","Strawberry","Happy Flower"],"potions_floor_usage":[5,12,18,27,33,33,40,40,45],"damage_taken":[{"damage":6,"enemies":"Jaw Worm","floor":1,"turns":5},{"damage":32,"enemies":"Gremlin Nob","floor":6,"turns":6},{"damage":0,"enemies":"Lagavulin","floor":8,"turns":8},{"damage":4,"enemies":"Small Slimes","floor":11,"turns":3},{"damage":2,"enemies":"3 Sentries","floor":12,"turns":6},{"damage":0,"enemies":"Slime Boss","floor":16,"turns":8},{"damage":16,"enemies":"2 Thieves","floor":18,"turns":4},{"damage":4,"enemies":"3 Byrds","floor":21,"turns":6},{"damage":1,"enemies":"3 Cultists","floor":22,"turns":7},{"damage":15,"enemies":"Book of Stabbing","floor":24,"turns":7},{"damage":19,"enemies":"Centurion and Healer","floor":25,"turns":5},{"damage":12,"enemies":"Gremlin Leader","floor":27,"turns":7},{"damage":2,"enemies":"Cultist and Chosen","floor":29,"turns":6},{"damage":19,"enemies":"Snake Plant","floor":30,"turns":6},{"damage":28,"enemies":"Automaton","floor":33,"turns":11},{"damage":9,"enemies":"Orb Walker","floor":35,"turns":4},{"damage":19,"enemies":"3 Shapes","floor":36,"turns":4},{"damage":15,"enemies":"Transient","floor":37,"turns":5},{"damage":6,"enemies":"Sphere and 2 Shapes","floor":38,"turns":7},{"damage":4,"enemies":"Maw","floor":39,"turns":8},{"damage":0,"enemies":"Reptomancer","floor":40,"turns":7},{"damage":5,"enemies":"Nemesis","floor":44,"turns":7},{"damage":44,"enemies":"Writhing Mass","floor":45,"turns":5}],"seed_played":"4918161293937636286","potions_obtained":[{"floor":6,"key":"Explosive Potion"},{"floor":8,"key":"Weak Potion"},{"floor":12,"key":"SpeedPotion"},{"floor":21,"key":"GamblersBrew"},{"floor":22,"key":"FearPotion"},{"floor":30,"key":"Regen Potion"},{"floor":33,"key":"FearPotion"},{"floor":36,"key":"Poison Potion"},{"floor":37,"key":"PowerPotion"},{"floor":44,"key":"AttackPotion"}],"is_trial":false,"path_per_floor":["M","?","?","$","?","E","R","E","T","R","M","E","$","?","R","B",null,"M","$","?","M","M","R","E","M","T","E","?","M","M","?","R","B",null,"M","M","M","M","M","E","R","?","T","E","M"],"character_chosen":"THE_SILENT","items_purchased":["Footwork","Fruit Juice","Blade Dance","AttackPotion"],"campfire_rested":4,"item_purchase_floors":[4,4,19,19],"current_hp_per_floor":[64,64,64,64,69,37,59,59,59,59,55,53,53,53,53,53,70,54,54,54,50,49,71,56,37,37,25,25,23,4,4,26,13,60,51,32,17,11,7,7,29,29,36,31,0],"gold":16,"neow_bonus":"UPGRADE_CARD","is_prod":false,"is_daily":false,"chose_seed":false,"campfire_upgraded":2,"win_rate":0,"timestamp":1559438637,"path_taken":["M","?","?","$","?","E","R","E","T","R","M","E","?","?","R","BOSS","M","$","?","M","M","R","E","M","T","E","?","?","M","?","R","BOSS","M","M","M","M","M","E","R","?","T","E","M"],"build_version":"2019-05-31","purchased_purges":2,"victory":false,"max_hp_per_floor":[70,70,70,70,75,75,75,75,75,75,75,75,75,75,75,75,75,75,75,75,75,75,75,75,75,75,75,75,75,75,75,75,75,75,75,75,75,75,75,75,75,75,82,82,82],"card_choices":[{"not_picked":["Prepared","Flying Knee"],"picked":"Reflex","floor":1},{"not_picked":["Leg Sweep","Escape Plan"],"picked":"Riddle With Holes","floor":6},{"not_picked":["Burst","Outmaneuver"],"picked":"After Image","floor":8},{"not_picked":["Choke","Flying Knee"],"picked":"Dagger Throw","floor":11},{"not_picked":["Setup","Leg Sweep"],"picked":"Outmaneuver","floor":12},{"not_picked":["Die Die Die","Escape Plan"],"picked":"Adrenaline","floor":16},{"not_picked":["Caltrops","Escape Plan+1"],"picked":"Dagger Throw","floor":18},{"not_picked":["Acrobatics","PiercingWail+1"],"picked":"Prepared","floor":21},{"not_picked":["Prepared","Outmaneuver"],"picked":"Flying Knee","floor":22},{"not_picked":["Doppelganger","Underhanded Strike"],"picked":"Slice+1","floor":24},{"not_picked":["Flying Knee+1","Bane"],"picked":"Dagger Spray","floor":25},{"not_picked":["Slice","Endless Agony"],"picked":"Backflip","floor":27},{"not_picked":["Slice","Prepared"],"picked":"Flying Knee+1","floor":29},{"not_picked":["Well Laid Plans","Dagger Throw"],"picked":"Quick Slash+1","floor":30},{"not_picked":["Grand Finale","Bouncing Flask"],"picked":"Glass Knife","floor":33},{"not_picked":["Dash+1","Poisoned Stab+1"],"picked":"Cloak And Dagger","floor":35},{"not_picked":["Acrobatics+1","Catalyst+1"],"picked":"Footwork+1","floor":36},{"not_picked":["Heel Hook","Terror+1"],"picked":"Blur","floor":37},{"not_picked":["Catalyst+1","Calculated Gamble","Eviscerate+1"],"picked":"SKIP","floor":38},{"not_picked":["Deadly Poison+1","Dagger Throw"],"picked":"Acrobatics","floor":39},{"not_picked":["Glass Knife","Calculated Gamble+1"],"picked":"Finisher+1","floor":40},{"not_picked":["Skewer+1","Well Laid Plans"],"picked":"Slice+1","floor":44}],"player_experience":306285,"relics_obtained":[{"floor":6,"key":"Ice Cream"},{"floor":8,"key":"Pocketwatch"},{"floor":9,"key":"Kunai"},{"floor":12,"key":"StoneCalendar"},{"floor":24,"key":"Whetstone"},{"floor":26,"key":"Art of War"},{"floor":27,"key":"Dodecahedron"},{"floor":40,"key":"Bottled Flame"},{"floor":43,"key":"Strawberry"},{"floor":44,"key":"Happy Flower"}],"event_choices":[{"damage_healed":0,"gold_gain":175,"player_choice":"AGREE","damage_taken":0,"max_hp_gain":0,"max_hp_loss":0,"event_name":"Liars Game","floor":2,"gold_loss":0,"cards_obtained":["Doubt"]},{"damage_healed":0,"gold_gain":0,"player_choice":"Box","damage_taken":0,"relics_obtained":["Vajra"],"max_hp_gain":0,"max_hp_loss":0,"event_name":"Big Fish","floor":3,"gold_loss":0,"cards_obtained":["Regret"]},{"cards_removed":["Doubt"],"damage_healed":0,"gold_gain":0,"player_choice":"Forget","damage_taken":0,"max_hp_gain":0,"max_hp_loss":0,"event_name":"Living Wall","floor":5,"gold_loss":0},{"damage_healed":0,"gold_gain":0,"player_choice":"Left Gold","damage_taken":0,"max_hp_gain":0,"max_hp_loss":0,"event_name":"World of Goop","floor":14,"gold_loss":45},{"damage_healed":0,"gold_gain":0,"player_choice":"Ignored","damage_taken":0,"max_hp_gain":0,"max_hp_loss":0,"event_name":"Beggar","floor":20,"gold_loss":0},{"damage_healed":0,"gold_gain":0,"player_choice":"Copied","damage_taken":0,"max_hp_gain":0,"max_hp_loss":0,"event_name":"Duplicator","floor":28,"gold_loss":0,"cards_obtained":["After Image"]},{"damage_healed":0,"gold_gain":0,"player_choice":"Simplicity","damage_taken":0,"max_hp_gain":0,"max_hp_loss":0,"event_name":"Back to Basics","floor":31,"gold_loss":0,"cards_upgraded":["Strike_G","Strike_G","Defend_G","Defend_G","Defend_G","Defend_G","Defend_G"]},{"damage_healed":0,"gold_gain":0,"player_choice":"Trade","damage_taken":0,"relics_obtained":["SsserpentHead"],"max_hp_gain":0,"max_hp_loss":0,"event_name":"FaceTrader","floor":42,"gold_loss":0}],"is_beta":true,"boss_relics":[{"not_picked":["Coffee Dripper","Snecko Eye"],"picked":"Ectoplasm"},{"not_picked":["Runic Dome","Philosopher\u0027s Stone"],"picked":"WristBlade"}],"items_purged_floors":[4,13],"is_endless":false,"potions_floor_spawned":[6,8,12,21,22,30,33,36,37,44],"killed_by":"Writhing Mass","ascension_level":5}