{"gold_per_floor":[114,114,114,114,129,129,129,159,184,243,255,267,294,321,333,445,457,484,511,538,550,577,589,631,643,680,718,755,71,86,86,86,186,186,201,216,216,96,111,111,141,156,156,171,171,220,220,220,220,220],"floor_reached":51,"playtime":2765,"items_purged":[],"score":1068,"play_id":"ce2e9955-96a8-4c54-948f-2a0c5e6eb406","local_time":"20190907114213","daily_mods":["Cursed Run","Hoarder","Night Terrors"],"is_ascension_mode":false,"campfire_choices":[{"floor":6,"key":"REST"},{"data":"Endless Agony","floor":11,"key":"SMITH"},{"data":"Endless Agony","floor":15,"key":"SMITH"},{"floor":23,"key":"REST"},{"floor":32,"key":"REST"},{"floor":40,"key":"REST"},{"floor":45,"key":"REST"},{"floor":47,"key":"REST"},{"floor":49,"key":"REST"}],"neow_cost":"","seed_source_timestamp":0,"circlet_count":0,"master_deck":["Strike_G+1","Strike_G+1","Strike_G+1","Strike_G+1","Strike_G+1","Defend_G+1","Defend_G+1","Defend_G+1","Defend_G+1","Defend_G+1","Survivor+1","Neutralize+1","Dash+1","Dash+1","Dash+1","Endless Agony+1","Endless Agony+1","Endless Agony+1","Decay","Decay","Decay","Noxious Fumes+1","Noxious Fumes+1","Noxious Fumes+1","Acrobatics+1","Acrobatics+1","Acrobatics+1","Choke+1","Choke+1","Choke+1","Prepared+1","Prepared+1","Prepared+1","Escape Plan+1","Escape Plan+1","Escape Plan+1","Pain","Pain","Pain","Corpse Explosion+1","Corpse Explosion+1","Corpse Explosion+1","PiercingWail+1","PiercingWail+1","PiercingWail+1","Deadly Poison+1","Deadly Poison+1","Deadly Poison+1","After Image+1","After Image+1","After Image+1","Terror+1","Terror+1","Terror+1","Doubt","Doubt","Doubt","Deflect+1","Deflect+1","Deflect+1","Clumsy","Clumsy","Clumsy","Sadistic Nature+1","Sadistic Nature+1","Sadistic Nature+1","Prepared+1","Prepared+1","Prepared+1","Bouncing Flask+1","Bouncing Flask+1","Bouncing Flask+1","Injury","Injury","Injury","A Thousand Cuts+1","A Thousand Cuts+1","A Thousand Cuts+1","Calculated Gamble+1","Calculated Gamble+1","Calculated Gamble+1","Neutralize+1","Neutralize+1","Neutralize+1","Prepared+1","Prepared+1","Prepared+1","Backstab+1","Backstab+1","Backstab+1","Bouncing Flask+1","Bouncing Flask+1","Bouncing Flask+1","Heel Hook+1","Heel Hook+1","Heel Hook+1","Parasite","Parasite","Parasite","Acrobatics+1","Acrobatics+1","Acrobatics+1","Backflip+1","Backflip+1","Backflip+1","Prepared+1","Prepared+1","Prepared+1","Escape Plan+1","Escape Plan+1","Escape Plan+1","Catalyst","Catalyst","Catalyst","Normality","Normality","Normality"],"special_seed":18146,"relics":["Cursed Key","Darkstone Periapt","Du-Vu Doll","PreservedInsect","Bag of Marbles","MawBank","Mummified Hand","Lizard Tail","The Courier","Dream Catcher","Red Mask","Anchor","Boot","Lantern","War Paint","Pantograph","Snake Skull","Fusion Hammer","Bag of Preparation","Bronze Scales","Kunai","Nunchaku","Mark of the Bloom"],"potions_floor_usage":[16,24,33,50],"damage_taken":[{"damage":0,"enemies":"Cultist","floor":1,"turns":4},{"damage":1,"enemies":"2 Louse","floor":5,"turns":2},{"damage":0,"enemies":"3 Sentries","floor":8,"turns":5},{"damage":6,"enemies":"Lagavulin Event","floor":10,"turns":2},{"damage":0,"enemies":"Jaw Worm","floor":13,"turns":1},{"damage":0,"enemies":"Large Slime","floor":14,"turns":2},{"damage":37,"enemies":"The Guardian","floor":16,"turns":6},{"damage":9,"enemies":"Shell Parasite","floor":18,"turns":3},{"damage":5,"enemies":"3 Byrds","floor":19,"turns":2},{"damage":0,"enemies":"Snecko","floor":20,"turns":2},{"damage":21,"enemies":"Shelled Parasite and Fungi","floor":22,"turns":6},{"damage":30,"enemies":"Book of Stabbing","floor":24,"turns":4},{"damage":0,"enemies":"Masked Bandits","floor":27,"turns":2},{"damage":9,"enemies":"Sentry and Sphere","floor":30,"turns":4},{"damage":36,"enemies":"Collector","floor":33,"turns":4},{"damage":2,"enemies":"3 Shapes","floor":35,"turns":2},{"damage":0,"enemies":"Orb Walker","floor":36,"turns":2},{"damage":2,"enemies":"Transient","floor":39,"turns":5},{"damage":0,"enemies":"Nemesis","floor":41,"turns":1},{"damage":2,"enemies":"Sphere and 2 Shapes","floor":42,"turns":2},{"damage":8,"enemies":"Maw","floor":44,"turns":4},{"damage":0,"enemies":"2 Orb Walkers","floor":46,"turns":1},{"damage":15,"enemies":"Time Eater","floor":50,"turns":6}],"seed_played":"1355614524646077970","potions_obtained":[{"floor":1,"key":"SpeedPotion"},{"floor":8,"key":"Explosive Potion"},{"floor":14,"key":"GhostInAJar"},{"floor":20,"key":"PowerPotion"},{"floor":27,"key":"EssenceOfSteel"},{"floor":35,"key":"FairyPotion"},{"floor":41,"key":"Poison Potion"}],"is_trial":false,"path_per_floor":["M","?","?","$","M","R","$","E","T","?","R","?","M","M","R","B",null,"M","M","M","?","M","R","E","?","T","?","T","$","M","?","R","B",null,"M","M","?","$","M","R","E","M","T","M","R","?","R","?","R","B",null],"character_chosen":"THE_SILENT","items_purchased":["Boot","Lantern","Sadistic Nature","War Paint","Pantograph","Bag of Preparation"],"campfire_rested":7,"item_purchase_floors":[29,29,29,29,29,38],"current_hp_per_floor":[70,56,31,31,30,65,65,65,83,77,77,77,77,77,77,58,101,92,87,87,87,66,96,66,50,68,68,86,86,77,77,127,109,145,143,143,143,143,141,140,140,138,156,148,153,153,148,148,143,128],"gold":220,"neow_bonus":"","is_prod":false,"is_daily":true,"chose_seed":false,"campfire_upgraded":2,"win_rate":0,"timestamp":1567870933,"path_taken":["M","?","?","$","?","R","$","E","T","?","R","?","?","?","R","BOSS","M","M","?","?","M","R","E","?","T","?","?","$","?","?","R","BOSS","M","M","?","?","M","R","E","?","T","M","R","?","R","?","R","BOSS"],"build_version":"2019-07-17","purchased_purges":0,"victory":true,"max_hp_per_floor":[70,70,70,70,70,65,65,65,83,83,83,83,83,83,83,101,101,101,101,101,101,101,96,96,96,114,114,132,132,132,132,127,145,145,145,145,145,145,145,140,140,140,158,158,153,153,148,148,143,161],"card_choices":[{"not_picked":["Choke","Flying Knee"],"picked":"Dash","floor":1},{"not_picked":["Dodge and Roll","Bane"],"picked":"Endless Agony","floor":5},{"not_picked":["Flying Knee","All Out Attack","Dash"],"picked":"SKIP","floor":8},{"not_picked":["Acrobatics","Dodge and Roll"],"picked":"Noxious Fumes","floor":10},{"not_picked":["Eviscerate","Dagger Spray"],"picked":"Prepared","floor":13},{"not_picked":["Dagger Spray","Flying Knee"],"picked":"Escape Plan","floor":14},{"not_picked":["Storm of Steel","Wraith Form v2"],"picked":"Corpse Explosion","floor":16},{"not_picked":["Outmaneuver","Sucker Punch"],"picked":"PiercingWail+1","floor":18},{"not_picked":["Well Laid Plans","Dagger Throw","Sucker Punch"],"picked":"SKIP","floor":19},{"not_picked":["Underhanded Strike","Prepared"],"picked":"Deadly Poison+1","floor":20},{"not_picked":["Predator","Night Terror"],"picked":"Terror+1","floor":22},{"not_picked":["Setup","Quick Slash","Poisoned Stab+1"],"picked":"SKIP","floor":24},{"not_picked":["Catalyst","Dodge and Roll"],"picked":"Deflect+1","floor":27},{"not_picked":["Poisoned Stab","Flying Knee"],"picked":"Prepared+1","floor":30},{"not_picked":["Choke","Setup"],"picked":"Bouncing Flask+1","floor":32},{"not_picked":["Malaise","Burst"],"picked":"A Thousand Cuts","floor":33},{"not_picked":["Prepared","Dagger Spray","Dagger Throw+1"],"picked":"SKIP","floor":35},{"not_picked":["Flying Knee","Dagger Throw+1"],"picked":"Calculated Gamble","floor":36},{"not_picked":["Bane","Deadly Poison"],"picked":"Prepared","floor":39},{"not_picked":["Dagger Throw","Slice"],"picked":"Backstab","floor":40},{"not_picked":["Slice+1","Leg Sweep+1"],"picked":"Bouncing Flask+1","floor":41},{"not_picked":["Slice","Quick Slash"],"picked":"Heel Hook","floor":42},{"not_picked":["Bane","Poisoned Stab"],"picked":"Acrobatics","floor":44},{"not_picked":["Reflex","Envenom"],"picked":"Backflip+1","floor":45},{"not_picked":["Dodge and Roll","Outmaneuver"],"picked":"Prepared","floor":46},{"not_picked":["Underhanded Strike","Dagger Throw"],"picked":"Escape Plan","floor":47},{"not_picked":["Dagger Spray+1","Cloak And Dagger+1"],"picked":"Catalyst","floor":49}],"player_experience":36490,"relics_obtained":[{"floor":8,"key":"Bag of Marbles"},{"floor":9,"key":"MawBank"},{"floor":24,"key":"The Courier"},{"floor":26,"key":"Dream Catcher"},{"floor":27,"key":"Red Mask"},{"floor":28,"key":"Anchor"},{"floor":41,"key":"Bronze Scales"},{"floor":43,"key":"Kunai"},{"floor":46,"key":"Nunchaku"}],"event_choices":[{"damage_healed":0,"gold_gain":0,"player_choice":"Entered Light","damage_taken":14,"max_hp_gain":0,"max_hp_loss":0,"event_name":"Shining Light","floor":2,"gold_loss":0,"cards_upgraded":["Defend_G","Dash"]},{"damage_healed":0,"gold_gain":0,"player_choice":"Success","damage_taken":25,"relics_obtained":["PreservedInsect"],"max_hp_gain":0,"max_hp_loss":0,"event_name":"Scrap Ooze","floor":3,"gold_loss":0},{"damage_healed":0,"gold_gain":0,"player_choice":"Searched \u00273\u0027 times","damage_taken":0,"relics_obtained":["Mummified Hand"],"max_hp_gain":0,"max_hp_loss":0,"event_name":"Dead Adventurer","floor":10,"gold_loss":0},{"damage_healed":0,"gold_gain":0,"player_choice":"2 cards matched","damage_taken":0,"max_hp_gain":0,"max_hp_loss":0,"event_name":"Match and Keep!","floor":12,"gold_loss":0,"cards_obtained":["Acrobatics","Choke"]},{"damage_healed":0,"gold_gain":0,"player_choice":"Read","damage_taken":0,"max_hp_gain":0,"max_hp_loss":0,"event_name":"The Library","floor":21,"gold_loss":0,"cards_obtained":["After Image"]},{"damage_healed":0,"gold_gain":0,"player_choice":"Obtained Book","damage_taken":16,"max_hp_gain":0,"max_hp_loss":0,"event_name":"Cursed Tome","floor":25,"gold_loss":0},{"damage_healed":0,"gold_gain":0,"player_choice":"Fought Bandits","damage_taken":0,"max_hp_gain":0,"max_hp_loss":0,"event_name":"Masked Bandits","floor":27,"gold_loss":0},{"damage_healed":0,"gold_gain":0,"player_choice":"Gave Potion","damage_taken":0,"relics_obtained":["Snake Skull"],"max_hp_gain":0,"max_hp_loss":0,"event_name":"WeMeetAgain","floor":31,"gold_loss":0},{"damage_healed":0,"gold_gain":0,"player_choice":"1 cards matched","damage_taken":0,"max_hp_gain":0,"max_hp_loss":0,"event_name":"Match and Keep!","floor":37,"gold_loss":0,"cards_obtained":["Neutralize"]},{"damage_healed":0,"gold_gain":0,"player_choice":"Fight","damage_taken":0,"max_hp_gain":0,"max_hp_loss":0,"event_name":"Mysterious Sphere","floor":46,"gold_loss":0},{"damage_healed":0,"gold_gain":0,"player_choice":"Upgrade","damage_taken":0,"relics_obtained":["Mark of the Bloom"],"max_hp_gain":0,"max_hp_loss":0,"event_name":"MindBloom","floor":48,"gold_loss":0,"cards_upgraded":["Strike_G","Strike_G","Strike_G","Strike_G","Strike_G","Defend_G","Defend_G","Defend_G","Defend_G","Survivor","Neutralize","Dash","Dash","Endless Agony","Noxious Fumes","Noxious Fumes","Noxious Fumes","Acrobatics","Acrobatics","Acrobatics","Choke","Choke","Choke","Prepared","Prepared","Prepared","Escape Plan","Escape Plan","Corpse Explosion","Corpse Explosion","After Image","After Image","After Image","Sadistic Nature","Sadistic Nature","Sadistic Nature","A Thousand Cuts","A Thousand Cuts","A Thousand Cuts","Calculated Gamble","Calculated Gamble","Calculated Gamble","Neutralize","Neutralize","Neutralize","Prepared","Prepared","Prepared","Backstab","Backstab","Backstab","Heel Hook","Heel Hook","Heel Hook","Acrobatics","Acrobatics","Acrobatics","Prepared","Prepared","Prepared","Escape Plan","Escape Plan","Escape Plan"]}],"is_beta":false,"boss_relics":[{"not_picked":["Busted Crown","Tiny House"],"picked":"Lizard Tail"},{"not_picked":["Coffee Dripper","Velvet Choker"],"picked":"Fusion Hammer"}],"items_purged_floors":[],"is_endless":false,"potions_floor_spawned":[1,8,14,20,27,30,35,41],"ascension_level":0}