{"gold_per_floor":[119,69,69,69,69,85,100,67,67,91,129,155,74,249,249,370,370,388,313,328,328,328],"floor_reached":22,"playtime":915,"items_purged":[],"score":182,"play_id":"fccbafe0-12b5-4dea-be42-9031b4fd3222","local_time":"20190903202006","is_ascension_mode":false,"campfire_choices":[{"data":"Loop","floor":15,"key":"SMITH"}],"neow_cost":"NONE","seed_source_timestamp":156321582384000,"circlet_count":0,"master_deck":["Strike_B","Strike_B","Strike_B","Strike_B","Defend_B","Defend_B","Defend_B","Zap+1","Dualcast","Skim","Heatsinks","Sweeping Beam","Loop+1","Lockon","Hello World","Coolheaded","Creative AI","Go for the Eyes","Necronomicurse"],"relics":["Cracked Core","NeowsBlessing","Golden Idol","Happy Flower","Bottled Tornado","Juzu Bracelet","Runic Pyramid","Necronomicon"],"potions_floor_usage":[10,16,20],"damage_taken":[{"damage":0,"enemies":"2 Louse","floor":1,"turns":1},{"damage":0,"enemies":"Small Slimes","floor":6,"turns":1},{"damage":0,"enemies":"Jaw Worm","floor":7,"turns":1},{"damage":7,"enemies":"Blue Slaver","floor":10,"turns":2},{"damage":21,"enemies":"Lagavulin","floor":11,"turns":6},{"damage":18,"enemies":"Slime Boss","floor":16,"turns":10},{"damage":17,"enemies":"Chosen","floor":18,"turns":7},{"damage":26,"enemies":"Spheric Guardian","floor":20,"turns":5},{"damage":10,"enemies":"Centurion and Healer","floor":22,"turns":1}],"seed_played":"6121074120853610678","potions_obtained":[{"floor":1,"key":"Fire Potion"},{"floor":11,"key":"Fire Potion"},{"floor":18,"key":"SpeedPotion"}],"is_trial":false,"path_per_floor":["M","?","?","?","$","M","M","?","T","M","E","T","$","?","R","B",null,"M","?","M","?","M"],"character_chosen":"DEFECT","items_purchased":["Hello World","Coolheaded"],"campfire_rested":0,"item_purchase_floors":[13,13],"current_hp_per_floor":[75,75,75,69,69,69,69,69,69,62,41,41,41,41,41,23,69,52,52,26,10,0],"gold":328,"neow_bonus":"THREE_ENEMY_KILL","is_prod":false,"is_daily":false,"chose_seed":false,"campfire_upgraded":1,"win_rate":0.0,"timestamp":1567567206,"path_taken":["M","?","?","?","?","M","?","?","T","M","E","?","$","?","R","BOSS","M","?","M","?","M"],"build_version":"2019-07-17","purchased_purges":0,"victory":false,"max_hp_per_floor":[75,75,75,69,69,69,69,69,69,69,69,69,69,69,69,69,69,69,69,69,69,69],"card_choices":[{"not_picked":["Static Discharge","Beam Cell"],"picked":"Skim","floor":1},{"not_picked":["Rebound","Skim"],"picked":"Heatsinks","floor":6},{"not_picked":["Darkness","Coolheaded"],"picked":"Sweeping Beam","floor":7},{"not_picked":["Undo","Streamline"],"picked":"Loop","floor":10},{"not_picked":["Sweeping Beam","Leap"],"picked":"Lockon","floor":11},{"not_picked":["Echo Form","Reboot"],"picked":"Creative AI","floor":16},{"not_picked":["Stack","Reprogram"],"picked":"Go for the Eyes","floor":18},{"not_picked":["Sweeping Beam","Compile Driver","Leap"],"picked":"SKIP","floor":20}],"player_experience":41680,"relics_obtained":[{"floor":9,"key":"Happy Flower"},{"floor":11,"key":"Bottled Tornado"},{"floor":12,"key":"Juzu Bracelet"},{"floor":21,"key":"Necronomicon"}],"event_choices":[{"cards_removed":["Defend_B"],"damage_healed":0,"gold_gain":0,"player_choice":"Card Removal","damage_taken":0,"max_hp_gain":0,"max_hp_loss":0,"event_name":"The Cleric","floor":2,"gold_loss":50},{"damage_healed":0,"gold_gain":0,"player_choice":"Grow","damage_taken":0,"max_hp_gain":0,"max_hp_loss":0,"event_name":"Living Wall","floor":3,"gold_loss":0,"cards_upgraded":["Zap"]},{"damage_healed":0,"gold_gain":0,"player_choice":"Lose Max HP","damage_taken":0,"relics_obtained":["Golden Idol"],"max_hp_gain":0,"max_hp_loss":6,"event_name":"Golden Idol","floor":4,"gold_loss":0},{"damage_healed":0,"gold_gain":0,"player_choice":"Left Gold","damage_taken":0,"max_hp_gain":0,"max_hp_loss":0,"event_name":"World of Goop","floor":8,"gold_loss":33},{"damage_healed":0,"gold_gain":175,"player_choice":"AGREE","damage_taken":0,"max_hp_gain":0,"max_hp_loss":0,"event_name":"Liars Game","floor":14,"gold_loss":0,"cards_obtained":["Doubt"]},{"cards_removed":["Doubt"],"damage_healed":0,"gold_gain":0,"player_choice":"Gave Gold","damage_taken":0,"max_hp_gain":0,"max_hp_loss":0,"event_name":"Beggar","floor":19,"gold_loss":75},{"damage_healed":0,"gold_gain":0,"player_choice":"Obtained Book","damage_taken":16,"max_hp_gain":0,"max_hp_loss":0,"event_name":"Cursed Tome","floor":21,"gold_loss":0}],"is_beta":false,"boss_relics":[{"not_picked":["Tiny House","White Beast Statue"],"picked":"Runic Pyramid"}],"items_purged_floors":[],"is_endless":false,"potions_floor_spawned":[1,11,18],"killed_by":"Centurion and Healer","ascension_level":0}