{"gold_per_floor":[109,121,121,137,153,153,182,182,182,193,193,211,211,221,221,324,324,342,361,286,298,397,397,411,411],"floor_reached":25,"playtime":986,"items_purged":[],"score":278,"play_id":"c8d554a9-0b23-4bcc-8035-481fbf688d27","local_time":"20190913163959","is_ascension_mode":true,"campfire_choices":[{"data":"Whirlwind","floor":6.0,"key":"SMITH"},{"floor":8.0,"key":"REST"},{"floor":11.0,"key":"REST"},{"floor":13.0,"key":"RECALL"},{"data":"Armaments","floor":15.0,"key":"SMITH"},{"floor":23.0,"key":"REST"}],"neow_cost":"TEN_PERCENT_HP_LOSS","seed_source_timestamp":28448909180095,"circlet_count":0,"master_deck":["Strike_R","Strike_R","Strike_R","Strike_R","Defend_R","Defend_R","Defend_R","Whirlwind+1","Feed+1","Shrug It Off","Flex","Iron Wave","Clothesline","Twin Strike","Intimidate","Armaments+1","Feed","Pommel Strike","Iron Wave","Perfected Strike+1","Flame Barrier"],"special_seed":0,"relics":["Burning Blood","Bronze Scales","Pear","Sozu"],"potions_floor_usage":[],"damage_taken":[{"damage":12.0,"enemies":"Small Slimes","floor":1.0,"turns":4.0},{"damage":18.0,"enemies":"Cultist","floor":2.0,"turns":6.0},{"damage":6.0,"enemies":"2 Louse","floor":4.0,"turns":2.0},{"damage":24.0,"enemies":"Large Slime","floor":5.0,"turns":5.0},{"damage":49.0,"enemies":"Lagavulin","floor":7.0,"turns":8.0},{"damage":0.0,"enemies":"2 Fungi Beasts","floor":10.0,"turns":1.0},{"damage":8.0,"enemies":"Blue Slaver","floor":12.0,"turns":2.0},{"damage":0.0,"enemies":"3 Louse","floor":14.0,"turns":2.0},{"damage":77.0,"enemies":"Hexaghost","floor":16.0,"turns":12.0},{"damage":28.0,"enemies":"Shell Parasite","floor":18.0,"turns":5.0},{"damage":28.0,"enemies":"2 Thieves","floor":19.0,"turns":4.0},{"damage":39.0,"enemies":"Sentry and Sphere","floor":21.0,"turns":6.0},{"damage":44.0,"enemies":"Centurion and Healer","floor":24.0,"turns":7.0},{"damage":34,"enemies":"Slavers","floor":25,"turns":4}],"seed_played":"-2722959066636655841","potions_obtained":[{"floor":2.0,"key":"Poison Potion"},{"floor":5.0,"key":"Ancient Potion"},{"floor":7.0,"key":"DuplicationPotion"},{"floor":12.0,"key":"BloodPotion"}],"is_trial":false,"path_per_floor":["M","M","?","M","M","R","E","R","T","M","R","M","R","M","R","B",null,"M","M","?","M","?","R","M","E"],"character_chosen":"IRONCLAD","items_purchased":[],"campfire_rested":3,"item_purchase_floors":[],"current_hp_per_floor":[69,60,60,64,50,50,11,38,48,54,84,82,82,92,92,47,104,82,68,68,35,35,68,33,0],"gold":411,"neow_bonus":"TRANSFORM_TWO_CARDS","is_prod":false,"is_daily":false,"chose_seed":false,"campfire_upgraded":2,"win_rate":0,"timestamp":1568417999,"path_taken":["M","M","?","M","?","R","E","R","T","M","R","M","R","M","R","BOSS","M","M","?","M","?","R","M","E"],"build_version":"2019-09-12","purchased_purges":0,"victory":false,"max_hp_per_floor":[75,78,78,82,86,86,90,90,100,100,100,100,100,104,104,104,104,104,112,112,112,112,112,115,115],"card_choices":[{"not_picked":["Armaments","Headbutt"],"picked":"Shrug It Off","floor":1.0},{"not_picked":["Warcry","True Grit"],"picked":"Flex","floor":2.0},{"not_picked":["Headbutt","Clash","True Grit"],"picked":"SKIP","floor":4.0},{"not_picked":["Fire Breathing","Disarm"],"picked":"Iron Wave","floor":5.0},{"not_picked":["Havoc","Seeing Red"],"picked":"Clothesline","floor":7.0},{"not_picked":["Flex","Perfected Strike"],"picked":"Twin Strike","floor":10.0},{"not_picked":["Reckless Charge","Bloodletting"],"picked":"Intimidate","floor":12.0},{"not_picked":["Hemokinesis","Clash"],"picked":"Armaments","floor":14.0},{"not_picked":["Impervious","Barricade"],"picked":"Feed","floor":16.0},{"not_picked":["Entrench","True Grit"],"picked":"Pommel Strike","floor":18.0},{"not_picked":["True Grit","Seeing Red+1"],"picked":"Iron Wave","floor":19.0},{"not_picked":["Sever Soul","True Grit+1"],"picked":"Perfected Strike+1","floor":21.0},{"not_picked":["Armaments","Anger"],"picked":"Flame Barrier","floor":24.0}],"player_experience":115262,"relics_obtained":[{"floor":7.0,"key":"Bronze Scales"},{"floor":9.0,"key":"Pear"}],"event_choices":[{"damage_healed":0.0,"max_hp_gain":0.0,"max_hp_loss":0.0,"gold_gain":0.0,"event_name":"Upgrade Shrine","player_choice":"Upgraded","floor":3.0,"gold_loss":0.0,"damage_taken":0.0,"cards_upgraded":["Feed"]},{"cards_removed":["Defend_R"],"damage_healed":0.0,"max_hp_gain":0.0,"max_hp_loss":0.0,"gold_gain":0.0,"event_name":"Beggar","player_choice":"Gave Gold","floor":20.0,"gold_loss":75.0,"damage_taken":0.0},{"damage_healed":0.0,"max_hp_gain":0.0,"max_hp_loss":0.0,"gold_gain":99.0,"event_name":"Nest","player_choice":"Stole From Cult","floor":22.0,"gold_loss":0.0,"damage_taken":0.0}],"is_beta":true,"boss_relics":[{"not_picked":["SlaversCollar","Cursed Key"],"picked":"Sozu"}],"items_purged_floors":[],"is_endless":false,"potions_floor_spawned":[2,5,7,12,19],"killed_by":"Slavers","ascension_level":2}