{"gold_per_floor":[119,129,146,173,173,206,206,10,10,40,51,81,81,110,110,215,215,231,259,275,8,19,19,49,49,49,25,25,38,53,68,68,166,166,176,188,205,35,257,257,257],"floor_reached":41,"playtime":2770,"items_purged":["Injury"],"score":551,"play_id":"2ef3e7e9-13c3-4b08-8f15-4237272d40ea","local_time":"20190526231817","is_ascension_mode":true,"campfire_choices":[{"floor":7,"key":"REST"},{"floor":13,"key":"REST"},{"data":"Fission","floor":15,"key":"SMITH"},{"floor":23,"key":"REST"},{"floor":25,"key":"REST"},{"floor":32,"key":"REST"}],"neow_cost":"NONE","seed_source_timestamp":76121290903416,"circlet_count":0,"master_deck":["Strike_B","Strike_B","Strike_B","Strike_B","Zap","Dualcast","Fission+1","Cold Snap","Leap","Leap","Leap","Electrodynamics","Leap","Redo","Echo Form","Redo+1","Force Field+1","Static Discharge+1","Static Discharge","Steam","Darkness","Redo","Consume","Self Repair","Heatsinks","Electrodynamics","Skim+1","Steam Power+1","Double Energy+1","Defragment","Barrage+1","Loop","Madness"],"relics":["Cracked Core","Anchor","Symbiotic Virus","ClockworkSouvenir","Bottled Lightning","Bag of Marbles","Odd Mushroom","Cursed Key","Red Mask","Runic Capacitor","Kunai","Matryoshka","Astrolabe"],"potions_floor_usage":[6,10,16,16,31,33,35,41,41],"damage_taken":[{"damage":1,"enemies":"Cultist","floor":1,"turns":3},{"damage":12,"enemies":"Jaw Worm","floor":2,"turns":3},{"damage":5,"enemies":"Small Slimes","floor":3,"turns":3},{"damage":25,"enemies":"Lagavulin","floor":6,"turns":10},{"damage":18,"enemies":"Gremlin Nob","floor":10,"turns":4},{"damage":0,"enemies":"3 Louse","floor":11,"turns":1},{"damage":0,"enemies":"The Mushroom Lair","floor":14,"turns":4},{"damage":48,"enemies":"Hexaghost","floor":16,"turns":16},{"damage":2,"enemies":"Chosen","floor":18,"turns":3},{"damage":0,"enemies":"Masked Bandits","floor":19,"turns":2},{"damage":1,"enemies":"Shell Parasite","floor":20,"turns":5},{"damage":24,"enemies":"Centurion and Healer","floor":22,"turns":3},{"damage":36,"enemies":"Gremlin Leader","floor":24,"turns":6},{"damage":19,"enemies":"Shelled Parasite and Fungi","floor":29,"turns":4},{"damage":8,"enemies":"Snake Plant","floor":30,"turns":3},{"damage":0,"enemies":"3 Cultists","floor":31,"turns":4},{"damage":33,"enemies":"Champ","floor":33,"turns":10},{"damage":18,"enemies":"3 Darklings","floor":35,"turns":3},{"damage":2,"enemies":"3 Shapes","floor":36,"turns":3},{"damage":12,"enemies":"3 Darklings","floor":37,"turns":3},{"damage":57,"enemies":"Reptomancer","floor":41,"turns":2}],"seed_played":"8728069471765340868","potions_obtained":[{"floor":3,"key":"SteroidPotion"},{"floor":6,"key":"Regen Potion"},{"floor":10,"key":"Energy Potion"},{"floor":14,"key":"AttackPotion"},{"floor":20,"key":"GamblersBrew"},{"floor":24,"key":"AttackPotion"},{"floor":28,"key":"Energy Potion"},{"floor":28,"key":"SpeedPotion"},{"floor":35,"key":"FearPotion"},{"floor":36,"key":"Fire Potion"}],"is_trial":false,"path_per_floor":["M","M","M","T","?","E","R","$","T","E","M","?","R","?","R","B",null,"M","?","M","$","M","R","E","R","T","$","?","M","M","M","R","B",null,"M","M","M","$","?","?","E"],"character_chosen":"DEFECT","items_purchased":["ClockworkSouvenir","Runic Capacitor","Static Discharge","Redo","Madness"],"campfire_rested":5,"item_purchase_floors":[8,21,21,27,38],"current_hp_per_floor":[74,62,57,57,50,25,47,47,47,41,41,41,63,63,63,15,60,58,58,57,57,33,55,19,41,41,41,41,22,14,21,43,17,61,43,48,50,50,50,50,0],"gold":257,"neow_bonus":"ONE_RANDOM_RARE_CARD","is_prod":false,"is_daily":false,"chose_seed":false,"campfire_upgraded":1,"win_rate":0,"timestamp":1558937897,"path_taken":["M","?","M","?","?","E","R","$","T","E","M","?","R","?","R","BOSS","M","?","M","$","M","R","E","R","T","$","?","M","M","M","R","BOSS","M","M","M","$","?","?","E"],"build_version":"2019-05-24v2","purchased_purges":1,"victory":false,"max_hp_per_floor":[75,75,75,75,75,75,75,75,75,75,75,75,75,75,75,75,75,75,75,75,75,75,75,75,75,75,75,75,75,75,75,75,75,75,75,75,75,75,75,75,75],"card_choices":[{"not_picked":["Stack","Rebound"],"picked":"Cold Snap","floor":1},{"not_picked":["Turbo","Streamline"],"picked":"Leap","floor":2},{"not_picked":["Rebound","Reboot"],"picked":"Leap","floor":3},{"not_picked":["Barrage","Coolheaded"],"picked":"Leap","floor":6},{"not_picked":["Redo","Rebound"],"picked":"Electrodynamics","floor":10},{"not_picked":["Rebound","Streamline"],"picked":"Leap","floor":11},{"not_picked":["Rebound","Barrage"],"picked":"Redo","floor":14},{"not_picked":["Amplify","Hyperbeam"],"picked":"Echo Form","floor":16},{"not_picked":["Aggregate+1","Steam Power"],"picked":"Redo+1","floor":18},{"not_picked":["Coolheaded","Rebound"],"picked":"Force Field+1","floor":19},{"not_picked":["Turbo","Rebound+1"],"picked":"Static Discharge+1","floor":20},{"not_picked":["Streamline","Leap"],"picked":"Steam","floor":22},{"not_picked":["Redo","Core Surge"],"picked":"Darkness","floor":24},{"not_picked":["Beam Cell+1","Turbo+1"],"picked":"Consume","floor":29},{"not_picked":["Double Energy","Rebound"],"picked":"Self Repair","floor":30},{"not_picked":["Leap","Go for the Eyes"],"picked":"Heatsinks","floor":31},{"not_picked":["Seek","Fission"],"picked":"Electrodynamics","floor":33},{"not_picked":["Aggregate+1","Hologram"],"picked":"Defragment","floor":35},{"not_picked":["Static Discharge+1","Stack+1"],"picked":"Barrage+1","floor":36},{"not_picked":["Conserve Battery","Steam Power+1"],"picked":"Loop","floor":37}],"player_experience":301593,"relics_obtained":[{"floor":4,"key":"Anchor"},{"floor":6,"key":"Symbiotic Virus"},{"floor":9,"key":"Bottled Lightning"},{"floor":10,"key":"Bag of Marbles"},{"floor":14,"key":"Odd Mushroom"},{"floor":19,"key":"Red Mask"},{"floor":24,"key":"Kunai"},{"floor":26,"key":"Matryoshka"}],"event_choices":[{"cards_removed":["Defend_B"],"damage_healed":0,"gold_gain":0,"player_choice":"Card Removal","damage_taken":7,"max_hp_gain":0,"max_hp_loss":0,"event_name":"Golden Wing","floor":5,"gold_loss":0},{"damage_healed":0,"gold_gain":30,"player_choice":"Searched \u00272\u0027 times","damage_taken":0,"max_hp_gain":0,"max_hp_loss":0,"event_name":"Dead Adventurer","floor":12,"gold_loss":0},{"damage_healed":0,"gold_gain":0,"player_choice":"Fought Mushrooms","damage_taken":0,"max_hp_gain":0,"max_hp_loss":0,"event_name":"Mushrooms","floor":14,"gold_loss":0},{"damage_healed":0,"gold_gain":0,"player_choice":"Fought Bandits","damage_taken":0,"max_hp_gain":0,"max_hp_loss":0,"event_name":"Masked Bandits","floor":19,"gold_loss":0},{"damage_healed":0,"gold_gain":0,"player_choice":"Got Potions","damage_taken":0,"max_hp_gain":0,"max_hp_loss":0,"event_name":"Lab","floor":28,"gold_loss":0},{"damage_healed":0,"gold_gain":222,"player_choice":"Wore Mask","damage_taken":0,"max_hp_gain":0,"max_hp_loss":0,"event_name":"Tomb of Lord Red Mask","floor":39,"gold_loss":0},{"damage_healed":0,"gold_gain":0,"player_choice":"Leave","damage_taken":0,"max_hp_gain":0,"max_hp_loss":0,"event_name":"FaceTrader","floor":40,"gold_loss":0}],"is_beta":true,"boss_relics":[{"not_picked":["Eternal Feather","Philosopher\u0027s Stone"],"picked":"Cursed Key"},{"not_picked":["Runic Pyramid","Coffee Dripper"],"picked":"Astrolabe"}],"items_purged_floors":[38],"is_endless":false,"potions_floor_spawned":[3,6,10,14,20,24,29,30,35,36],"killed_by":"Reptomancer","ascension_level":5}