{"gold_per_floor":[112,128,203,203,217,217,61,61,61,61,95,95,106,5,5,101,101,117,117,42,57,57,57,72,72,95,95,105,117,132,152,152,256,256,267,284,301,301,301,301,330,330,330,430,430,505,141,161,161,161],"floor_reached":51,"playtime":2111,"items_purged":["Strike_B","Strike_B+1"],"score":894,"play_id":"2332826b-345a-4351-a151-6fd7036ce3de","local_time":"20190912104056","is_ascension_mode":true,"campfire_choices":[{"data":"Zap","floor":6.0,"key":"SMITH"},{"floor":8.0,"key":"REST"},{"data":"Dualcast","floor":12.0,"key":"SMITH"},{"data":"Hologram","floor":15.0,"key":"SMITH"},{"data":"Conserve Battery","floor":23.0,"key":"SMITH"},{"data":"Scrape","floor":25.0,"key":"SMITH"},{"floor":32.0,"key":"REST"},{"data":"Buffer","floor":40.0,"key":"SMITH"},{"floor":42,"key":"REST"},{"data":"Beam Cell","floor":45,"key":"SMITH"},{"floor":49,"key":"REST"}],"neow_cost":"PERCENT_DAMAGE","seed_source_timestamp":0,"circlet_count":0,"master_deck":["Defend_B+1","Defend_B+1","Zap+1","Dualcast+1","Ball Lightning","Gash","Chill","Beam Cell+1","Hologram+1","Electrodynamics","Gash","Conserve Battery+1","Scrape+1","Streamline+1","Gash","Go for the Eyes+1","Buffer+1","Conserve Battery+1","Coolheaded+1","Skim"],"special_seed":0,"relics":["Cracked Core","Regal Pillow","Darkstone Periapt","Bag of Preparation","Nuclear Battery","Strawberry","SacredBark","Vajra","Mercury Hourglass","Ginger","Sling"],"potions_floor_usage":[41,50,50,50],"damage_taken":[{"damage":7.0,"enemies":"Small Slimes","floor":1.0,"turns":3.0},{"damage":3.0,"enemies":"2 Louse","floor":2.0,"turns":3.0},{"damage":7.0,"enemies":"Jaw Worm","floor":5.0,"turns":3.0},{"damage":19.0,"enemies":"3 Sentries","floor":11.0,"turns":8.0},{"damage":0.0,"enemies":"Exordium Wildlife","floor":13.0,"turns":3.0},{"damage":33.0,"enemies":"Hexaghost","floor":16.0,"turns":8.0},{"damage":0.0,"enemies":"3 Byrds","floor":18.0,"turns":1.0},{"damage":0.0,"enemies":"Chosen","floor":21.0,"turns":3.0},{"damage":0.0,"enemies":"Snake Plant","floor":24.0,"turns":3.0},{"damage":5.0,"enemies":"Snecko","floor":28.0,"turns":4.0},{"damage":0.0,"enemies":"Centurion and Healer","floor":29.0,"turns":4.0},{"damage":16.0,"enemies":"Shelled Parasite and Fungi","floor":30.0,"turns":3.0},{"damage":14.0,"enemies":"Sentry and Sphere","floor":31.0,"turns":4.0},{"damage":33.0,"enemies":"Automaton","floor":33.0,"turns":8.0},{"damage":1.0,"enemies":"3 Shapes","floor":35.0,"turns":4.0},{"damage":0.0,"enemies":"3 Darklings","floor":36.0,"turns":5.0},{"damage":14.0,"enemies":"Maw","floor":37.0,"turns":7.0},{"damage":19,"enemies":"Nemesis","floor":41,"turns":7},{"damage":0,"enemies":"Mind Bloom Boss Battle","floor":44,"turns":5},{"damage":0,"enemies":"Sphere and 2 Shapes","floor":48,"turns":3},{"damage":15,"enemies":"Awakened One","floor":50,"turns":8}],"seed_played":"184287036561083964","potions_obtained":[{"floor":11.0,"key":"Swift Potion"},{"floor":16.0,"key":"Swift Potion"},{"floor":18.0,"key":"Poison Potion"},{"floor":21.0,"key":"Fire Potion"},{"floor":24.0,"key":"FearPotion"},{"floor":36.0,"key":"Dexterity Potion"},{"floor":37.0,"key":"EssenceOfSteel"},{"floor":44,"key":"DuplicationPotion"}],"is_trial":false,"path_per_floor":["M","M","?","?","M","R","$","R","T","$","E","R","M","$","R","B",null,"M","?","?","M","?","R","M","R","T","$","M","M","M","M","R","B",null,"M","M","M","?","?","R","E","R","T","?","R","?","$","M","R","B",null],"character_chosen":"DEFECT","items_purchased":["Regal Pillow","Hologram","Sling","Skim","LiquidBronze"],"campfire_rested":4,"item_purchase_floors":[7,14,47,47,47],"current_hp_per_floor":[43,40,29,29,22,22,22,59,59,59,40,40,40,40,40,7,58,58,58,58,58,58,58,58,58,65,65,60,60,44,30,69,36,71,70,70,56,56,56,56,37,76,76,76,76,68,68,68,82,67],"gold":161,"neow_bonus":"REMOVE_TWO","is_prod":false,"is_daily":false,"chose_seed":false,"campfire_upgraded":7,"win_rate":0,"timestamp":1568252456,"path_taken":["M","M","?","?","M","R","$","R","T","?","E","R","M","$","R","BOSS","M","?","?","M","?","R","M","R","T","?","M","?","M","M","R","BOSS","M","M","M","?","?","R","E","R","T","?","R","?","$","M","R","BOSS"],"build_version":"2019-09-10","purchased_purges":2,"victory":true,"max_hp_per_floor":[75,75,75,75,75,75,75,75,75,75,75,75,75,75,75,75,75,75,75,75,75,75,75,75,75,82,82,82,82,82,82,82,82,82,82,82,82,82,82,82,82,82,82,82,82,82,82,82,82,82],"card_choices":[{"not_picked":["Leap","Beam Cell"],"picked":"Ball Lightning","floor":1.0},{"not_picked":["Sunder","Rebound"],"picked":"Gash","floor":2.0},{"not_picked":["Rebound","Redo"],"picked":"Chill","floor":5.0},{"not_picked":["Fission","Barrage"],"picked":"Beam Cell","floor":11.0},{"not_picked":["White Noise","Sweeping Beam","Aggregate"],"picked":"SKIP","floor":13.0},{"not_picked":["Reboot","Amplify"],"picked":"Electrodynamics","floor":16.0},{"not_picked":["FTL","Compile Driver"],"picked":"Gash","floor":18.0},{"not_picked":["Leap","Reinforced Body"],"picked":"Conserve Battery","floor":21.0},{"not_picked":["Ball Lightning","Leap"],"picked":"Scrape","floor":24.0},{"not_picked":["Force Field","Conserve Battery"],"picked":"Streamline+1","floor":28.0},{"not_picked":["Compile Driver+1","Sweeping Beam","Auto Shields"],"picked":"SKIP","floor":29.0},{"not_picked":["Leap+1","Rebound"],"picked":"Gash","floor":30.0},{"not_picked":["Turbo","Sunder"],"picked":"Go for the Eyes+1","floor":31.0},{"not_picked":["Electrodynamics","Multi-Cast"],"picked":"Buffer","floor":33.0},{"not_picked":["Aggregate","Go for the Eyes+1"],"picked":"Conserve Battery+1","floor":35.0},{"not_picked":["Chaos+1","Redo+1","Stack+1"],"picked":"SKIP","floor":36.0},{"not_picked":["Rebound","Hologram+1"],"picked":"Coolheaded+1","floor":37.0},{"not_picked":["Rainbow","Consume","Stack+1"],"picked":"SKIP","floor":41},{"not_picked":["Genetic Algorithm+1","Stack+1","Rebound+1"],"picked":"SKIP","floor":48}],"player_experience":431733,"relics_obtained":[{"floor":9.0,"key":"Darkstone Periapt"},{"floor":11.0,"key":"Bag of Preparation"},{"floor":26.0,"key":"Strawberry"},{"floor":41,"key":"Vajra"},{"floor":43,"key":"Mercury Hourglass"},{"floor":44,"key":"Ginger"}],"event_choices":[{"damage_healed":0.0,"max_hp_gain":0.0,"max_hp_loss":0.0,"gold_gain":75.0,"event_name":"World of Goop","player_choice":"Gather Gold","floor":3.0,"gold_loss":0.0,"damage_taken":11.0},{"damage_healed":0.0,"max_hp_gain":0.0,"max_hp_loss":0.0,"gold_gain":0.0,"event_name":"Golden Idol","player_choice":"Ignored","floor":4.0,"gold_loss":0.0,"damage_taken":0.0},{"damage_healed":0.0,"max_hp_gain":0.0,"max_hp_loss":0.0,"gold_gain":0.0,"event_name":"Back to Basics","player_choice":"Simplicity","floor":19.0,"gold_loss":0.0,"damage_taken":0.0,"cards_upgraded":["Strike_B","Strike_B","Defend_B","Defend_B","Defend_B"]},{"cards_removed":["Strike_B"],"damage_healed":0.0,"max_hp_gain":0.0,"max_hp_loss":0.0,"gold_gain":0.0,"event_name":"Beggar","player_choice":"Gave Gold","floor":20.0,"gold_loss":75.0,"damage_taken":0.0},{"damage_healed":0.0,"max_hp_gain":0.0,"max_hp_loss":0.0,"gold_gain":0.0,"event_name":"The Mausoleum","player_choice":"Ignored","floor":22.0,"gold_loss":0.0,"damage_taken":0.0},{"damage_healed":0.0,"max_hp_gain":0.0,"max_hp_loss":0.0,"gold_gain":0.0,"event_name":"Mysterious Sphere","player_choice":"Ignored","floor":38.0,"gold_loss":0.0,"damage_taken":0.0},{"cards_removed":["Defend_B"],"damage_healed":0.0,"max_hp_gain":0.0,"max_hp_loss":0.0,"gold_gain":0.0,"event_name":"Falling","player_choice":"Removed Skill","floor":39.0,"gold_loss":0.0,"damage_taken":0.0},{"damage_healed":0,"gold_gain":0,"player_choice":"Fight","damage_taken":0,"max_hp_gain":0,"max_hp_loss":0,"event_name":"MindBloom","floor":44,"gold_loss":0},{"damage_healed":0,"gold_gain":75,"player_choice":"Touch","damage_taken":8,"max_hp_gain":0,"max_hp_loss":0,"event_name":"FaceTrader","floor":46,"gold_loss":0}],"is_beta":true,"boss_relics":[{"not_picked":["Astrolabe","Empty Cage"],"picked":"Nuclear Battery"},{"not_picked":["Runic Dome","Velvet Choker"],"picked":"SacredBark"}],"items_purged_floors":[14,47],"is_endless":false,"potions_floor_spawned":[11,16,18,21,24,30,36,37,44],"ascension_level":7}