{"path_per_floor":["M","M","?","$","?","R","M","M","T","M","$","M","R","E","R","B",null,"M","T","?","M","?","R","E"],"character_chosen":"IRONCLAD","items_purchased":["Body Slam"],"gold_per_floor":[119,138,138,63,63,63,81,99,172,192,42,55,55,88,88,187,187,127,127,127,127,52,52,52,52],"floor_reached":25,"campfire_rested":1,"playtime":2656,"current_hp_per_floor":[78,76,76,76,58,58,64,70,80,74,74,61,61,52,79,37,90,73,73,55,56,56,56,22,0],"items_purged":["Defend_R","Strike_R"],"gold":52,"score":246,"play_id":"0187d317-ab93-4d7c-b1c6-1a65607b4b8d","local_time":"20180427012043","is_prod":false,"is_daily":false,"chose_seed":false,"is_ascension_mode":false,"campfire_upgraded":3,"timestamp":1524817243,"path_taken":["M","M","?","$","?","R","M","M","T","M","?","M","R","E","R","BOSS","M","?","?","M","?","R","E","M"],"build_version":"2018-04-26","seed_source_timestamp":265407836211230,"purchased_purges":3,"victory":false,"master_deck":["Strike_R+1","Strike_R","Strike_R","Defend_R","Defend_R+1","Defend_R","Bash+1","Flame Barrier+1","Iron Wave+1","Rampage+1","Bloodletting+1","Headbutt","Body Slam","Iron Wave","Headbutt+1","Barricade","Clothesline","Thunderclap","Flame Barrier"],"max_hp_per_floor":[80,80,80,80,80,80,80,80,90,90,90,90,90,90,90,90,90,90,90,95,95,95,95,95,95],"relics":["Burning Blood","Juzu Bracelet","Pear","Whetstone","Ectoplasm","Mummified Hand","War Paint"],"card_choices":[{"not_picked":["Ghostly Armor","Headbutt"],"picked":"Flame Barrier","floor":1},{"not_picked":["Inflame","Perfected Strike"],"picked":"Iron Wave","floor":2},{"not_picked":["Infernal Blade","Shockwave"],"picked":"Rampage","floor":7},{"not_picked":["Cleave","Clothesline"],"picked":"Bloodletting","floor":8},{"not_picked":["Shrug It Off","Corruption"],"picked":"Headbutt","floor":10},{"not_picked":["Sword Boomerang","Inflame"],"picked":"Iron Wave","floor":12},{"not_picked":["Thunderclap","Flex"],"picked":"Headbutt","floor":14},{"not_picked":["Dark Embrace","Berserk"],"picked":"Barricade","floor":16},{"not_picked":["Clash","True Grit"],"picked":"Clothesline","floor":18},{"not_picked":["Flex","Perfected Strike"],"picked":"Thunderclap","floor":21},{"not_picked":["Dropkick","Rampage"],"picked":"Flame Barrier","floor":24}],"player_experience":0,"potions_floor_usage":[14,16,16],"damage_taken":[{"damage":8,"enemies":"Small Slimes","floor":1,"turns":3},{"damage":8,"enemies":"Jaw Worm","floor":2,"turns":4},{"damage":0,"enemies":"Cultist","floor":7,"turns":4},{"damage":0,"enemies":"Large Slime","floor":8,"turns":9},{"damage":12,"enemies":"2 Fungi Beasts","floor":10,"turns":3},{"damage":19,"enemies":"Exordium Thugs","floor":12,"turns":4},{"damage":15,"enemies":"3 Sentries","floor":14,"turns":7},{"damage":48,"enemies":"The Guardian","floor":16,"turns":7},{"damage":23,"enemies":"2 Thieves","floor":18,"turns":4},{"damage":5,"enemies":"3 Byrds","floor":21,"turns":4},{"damage":40,"enemies":"Slavers","floor":24,"turns":7},{"damage":30,"enemies":"Centurion and Healer","floor":25,"turns":4}],"event_choices":[{"event_name":"Living Wall","player_choice":"Grow","floor":3,"damage_taken":0},{"event_name":"Scrap Ooze","player_choice":"success","floor":5,"damage_taken":18},{"event_name":"Forgotten Altar","player_choice":"Shed Blood","floor":20,"damage_taken":0},{"event_name":"Beggar","player_choice":"Gave Gold","floor":22,"damage_taken":0}],"boss_relics":[{"not_picked":["Black Star","Lizard Tail"],"picked":"Ectoplasm"}],"potions_floor_spawned":[1,2,10,12,18,24],"seed_played":"-92253798391069563","killed_by":"Centurion and Healer","ascension_level":0,"is_trial":false}