{"gold_per_floor":[365,383,383,383,397,457,46,57,137,137,150,175,175,175,175,272,272,282,282,96,96,108,141,141,141,141,168,183,183,211,227,227,322,322,340,359,376,386,386,73,401,401,428,445,476,476,219,244,244,244,244,244,44,75,75],"floor_reached":55,"playtime":5488,"items_purged":["Regret","Terror"],"score":1202,"play_id":"dfa9187b-b874-4cd8-813b-f91d5eed0630","local_time":"20190914195200","is_ascension_mode":true,"campfire_choices":[{"floor":10.0,"key":"REST"},{"floor":15.0,"key":"REST"},{"floor":24.0,"key":"REST"},{"floor":29.0,"key":"REST"},{"data":"Strike_G","floor":32,"key":"PURGE"},{"floor":42,"key":"RECALL"},{"data":"Adrenaline","floor":46,"key":"SMITH"},{"data":"Noxious Fumes","floor":49,"key":"SMITH"},{"data":"Defend_G","floor":52,"key":"PURGE"}],"neow_cost":"PERCENT_DAMAGE","seed_source_timestamp":0,"circlet_count":0,"master_deck":["Defend_G","Defend_G+1","Defend_G","Survivor+1","Neutralize+1","Dagger Spray+1","Dagger Throw","Deflect","Noxious Fumes+1","Backflip","After Image","Noxious Fumes","Night Terror","Riddle With Holes","Sadistic Nature","Deadly Poison+1","Escape Plan","Deflect+1","Catalyst+1","Terror+1","Quick Slash+1","Dash+1","Caltrops+1","Adrenaline+1","Prepared+1","Deflect","Catalyst+1"],"special_seed":0,"relics":["Ring of the Snake","Peace Pipe","War Paint","Tiny Chest","Vajra","OrangePellets","Mercury Hourglass","Art of War","Pocketwatch","Runic Pyramid","Question Card","Potion Belt","Regal Pillow","Dead Branch","Mango","Astrolabe","FaceOfCleric","Gremlin Horn","Old Coin","Bag of Preparation","Ninja Scroll","Bottled Lightning","Toxic Egg 2","Dodecahedron"],"potions_floor_usage":[33,45,50,54,55,55,55,55,55],"damage_taken":[{"damage":0.0,"enemies":"2 Louse","floor":1.0,"turns":5.0},{"damage":0.0,"enemies":"Small Slimes","floor":2.0,"turns":4.0},{"damage":0.0,"enemies":"Jaw Worm","floor":5.0,"turns":4.0},{"damage":19.0,"enemies":"Gremlin Nob","floor":6.0,"turns":4.0},{"damage":0.0,"enemies":"Blue Slaver","floor":8.0,"turns":4.0},{"damage":0.0,"enemies":"3 Louse","floor":11.0,"turns":3.0},{"damage":5.0,"enemies":"3 Sentries","floor":12.0,"turns":7.0},{"damage":15.0,"enemies":"Hexaghost","floor":16.0,"turns":10.0},{"damage":12.0,"enemies":"2 Thieves","floor":18.0,"turns":4.0},{"damage":4.0,"enemies":"Chosen","floor":22.0,"turns":5.0},{"damage":30.0,"enemies":"Slavers","floor":23.0,"turns":4.0},{"damage":12.0,"enemies":"Book of Stabbing","floor":27.0,"turns":6.0},{"damage":6.0,"enemies":"Snecko","floor":28.0,"turns":5.0},{"damage":11.0,"enemies":"Gremlin Leader","floor":30.0,"turns":6.0},{"damage":0.0,"enemies":"3 Cultists","floor":31.0,"turns":2.0},{"damage":7,"enemies":"Champ","floor":33,"turns":6},{"damage":3,"enemies":"3 Shapes","floor":35,"turns":3},{"damage":0,"enemies":"Orb Walker","floor":36,"turns":2},{"damage":13,"enemies":"Jaw Worm Horde","floor":37,"turns":4},{"damage":0,"enemies":"Spire Growth","floor":38,"turns":5},{"damage":2,"enemies":"Reptomancer","floor":41,"turns":5},{"damage":1,"enemies":"3 Darklings","floor":44,"turns":3},{"damage":0,"enemies":"Giant Head","floor":45,"turns":5},{"damage":1,"enemies":"Nemesis","floor":48,"turns":7},{"damage":27,"enemies":"Donu and Deca","floor":50,"turns":9},{"damage":46,"enemies":"Shield and Spear","floor":54,"turns":7},{"damage":56,"enemies":"The Heart","floor":55,"turns":5}],"seed_played":"3272507562059246234","potions_obtained":[{"floor":1.0,"key":"Energy Potion"},{"floor":2.0,"key":"SpeedPotion"},{"floor":5.0,"key":"Fire Potion"},{"floor":11.0,"key":"PowerPotion"},{"floor":18.0,"key":"AttackPotion"},{"floor":28.0,"key":"SpeedPotion"},{"floor":30.0,"key":"Weak Potion"},{"floor":35,"key":"GamblersBrew"},{"floor":36,"key":"Regen Potion"},{"floor":44,"key":"SpeedPotion"},{"floor":54,"key":"PowerPotion"}],"is_trial":false,"path_per_floor":["M","M","?","?","M","E","$","M","T","R","M","E","?","T","R","B",null,"M","?","$","T","M","E","R","T","T","E","M","R","E","M","R","B",null,"M","M","M","M","?","$","E","R","T","M","E","R","$","E","R","B",null,"R","$","E","B"],"character_chosen":"THE_SILENT","items_purchased":["Vajra","OrangePellets","Sadistic Nature","Gremlin Horn","Adrenaline","Bottled Lightning","PowerPotion","SteroidPotion"],"campfire_rested":4,"item_purchase_floors":[7,7,20,40,40,47,53,53],"current_hp_per_floor":[45,45,45,33,33,14,14,14,14,35,35,30,16,16,37,22,58,46,46,46,46,42,12,33,33,33,21,15,51,54,54,54,47,75,72,72,59,59,59,59,58,58,58,58,74,74,74,74,74,48,79,79,79,34,0],"gold":75,"neow_bonus":"TWO_FIFTY_GOLD","is_prod":false,"is_daily":false,"chose_seed":false,"campfire_upgraded":2,"win_rate":0,"timestamp":1568479920,"path_taken":["M","M","?","?","M","E","$","M","T","R","M","E","?","?","R","BOSS","M","?","$","?","M","E","R","?","T","E","M","R","E","M","R","BOSS","M","M","M","M","?","?","E","R","T","M","E","R","$","E","R","BOSS","R","$","E","BOSS"],"build_version":"2019-07-17","purchased_purges":2,"victory":false,"max_hp_per_floor":[70,70,70,70,70,70,70,70,70,70,70,70,70,70,70,70,70,70,70,70,70,70,70,70,70,70,70,70,70,84,84,84,84,84,84,84,84,84,84,84,85,85,85,86,87,87,87,88,88,89,89,89,89,90,90],"card_choices":[{"not_picked":["Setup","Deflect","Outmaneuver"],"picked":"SKIP","floor":1.0},{"not_picked":["Quick Slash","Slice"],"picked":"Dagger Spray","floor":2.0},{"not_picked":["Terror","Accuracy"],"picked":"Dagger Throw","floor":5.0},{"not_picked":["Concentrate","Flechettes"],"picked":"Deflect","floor":6.0},{"not_picked":["Sucker Punch","Concentrate"],"picked":"Noxious Fumes","floor":8.0},{"not_picked":["Outmaneuver","Blade Dance"],"picked":"Backflip","floor":11.0},{"not_picked":["Underhanded Strike","Sucker Punch"],"picked":"Terror","floor":12.0},{"not_picked":["A Thousand Cuts","Wraith Form v2"],"picked":"After Image","floor":16.0},{"not_picked":["Prepared+1","Skewer"],"picked":"Noxious Fumes","floor":18.0},{"not_picked":["Choke","Predator+1","Deflect"],"picked":"Deadly Poison+1","floor":22.0},{"not_picked":["Acrobatics+1","Outmaneuver","Night Terror"],"picked":"Escape Plan","floor":23.0},{"not_picked":["Riddle With Holes","Calculated Gamble","Dodge and Roll"],"picked":"Deflect+1","floor":27.0},{"not_picked":["Dodge and Roll","Underhanded Strike","Poisoned Stab","Blade Dance"],"picked":"SKIP","floor":28.0},{"not_picked":["Eviscerate","Backflip","Dagger Throw+1","Heel Hook+1"],"picked":"SKIP","floor":30.0},{"not_picked":["Escape Plan","Slice","Choke"],"picked":"Catalyst+1","floor":31.0},{"not_picked":["Deflect","Dagger Throw+1","Concentrate","Backstab"],"picked":"SKIP","floor":35},{"not_picked":["Distraction","Dagger Throw","Tactician+1","Sucker Punch+1"],"picked":"SKIP","floor":36},{"not_picked":["Outmaneuver+1","Well Laid Plans","Blur","Backflip"],"picked":"SKIP","floor":37},{"not_picked":["Bane","Cloak And Dagger","Dagger Throw"],"picked":"Caltrops+1","floor":38},{"not_picked":["Poisoned Stab","Underhanded Strike+1","Flying Knee+1"],"picked":"Prepared+1","floor":41},{"not_picked":["Bane","Cloak And Dagger+1","Flying Knee"],"picked":"Deflect","floor":44},{"not_picked":["Choke","Dodge and Roll","Night Terror","Tactician+1"],"picked":"SKIP","floor":45},{"not_picked":["PiercingWail","Well Laid Plans","Slice","Flying Knee+1"],"picked":"SKIP","floor":48},{"not_picked":["All Out Attack+1","Sucker Punch+1","Slice"],"picked":"Catalyst+1","floor":54}],"player_experience":265633,"relics_obtained":[{"floor":6.0,"key":"Tiny Chest"},{"floor":9.0,"key":"Mercury Hourglass"},{"floor":12.0,"key":"Art of War"},{"floor":14.0,"key":"Pocketwatch"},{"floor":21.0,"key":"Question Card"},{"floor":23.0,"key":"Potion Belt"},{"floor":25.0,"key":"Regal Pillow"},{"floor":27.0,"key":"Dead Branch"},{"floor":30.0,"key":"Mango"},{"floor":41,"key":"Old Coin"},{"floor":43,"key":"Bag of Preparation"},{"floor":45,"key":"Ninja Scroll"},{"floor":48,"key":"Toxic Egg 2"},{"floor":54,"key":"Dodecahedron"}],"event_choices":[{"damage_healed":0.0,"max_hp_gain":0.0,"max_hp_loss":0.0,"gold_gain":0.0,"event_name":"Big Fish","player_choice":"Box","floor":3.0,"gold_loss":0.0,"damage_taken":0.0,"relics_obtained":["Peace Pipe"],"cards_obtained":["Regret"]},{"damage_healed":0.0,"max_hp_gain":0.0,"max_hp_loss":0.0,"gold_gain":0.0,"event_name":"Scrap Ooze","player_choice":"Success","floor":4.0,"gold_loss":0.0,"damage_taken":12.0,"relics_obtained":["War Paint"]},{"damage_healed":0.0,"max_hp_gain":0.0,"max_hp_loss":0.0,"gold_gain":0.0,"event_name":"Shining Light","player_choice":"Entered Light","floor":13.0,"gold_loss":0.0,"damage_taken":14.0,"cards_upgraded":["Neutralize","Dagger Spray"]},{"damage_healed":0.0,"max_hp_gain":0.0,"max_hp_loss":0.0,"gold_gain":0.0,"cards_transformed":["Strike_G","Strike_G"],"event_name":"Drug Dealer","player_choice":"Became Test Subject","floor":19.0,"gold_loss":0.0,"damage_taken":0.0,"cards_obtained":["Night Terror","Riddle With Holes"]},{"damage_healed":0,"gold_gain":0,"player_choice":"Trade","damage_taken":0,"relics_obtained":["FaceOfCleric"],"max_hp_gain":0,"max_hp_loss":0,"event_name":"FaceTrader","floor":39,"gold_loss":0}],"is_beta":false,"boss_relics":[{"not_picked":["Tiny House","White Beast Statue"],"picked":"Runic Pyramid"},{"not_picked":["WristBlade","Orrery"],"picked":"Astrolabe"}],"items_purged_floors":[7,53],"is_endless":false,"potions_floor_spawned":[1,2,5,11,18,28,30,35,36,44,54],"killed_by":"The Heart","ascension_level":8}