{"path_per_floor":["M","M","M","$","?","E","R","M","T","R","E","M","R","M","R","B",null,"M","M","$","?","$","R","M","?","T","R","M","R","?","M","R"],"character_chosen":"THE_SILENT","items_purchased":["Bottled Tornado","Cloak And Dagger","Footwork"],"gold_per_floor":[111,123,136,61,61,92,92,103,184,184,215,229,229,240,240,345,345,362,381,96,96,21,21,32,32,86,86,101,101,101,113,113,113],"floor_reached":33,"campfire_rested":5,"playtime":2263,"item_purchase_floors":[20,22,22],"current_hp_per_floor":[70,70,69,69,69,49,70,68,68,68,52,49,49,46,67,15,70,57,43,43,43,43,43,33,33,33,54,38,59,53,27,48,0],"items_purged":["Strike_G","Strike_G"],"gold":113,"score":283,"play_id":"6c85d361-1112-4a0e-b7a0-19f77a8cc44c","local_time":"20180623174651","is_prod":false,"is_daily":false,"chose_seed":false,"is_ascension_mode":true,"campfire_upgraded":3,"win_rate":0,"timestamp":1529801211,"campfire_choices":[{"floor":7,"key":"REST"},{"data":"Neutralize","floor":10,"key":"SMITH"},{"data":"Deadly Poison","floor":13,"key":"SMITH"},{"floor":15,"key":"REST"},{"data":"Noxious Fumes","floor":23,"key":"SMITH"},{"floor":27,"key":"REST"},{"floor":29,"key":"REST"},{"floor":32,"key":"REST"}],"path_taken":["M","M","M","$","?","E","R","M","T","R","E","M","R","M","R","BOSS","M","M","$","?","$","R","M","?","T","R","M","R","?","M","R","BOSS"],"build_version":"2018-06-21","seed_source_timestamp":226020039384870,"purchased_purges":2,"circlet_count":0,"victory":false,"master_deck":["Defend_G","Defend_G","Defend_G","Defend_G","Defend_G","Strike_G","Survivor","Neutralize+1","Bouncing Flask+1","Caltrops","Deflect","Deadly Poison+1","Distraction","Deadly Poison","Slice","Blade Dance","Backstab","Tools of the Trade","Deadly Poison","Noxious Fumes+1","Cloak And Dagger","Footwork","Backstab","Slice+1","Crippling Poison","Bouncing Flask","RitualDagger","Concentrate+1"],"max_hp_per_floor":[70,70,70,70,70,70,70,70,70,70,70,70,70,70,70,70,70,70,70,70,70,70,70,70,70,70,70,70,70,70,70,70,70],"relics":["Ring of the Snake","Vajra","Ice Cream","The Courier","Dream Catcher","Empty Cage","Bottled Tornado","Blood Vial"],"card_choices":[{"not_picked":["Heel Hook","Underhanded Strike"],"picked":"Bouncing Flask","floor":1},{"not_picked":["Endless Agony","Underhanded Strike"],"picked":"Caltrops","floor":2},{"not_picked":["Dagger Throw","Masterful Stab"],"picked":"Deflect","floor":3},{"not_picked":["Flechettes","Corpse Explosion"],"picked":"Deadly Poison","floor":6},{"not_picked":["Malaise","Dash"],"picked":"Distraction","floor":8},{"not_picked":["Finisher","Slice"],"picked":"Deadly Poison","floor":11},{"not_picked":["Sucker Punch","Acrobatics"],"picked":"Slice","floor":12},{"not_picked":["Deflect","Underhanded Strike"],"picked":"Blade Dance","floor":14},{"not_picked":["Flying Knee","Predator"],"picked":"Backstab","floor":15},{"not_picked":["Doppelganger","Glass Knife"],"picked":"Tools of the Trade","floor":16},{"not_picked":["Reflex+1","Underhanded Strike"],"picked":"Deadly Poison","floor":18},{"not_picked":["Deflect","Flying Knee+1"],"picked":"Noxious Fumes","floor":19},{"not_picked":["Poisoned Stab","Dagger Spray"],"picked":"Backstab","floor":24},{"not_picked":["Reflex+1","PiercingWail"],"picked":"Slice+1","floor":27},{"not_picked":["Acrobatics","Night Terror"],"picked":"Crippling Poison","floor":28},{"not_picked":["Terror","Prepared"],"picked":"Bouncing Flask","floor":29},{"not_picked":["Finisher","Escape Plan+1","Acrobatics"],"picked":"SKIP","floor":31},{"not_picked":["Cloak And Dagger+1","Predator"],"picked":"Concentrate+1","floor":32}],"player_experience":143051,"potions_floor_usage":[6,16,16,24,31,33,33],"damage_taken":[{"damage":0,"enemies":"Small Slimes","floor":1,"turns":3},{"damage":0,"enemies":"2 Louse","floor":2,"turns":2},{"damage":1,"enemies":"Cultist","floor":3,"turns":4},{"damage":20,"enemies":"3 Sentries","floor":6,"turns":7},{"damage":2,"enemies":"2 Fungi Beasts","floor":8,"turns":3},{"damage":16,"enemies":"Lagavulin","floor":11,"turns":5},{"damage":3,"enemies":"Looter","floor":12,"turns":3},{"damage":3,"enemies":"Blue Slaver","floor":14,"turns":3},{"damage":52,"enemies":"Slime Boss","floor":16,"turns":13},{"damage":13,"enemies":"Spheric Guardian","floor":18,"turns":4},{"damage":14,"enemies":"Chosen","floor":19,"turns":4},{"damage":10,"enemies":"Snecko","floor":24,"turns":4},{"damage":18,"enemies":"Snake Plant","floor":28,"turns":3},{"damage":28,"enemies":"Cultist and Chosen","floor":31,"turns":5},{"damage":62,"enemies":"Champ","floor":33,"turns":8}],"relics_obtained":[{"floor":6,"key":"Ice Cream"},{"floor":9,"key":"The Courier"},{"floor":11,"key":"Dream Catcher"},{"floor":26,"key":"Blood Vial"}],"event_choices":[{"event_name":"Living Wall","player_choice":"Grow","floor":5,"damage_taken":0},{"event_name":"The Lab","player_choice":"Got Potions","floor":21,"damage_taken":0},{"event_name":"Drug Dealer","player_choice":"Ignored","floor":25,"damage_taken":0},{"event_name":"Nest","player_choice":"Joined the Cult","floor":30,"damage_taken":0}],"boss_relics":[{"not_picked":["Philosopher\u0027s Stone","White Beast Statue"],"picked":"Empty Cage"}],"items_purged_floors":[4,20],"is_endless":false,"potions_floor_spawned":[1,6,11,12,18,28],"seed_played":"-4764406918268708876","killed_by":"Champ","ascension_level":2,"potions_obtained":[{"floor":1,"key":"Fire Potion"},{"floor":6,"key":"Swift Potion"},{"floor":11,"key":"Block Potion"},{"floor":18,"key":"Block Potion"},{"floor":21,"key":"Energy Potion"},{"floor":28,"key":"Fire Potion"}],"is_trial":false}