{"gold_per_floor":[12,30,30,30,205,239,239,263,287,21,41,59,59,59,59,59],"floor_reached":16,"playtime":793,"items_purged":["Strike_R"],"score":100,"play_id":"7d81e22c-3e40-4d54-a32a-83975dd7292a","local_time":"20190901195410","is_ascension_mode":false,"campfire_choices":[{"floor":7,"key":"REST"},{"floor":13,"key":"REST"},{"data":"Barricade","floor":15,"key":"SMITH"}],"neow_cost":"NO_GOLD","seed_source_timestamp":97483895471664,"circlet_count":0,"master_deck":["Strike_R","Strike_R","Strike_R","Strike_R","Defend_R","Defend_R","Defend_R","Defend_R","Bash","Feed","Disarm","Thunderclap","Doubt","Barricade+1","Headbutt","Entrench","Entrench","Cleave"],"relics":["Burning Blood","Golden Idol","Ancient Tea Set","Potion Belt","Blood Vial","Frozen Egg 2"],"potions_floor_usage":[6,11,16],"damage_taken":[{"damage":1,"enemies":"2 Louse","floor":1,"turns":3},{"damage":0,"enemies":"Jaw Worm","floor":2,"turns":5},{"damage":36,"enemies":"Gremlin Nob","floor":6,"turns":6},{"damage":14,"enemies":"Cultist","floor":8,"turns":6},{"damage":31,"enemies":"3 Louse","floor":11,"turns":4},{"damage":14,"enemies":"Large Slime","floor":12,"turns":11},{"damage":72,"enemies":"Hexaghost","floor":16,"turns":16}],"seed_played":"3701212248388795976","potions_obtained":[{"floor":1,"key":"SpeedPotion"},{"floor":8,"key":"LiquidBronze"},{"floor":11,"key":"Swift Potion"}],"is_trial":false,"path_per_floor":["M","M","$","?","?","E","R","M","T","$","M","M","R","?","R","B"],"character_chosen":"IRONCLAD","items_purchased":["Entrench","Blood Vial"],"campfire_rested":2,"item_purchase_floors":[10,10],"current_hp_per_floor":[83,86,86,80,80,53,77,72,72,72,52,49,76,69,69,0],"gold":59,"neow_bonus":"THREE_RARE_CARDS","is_prod":false,"is_daily":false,"chose_seed":false,"campfire_upgraded":1,"win_rate":0.0,"timestamp":1567392850,"path_taken":["M","M","$","?","?","E","R","?","T","?","M","M","R","?","R","BOSS"],"build_version":"2019-07-17","purchased_purges":1,"victory":false,"max_hp_per_floor":[83,86,86,80,80,83,83,86,86,86,89,92,92,92,92,92],"card_choices":[{"not_picked":["Exhume","Double Tap"],"picked":"Feed","floor":0},{"not_picked":["Bloodletting","Clash"],"picked":"Disarm","floor":1},{"not_picked":["Wild Strike","Dual Wield"],"picked":"Thunderclap","floor":2},{"not_picked":["Intimidate","Carnage"],"picked":"Barricade","floor":6},{"not_picked":["Sword Boomerang","Wild Strike"],"picked":"Headbutt","floor":8},{"not_picked":["Flex","Sever Soul"],"picked":"Entrench","floor":11},{"not_picked":["Heavy Blade","Body Slam"],"picked":"Cleave","floor":12}],"player_experience":28539,"relics_obtained":[{"floor":6,"key":"Ancient Tea Set"},{"floor":9,"key":"Potion Belt"}],"event_choices":[{"damage_healed":0,"gold_gain":0,"player_choice":"Lose Max HP","damage_taken":0,"relics_obtained":["Golden Idol"],"max_hp_gain":0,"max_hp_loss":6,"event_name":"Golden Idol","floor":4,"gold_loss":0},{"damage_healed":0,"gold_gain":175,"player_choice":"AGREE","damage_taken":0,"max_hp_gain":0,"max_hp_loss":0,"event_name":"Liars Game","floor":5,"gold_loss":0,"cards_obtained":["Doubt"]},{"damage_healed":0,"gold_gain":0,"player_choice":"Success","damage_taken":7,"relics_obtained":["Frozen Egg 2"],"max_hp_gain":0,"max_hp_loss":0,"event_name":"Scrap Ooze","floor":14,"gold_loss":0}],"is_beta":false,"boss_relics":[],"items_purged_floors":[10],"is_endless":false,"potions_floor_spawned":[1,8,11],"killed_by":"Hexaghost","ascension_level":0}