{"gold_per_floor":[114,114,39,39,39,67,77,77,77,105,118,135,135,154,154,254,254,267,281,293,304,317,317,330,23,99,99,99,99,110,110,110,207,207,222,222,232,232,247,279,279,293,339,214,229,229,249,0,0,0],"floor_reached":51,"playtime":2419,"items_purged":["Strike_R","Regret","Strike_R"],"score":766,"play_id":"a22f4928-accb-4d28-b329-bb054acf9a09","local_time":"20190902185411","is_ascension_mode":false,"campfire_choices":[{"data":"Spot Weakness","floor":8.0,"key":"SMITH"},{"floor":13.0,"key":"REST"},{"data":"Shrug It Off","floor":15.0,"key":"SMITH"},{"floor":23.0,"key":"REST"},{"data":"Thunderclap","floor":29.0,"key":"SMITH"},{"floor":32.0,"key":"REST"},{"floor":41.0,"key":"REST"},{"floor":46.0,"key":"REST"},{"floor":49.0,"key":"REST"}],"neow_cost":"NONE","seed_source_timestamp":133998265974784,"circlet_count":0,"master_deck":["Strike_R","Strike_R","Strike_R","Defend_R","Defend_R","Defend_R","Defend_R","Bash","Shrug It Off+1","Spot Weakness+1","Wild Strike","Cleave","Cleave","Feel No Pain+1","Thunderclap+1","Impervious","True Grit+1","Heavy Blade+1","Reckless Charge","Limit Break+1","Ghostly+1","Ghostly+1","Ghostly+1","Ghostly+1","Ghostly+1","Evolve+1","Demon Form+1","Warcry+1","Twin Strike","Clothesline+1","Body Slam+1","Wild Strike+1","Metallicize+1","Flex+1"],"special_seed":0,"relics":["Burning Blood","NeowsBlessing","Strawberry","Ginger","Blood Vial","Bag of Marbles","Frozen Egg 2","Dodecahedron","Philosopher\u0027s Stone","Lee\u0027s Waffle","Toxic Egg 2","Torii","Lizard Tail","Letter Opener","Red Skull","Red Mask"],"potions_floor_usage":[50],"damage_taken":[{"damage":0.0,"enemies":"Small Slimes","floor":1.0,"turns":1.0},{"damage":2.0,"enemies":"3 Sentries","floor":6.0,"turns":2.0},{"damage":0.0,"enemies":"Cultist","floor":7.0,"turns":1.0},{"damage":26.0,"enemies":"Lagavulin","floor":10.0,"turns":5.0},{"damage":0.0,"enemies":"2 Louse","floor":11.0,"turns":1.0},{"damage":6.0,"enemies":"Gremlin Gang","floor":12.0,"turns":2.0},{"damage":0.0,"enemies":"Lots of Slimes","floor":14.0,"turns":1.0},{"damage":47.0,"enemies":"The Guardian","floor":16.0,"turns":8.0},{"damage":18.0,"enemies":"Spheric Guardian","floor":18.0,"turns":4.0},{"damage":0.0,"enemies":"Chosen","floor":19.0,"turns":4.0},{"damage":26.0,"enemies":"Shelled Parasite and Fungi","floor":20.0,"turns":6.0},{"damage":33.0,"enemies":"3 Cultists","floor":21.0,"turns":7.0},{"damage":23.0,"enemies":"Snecko","floor":22.0,"turns":5.0},{"damage":31.0,"enemies":"Snake Plant","floor":24.0,"turns":5.0},{"damage":27.0,"enemies":"Shelled Parasite and Fungi","floor":30.0,"turns":4.0},{"damage":36.0,"enemies":"Automaton","floor":33.0,"turns":8.0},{"damage":15.0,"enemies":"3 Shapes","floor":35.0,"turns":5.0},{"damage":1.0,"enemies":"Orb Walker","floor":37.0,"turns":5.0},{"damage":32.0,"enemies":"Spire Growth","floor":39.0,"turns":7.0},{"damage":11.0,"enemies":"Nemesis","floor":40.0,"turns":7.0},{"damage":22.0,"enemies":"Sphere and 2 Shapes","floor":42.0,"turns":8.0},{"damage":18.0,"enemies":"Maw","floor":45.0,"turns":8.0},{"damage":21.0,"enemies":"4 Shapes","floor":47.0,"turns":4.0},{"damage":31,"enemies":"Donu and Deca","floor":50,"turns":10}],"seed_played":"486737769947822047","potions_obtained":[{"floor":1.0,"key":"Dexterity Potion"},{"floor":6.0,"key":"FearPotion"},{"floor":7.0,"key":"GamblersBrew"},{"floor":12.0,"key":"Dexterity Potion"},{"floor":20.0,"key":"LiquidBronze"},{"floor":22.0,"key":"Swift Potion"},{"floor":33.0,"key":"EssenceOfSteel"},{"floor":35.0,"key":"Fire Potion"},{"floor":47.0,"key":"Regen Potion"}],"is_trial":false,"path_per_floor":["M","?","$","?","T","E","M","R","T","E","M","M","R","M","R","B",null,"M","M","M","M","M","R","M","$","T","?","?","R","M","T","R","B",null,"M","?","M","?","M","E","R","M","T","$","M","R","M","?","R","B",null],"character_chosen":"IRONCLAD","items_purchased":["Lee\u0027s Waffle"],"campfire_rested":6,"item_purchase_floors":[25],"current_hp_per_floor":[80,87,87,87,87,87,87,87,87,67,75,77,87,87,87,46,87,75,83,65,40,25,51,28,94,94,47,47,47,26,26,40,12,47,38,38,45,45,21,18,32,18,18,18,8,22,9,9,23,38],"gold":0,"neow_bonus":"THREE_ENEMY_KILL","is_prod":false,"is_daily":false,"chose_seed":false,"campfire_upgraded":3,"win_rate":0.0,"timestamp":1567475651,"path_taken":["M","?","?","?","?","E","M","R","T","E","M","M","R","M","R","BOSS","M","?","M","?","M","R","M","$","T","?","?","R","?","?","R","BOSS","M","?","M","?","M","E","R","M","T","$","M","R","M","?","R","BOSS"],"build_version":"2019-07-17","purchased_purges":3,"victory":true,"max_hp_per_floor":[80,87,87,87,87,87,87,87,87,87,87,87,87,87,87,87,87,87,87,87,87,87,87,87,94,94,47,47,47,47,47,47,47,47,47,47,47,47,47,47,47,47,47,47,47,47,47,47,47,47],"card_choices":[{"not_picked":["Blood for Blood","Intimidate"],"picked":"Shrug It Off","floor":1.0},{"not_picked":["Headbutt","Iron Wave"],"picked":"Spot Weakness","floor":6.0},{"not_picked":["True Grit","Warcry"],"picked":"Wild Strike","floor":7.0},{"not_picked":["Body Slam","Headbutt"],"picked":"Cleave","floor":10.0},{"not_picked":["Sword Boomerang","Twin Strike"],"picked":"Cleave","floor":11.0},{"not_picked":["Uppercut","Double Tap"],"picked":"Feel No Pain+1","floor":12.0},{"not_picked":["Twin Strike","Headbutt"],"picked":"Thunderclap","floor":14.0},{"not_picked":["Bludgeon","Offering"],"picked":"Impervious","floor":16.0},{"not_picked":["Seeing Red","Pummel"],"picked":"True Grit+1","floor":18.0},{"not_picked":["Clash","Shrug It Off+1"],"picked":"Heavy Blade+1","floor":19.0},{"not_picked":["Havoc","Searing Blow","Body Slam"],"picked":"SKIP","floor":20.0},{"not_picked":["Perfected Strike","Clothesline"],"picked":"Reckless Charge","floor":21.0},{"not_picked":["Perfected Strike","Twin Strike"],"picked":"Limit Break","floor":22.0},{"not_picked":["Sword Boomerang+1","Shrug It Off"],"picked":"Pommel Strike+1","floor":24.0},{"not_picked":["Headbutt+1","Carnage+1"],"picked":"Evolve+1","floor":30.0},{"not_picked":["Bludgeon","Double Tap+1"],"picked":"Demon Form+1","floor":33.0},{"not_picked":["Cleave","Iron Wave"],"picked":"Warcry+1","floor":35.0},{"not_picked":["Rampage","Armaments+1"],"picked":"Twin Strike","floor":37.0},{"not_picked":["True Grit+1","Entrench+1"],"picked":"Clothesline+1","floor":39.0},{"not_picked":["Pommel Strike+1","Combust+1"],"picked":"Body Slam+1","floor":40.0},{"not_picked":["Thunderclap","Anger+1"],"picked":"Wild Strike+1","floor":42.0},{"not_picked":["Disarm+1","Exhume+1"],"picked":"Metallicize+1","floor":45.0},{"not_picked":["Hemokinesis+1","Pummel+1"],"picked":"Flex+1","floor":47.0}],"player_experience":34473,"relics_obtained":[{"floor":5.0,"key":"Blood Vial"},{"floor":6.0,"key":"Bag of Marbles"},{"floor":9.0,"key":"Frozen Egg 2"},{"floor":10.0,"key":"Dodecahedron"},{"floor":26.0,"key":"Toxic Egg 2"},{"floor":31.0,"key":"Torii"},{"floor":40.0,"key":"Letter Opener"},{"floor":43.0,"key":"Red Skull"}],"event_choices":[{"damage_healed":0.0,"max_hp_gain":0.0,"max_hp_loss":0.0,"gold_gain":0.0,"event_name":"WeMeetAgain","player_choice":"Gave Potion","floor":2.0,"gold_loss":0.0,"damage_taken":0.0,"relics_obtained":["Strawberry"]},{"damage_healed":0.0,"max_hp_gain":0.0,"max_hp_loss":0.0,"gold_gain":0.0,"event_name":"Big Fish","player_choice":"Box","floor":4.0,"gold_loss":0.0,"damage_taken":0.0,"relics_obtained":["Ginger"],"cards_obtained":["Regret"]},{"damage_healed":0.0,"max_hp_gain":0.0,"max_hp_loss":47.0,"gold_gain":0.0,"event_name":"Ghosts","player_choice":"Became a Ghost","floor":27.0,"gold_loss":0.0,"damage_taken":0.0,"cards_obtained":["Ghostly","Ghostly","Ghostly","Ghostly","Ghostly"]},{"damage_healed":0.0,"max_hp_gain":0.0,"max_hp_loss":0.0,"gold_gain":0.0,"event_name":"Upgrade Shrine","player_choice":"Upgraded","floor":28.0,"gold_loss":0.0,"damage_taken":0.0,"cards_upgraded":["Limit Break"]},{"damage_healed":0.0,"max_hp_gain":0.0,"max_hp_loss":0.0,"gold_gain":0.0,"event_name":"Mysterious Sphere","player_choice":"Ignored","floor":36.0,"gold_loss":0.0,"damage_taken":0.0},{"cards_removed":["Pommel Strike"],"damage_healed":0.0,"max_hp_gain":0.0,"max_hp_loss":0.0,"gold_gain":0.0,"event_name":"Falling","player_choice":"Removed Attack","floor":38.0,"gold_loss":0.0,"damage_taken":0.0},{"damage_healed":0.0,"max_hp_gain":0.0,"max_hp_loss":0.0,"gold_gain":0.0,"event_name":"Tomb of Lord Red Mask","player_choice":"Paid","floor":48.0,"gold_loss":249.0,"damage_taken":0.0,"relics_obtained":["Red Mask"]}],"is_beta":false,"boss_relics":[{"not_picked":["Runic Dome","Black Star"],"picked":"Philosopher\u0027s Stone"},{"not_picked":["Orrery","Empty Cage"],"picked":"Lizard Tail"}],"items_purged_floors":[3,25,44],"is_endless":false,"potions_floor_spawned":[1,6,7,12,20,22,33,35,47],"ascension_level":0}