{"gold_per_floor":[111,286,296,36,36,63,77,107,107,107,34,34,34,46,46,149,149,168,0,0,18,18,18],"floor_reached":23,"playtime":2492,"items_purged":["Doubt","Doubt"],"score":247,"play_id":"c2cd95f2-ed7a-4397-9270-f0f575a0603e","local_time":"20190905120953","is_ascension_mode":false,"campfire_choices":[{"floor":12,"key":"REST"},{"floor":15,"key":"REST"}],"neow_cost":"PERCENT_DAMAGE","seed_source_timestamp":1740749574063700,"circlet_count":0,"master_deck":["Strike_R","Strike_R","Strike_R","Strike_R","Strike_R","Defend_R","Defend_R","Defend_R","Defend_R","Bash","Battle Trance","Bloodletting+1","Sever Soul","Flex","Pommel Strike","Shrug It Off","Armaments","Body Slam+1","Reaper+1","Writhe","Writhe","Pommel Strike+1","Bludgeon+1","Ghostly Armor"],"relics":["Burning Blood","Pocketwatch","Incense Burner","Mango","Molten Egg 2","Shuriken","Calling Bell","Ancient Tea Set","Mummified Hand","FossilizedHelix","Enchiridion"],"potions_floor_usage":[23,23,23],"damage_taken":[{"damage":0,"enemies":"Small Slimes","floor":1,"turns":4},{"damage":5,"enemies":"Jaw Worm","floor":3,"turns":7},{"damage":41,"enemies":"Gremlin Nob","floor":6,"turns":5},{"damage":0,"enemies":"2 Louse","floor":7,"turns":4},{"damage":29,"enemies":"3 Sentries","floor":8,"turns":10},{"damage":0,"enemies":"Blue Slaver","floor":14,"turns":7},{"damage":68,"enemies":"Slime Boss","floor":16,"turns":16},{"damage":49,"enemies":"Spheric Guardian","floor":18,"turns":12},{"damage":22,"enemies":"Shell Parasite","floor":21,"turns":5},{"damage":82,"enemies":"Gremlin Leader","floor":23,"turns":6}],"seed_played":"-8991015543444995231","potions_obtained":[{"floor":3,"key":"GamblersBrew"},{"floor":6,"key":"GamblersBrew"},{"floor":14,"key":"SpeedPotion"}],"is_trial":false,"path_per_floor":["M","?","M","$","?","E","M","E","T","T","$","R","?","M","R","B",null,"M","$","?","M","$","E"],"character_chosen":"IRONCLAD","items_purchased":["Sever Soul","Flex","Pommel Strike","BloodPotion","Bludgeon+1"],"campfire_rested":2,"item_purchase_floors":[4,4,4,11,19],"current_hp_per_floor":[78,78,79,79,79,44,50,27,41,41,41,74,62,68,101,39,110,67,67,51,40,40,0],"gold":18,"neow_bonus":"TWENTY_PERCENT_HP_BONUS","is_prod":false,"is_daily":false,"chose_seed":false,"campfire_upgraded":0,"win_rate":0.0,"timestamp":1567699793,"path_taken":["M","?","M","$","?","E","M","E","T","?","$","R","?","M","R","BOSS","M","$","?","M","$","E"],"build_version":"2019-07-17","purchased_purges":2,"victory":false,"max_hp_per_floor":[96,96,96,96,96,96,96,96,110,110,110,110,110,110,110,110,110,110,110,110,110,110,110],"card_choices":[{"not_picked":["Clash","Sword Boomerang"],"picked":"Battle Trance","floor":1},{"not_picked":["Flex","Anger"],"picked":"Bloodletting","floor":3},{"not_picked":["True Grit","Offering"],"picked":"Shrug It Off","floor":6},{"not_picked":["Feel No Pain","Inflame","Flex"],"picked":"SKIP","floor":7},{"not_picked":["Second Wind","Spot Weakness"],"picked":"Armaments","floor":8},{"not_picked":["Cleave+1","Reckless Charge+1"],"picked":"Body Slam+1","floor":14},{"not_picked":["Fiend Fire+1","Berserk"],"picked":"Reaper+1","floor":16},{"not_picked":["Shockwave","Rupture"],"picked":"Pommel Strike+1","floor":18},{"not_picked":["Body Slam+1","Spot Weakness+1"],"picked":"Ghostly Armor","floor":21}],"player_experience":11526,"relics_obtained":[{"floor":6,"key":"Pocketwatch"},{"floor":8,"key":"Incense Burner"},{"floor":9,"key":"Mango"},{"floor":10,"key":"Molten Egg 2"},{"floor":17,"key":"Ancient Tea Set"},{"floor":17,"key":"Mummified Hand"},{"floor":17,"key":"FossilizedHelix"},{"floor":20,"key":"Enchiridion"}],"event_choices":[{"damage_healed":0,"gold_gain":175,"player_choice":"AGREE","damage_taken":0,"max_hp_gain":0,"max_hp_loss":0,"event_name":"Liars Game","floor":2,"gold_loss":0,"cards_obtained":["Doubt"]},{"damage_healed":0,"gold_gain":0,"player_choice":"Grow","damage_taken":0,"max_hp_gain":0,"max_hp_loss":0,"event_name":"Living Wall","floor":5,"gold_loss":0,"cards_upgraded":["Bloodletting"]},{"damage_healed":0,"gold_gain":0,"player_choice":"Success","damage_taken":12,"relics_obtained":["Shuriken"],"max_hp_gain":0,"max_hp_loss":0,"event_name":"Scrap Ooze","floor":13,"gold_loss":0},{"damage_healed":0,"gold_gain":0,"player_choice":"Obtained Book","damage_taken":16,"max_hp_gain":0,"max_hp_loss":0,"event_name":"Cursed Tome","floor":20,"gold_loss":0}],"is_beta":false,"boss_relics":[{"not_picked":["Cursed Key","Astrolabe"],"picked":"Calling Bell"}],"items_purged_floors":[4,19],"is_endless":false,"potions_floor_spawned":[3,6,14],"killed_by":"Gremlin Leader","ascension_level":0}