{"gold_per_floor":[119,137,155,7,21,21,46,46,100,120,154,154,154,185,185,286,286,302,302,552,70,86,116,116,116,139,139,139,39,54,21,21,125,125,142,142,142,0,0,0,0,26,26,53,72,72,85,85,85,85],"floor_reached":51,"playtime":4940,"items_purged":["Strike_G","Strike_G"],"score":936,"play_id":"75234df6-af09-4dcb-b0f7-9373f463d030","local_time":"20180630005409","is_ascension_mode":true,"campfire_choices":[{"floor":6,"key":"REST"},{"floor":8,"key":"REST"},{"floor":15,"key":"REST"},{"floor":25,"key":"REST"},{"floor":27,"key":"REST"},{"floor":32,"key":"REST"},{"data":"Noxious Fumes","floor":40,"key":"SMITH"},{"floor":46,"key":"REST"},{"data":"Noxious Fumes","floor":49,"key":"SMITH"}],"neow_cost":"FIFTY_PERCENT_DAMAGE","seed_source_timestamp":216427797044437,"circlet_count":0,"master_deck":["Defend_G+1","Defend_G","Defend_G","Defend_G+1","Defend_G","Strike_G","Strike_G","Strike_G","Survivor","Neutralize","Tools of the Trade","Flying Knee","Slice","Slice","Noxious Fumes+1","Crippling Poison","Deadly Poison","Prepared","Calculated Gamble","Deflect","Flying Knee","Noxious Fumes+1","Caltrops","Dash","Writhe","Parasite","Dagger Spray","Blur","Die Die Die","Predator+1","Writhe","Good Instincts","Deadly Poison+1","Clumsy","Well Laid Plans+1","Backflip+1","Cloak And Dagger+1","Doubt"],"relics":["Ring of the Snake","Dodecahedron","Omamori","Vajra","Kunai","Cursed Key","Enchiridion","Blood Vial","Shuriken","Pen Nib","Bag of Marbles","Anchor","White Beast Statue","Red Mask","Regal Pillow","Snake Skull","Singing Bowl"],"potions_floor_usage":[7,7,11,16,16,33,42,45,47,50,50,50],"damage_taken":[{"damage":1,"enemies":"Small Slimes","floor":1,"turns":3},{"damage":1,"enemies":"Cultist","floor":2,"turns":4},{"damage":0,"enemies":"2 Louse","floor":3,"turns":3},{"damage":0,"enemies":"Blue Slaver","floor":5,"turns":5},{"damage":10,"enemies":"Gremlin Nob","floor":7,"turns":5},{"damage":19,"enemies":"Exordium Wildlife","floor":10,"turns":4},{"damage":13,"enemies":"Lagavulin","floor":11,"turns":6},{"damage":9,"enemies":"3 Sentries","floor":14,"turns":6},{"damage":0,"enemies":"Hexaghost","floor":16,"turns":9},{"damage":9,"enemies":"Shell Parasite","floor":18,"turns":6},{"damage":17,"enemies":"Spheric Guardian","floor":22,"turns":4},{"damage":25,"enemies":"Gremlin Leader","floor":23,"turns":6},{"damage":12,"enemies":"Centurion and Healer","floor":30,"turns":5},{"damage":14,"enemies":"Collector","floor":33,"turns":8},{"damage":9,"enemies":"3 Shapes","floor":35,"turns":5},{"damage":26,"enemies":"Giant Head","floor":42,"turns":9},{"damage":39,"enemies":"Nemesis","floor":44,"turns":5},{"damage":8,"enemies":"Flame Bruiser 1 Orb","floor":45,"turns":5},{"damage":29,"enemies":"Spire Growth","floor":47,"turns":5},{"damage":69,"enemies":"Awakened One","floor":50,"turns":15}],"seed_played":"6867999270497368791","potions_obtained":[{"floor":1,"key":"Block Potion"},{"floor":5,"key":"FearPotion"},{"floor":7,"key":"SpeedPotion"},{"floor":11,"key":"SpeedPotion"},{"floor":14,"key":"LiquidBronze"},{"floor":30,"key":"PowerPotion"},{"floor":33,"key":"AttackPotion"},{"floor":35,"key":"Poison Potion"},{"floor":42,"key":"FearPotion"},{"floor":44,"key":"LiquidBronze"},{"floor":45,"key":"Swift Potion"},{"floor":47,"key":"Dexterity Potion"}],"is_trial":false,"path_per_floor":["M","M","M","$","M","R","E","R","T","M","E","?","?","E","R","B",null,"M","?","?","$","M","E","?","R","T","R","?","$","M","$","R","B",null,"M","?","?","?","$","R","$","E","T","E","M","R","M","?","R","B"],"character_chosen":"THE_SILENT","items_purchased":["Noxious Fumes","Noxious Fumes","Blood Vial","Shuriken","Blur"],"campfire_rested":7,"item_purchase_floors":[4,21,21,21,31],"current_hp_per_floor":[34,33,33,33,33,54,44,65,65,46,33,50,36,27,48,48,70,61,45,45,45,30,7,7,28,28,49,36,36,26,26,48,36,75,66,75,75,75,75,75,75,49,49,12,6,43,16,75,75,6],"gold":85,"neow_bonus":"THREE_RARE_CARDS","is_prod":false,"is_daily":false,"chose_seed":false,"campfire_upgraded":2,"win_rate":0,"timestamp":1530345249,"path_taken":["M","M","M","$","M","R","E","R","T","M","E","?","?","E","R","BOSS","M","?","?","$","?","E","?","R","T","R","?","$","M","?","R","BOSS","M","?","?","?","$","R","?","E","T","E","?","R","M","?","R","BOSS"],"build_version":"2018-06-28","purchased_purges":2,"victory":true,"max_hp_per_floor":[70,70,70,70,70,70,70,70,70,70,70,70,70,70,70,70,70,70,70,70,70,70,70,70,70,70,70,75,75,75,75,75,75,75,75,75,75,75,75,75,75,75,75,75,75,75,75,75,75,75],"card_choices":[{"not_picked":["A Thousand Cuts","Night Terror"],"picked":"Tools of the Trade","floor":0},{"not_picked":["Endless Agony","Acrobatics"],"picked":"Flying Knee","floor":1},{"not_picked":["Skewer","Acrobatics"],"picked":"Slice","floor":2},{"not_picked":["Skewer","Backflip"],"picked":"Slice","floor":3},{"not_picked":["Flechettes","Bane"],"picked":"Crippling Poison","floor":5},{"not_picked":["Riddle With Holes","Sucker Punch"],"picked":"Deadly Poison","floor":7},{"not_picked":["Catalyst","Underhanded Strike"],"picked":"Prepared","floor":10},{"not_picked":["Underhanded Strike","Finisher"],"picked":"Calculated Gamble","floor":11},{"not_picked":["Dagger Spray","Corpse Explosion"],"picked":"Deflect","floor":14},{"not_picked":["Sucker Punch","Flechettes"],"picked":"Flying Knee","floor":18},{"not_picked":["Concentrate","Crippling Poison"],"picked":"Caltrops","floor":22},{"not_picked":["Riddle With Holes+1","Distraction"],"picked":"Dash","floor":23},{"not_picked":["Storm of Steel","Crippling Poison"],"picked":"Dagger Spray","floor":30},{"not_picked":["Corpse Explosion","Bullet Time"],"picked":"Die Die Die","floor":33},{"not_picked":["Acrobatics","Finisher+1"],"picked":"Predator+1","floor":35},{"not_picked":["Mind Blast","Panache"],"picked":"Good Instincts","floor":37},{"not_picked":["Dagger Throw+1","Dagger Spray"],"picked":"Deadly Poison+1","floor":42},{"not_picked":["Predator","Acrobatics"],"picked":"Well Laid Plans+1","floor":44},{"not_picked":["Flechettes","Distraction+1"],"picked":"Backflip+1","floor":45},{"not_picked":["Acrobatics","Endless Agony+1"],"picked":"Cloak And Dagger+1","floor":47}],"player_experience":145314,"relics_obtained":[{"floor":7,"key":"Dodecahedron"},{"floor":9,"key":"Omamori"},{"floor":11,"key":"Vajra"},{"floor":14,"key":"Kunai"},{"floor":19,"key":"Enchiridion"},{"floor":23,"key":"Pen Nib"},{"floor":26,"key":"Anchor"},{"floor":42,"key":"Regal Pillow"},{"floor":43,"key":"Snake Skull"},{"floor":44,"key":"Singing Bowl"}],"event_choices":[{"event_name":"Mushrooms","player_choice":"Healed and dodged fight","floor":12,"damage_taken":0},{"event_name":"Shining Light","player_choice":"Entered Light","floor":13,"damage_taken":0},{"event_name":"Cursed Tome","player_choice":"Obtained Book","floor":19,"damage_taken":0},{"event_name":"Golden Shrine","player_choice":"Desecrate","floor":20,"damage_taken":0},{"event_name":"The Mausoleum","player_choice":"Yes","floor":24,"damage_taken":0},{"event_name":"Forgotten Altar","player_choice":"Shed Blood","floor":28,"damage_taken":0},{"event_name":"Winding Halls","player_choice":"Writhe","floor":36,"damage_taken":0},{"event_name":"SensoryStone","player_choice":"Memory 1","floor":37,"damage_taken":0},{"event_name":"Tomb of Lord Red Mask","player_choice":"Paid","floor":38,"damage_taken":0},{"event_name":"MindBloom","player_choice":"Heal","floor":48,"damage_taken":0}],"boss_relics":[{"not_picked":["Runic Dome","Velvet Choker"],"picked":"Cursed Key"},{"not_picked":["Orrery","Runic Pyramid"],"picked":"White Beast Statue"}],"items_purged_floors":[4,29],"is_endless":false,"potions_floor_spawned":[1,5,7,11,14,30,33,35,42,44,45,47],"ascension_level":2}