{"path_per_floor":["M","M","M","M","$","E","R","E","T","?","E","?","M","M","R","B",null,"M","?","?","M","$","R","$","R","T","M","M","?","R","M","R","B",null,"M","$","M","T","$","R","?","R","T","M","?","M","R","M","R"],"character_chosen":"THE_SILENT","items_purchased":["Noxious Fumes","Infinite Blades","Vajra","Cloak And Dagger"],"gold_per_floor":[118,128,142,153,73,101,101,130,130,130,163,163,178,192,192,292,292,304,304,304,319,169,169,69,69,69,89,103,103,103,118,118,220,220,237,90,101,101,74,74,174,174,174,189,189,209,209,221,221,221],"floor_reached":50,"campfire_rested":7,"playtime":4982,"item_purchase_floors":[5,22,36,39],"current_hp_per_floor":[70,69,69,69,69,51,51,42,42,42,29,22,20,20,41,30,70,50,50,50,34,34,34,34,34,34,20,6,6,27,23,44,21,70,28,28,12,12,12,33,33,54,54,41,41,41,62,41,62,0],"items_purged":["Strike_G","Regret"],"gold":221,"score":510,"play_id":"bc04fdf1-7c34-4ef9-8029-79224e6a0c73","local_time":"20180612204423","is_prod":false,"is_daily":false,"chose_seed":false,"is_ascension_mode":true,"campfire_upgraded":1,"win_rate":0,"timestamp":1528861463,"campfire_choices":[{"data":"Noxious Fumes","floor":7,"key":"SMITH"},{"floor":15,"key":"REST"},{"data":"1","floor":23,"key":"LIFT"},{"data":"2","floor":25,"key":"LIFT"},{"floor":30,"key":"REST"},{"floor":32,"key":"REST"},{"floor":40,"key":"REST"},{"floor":42,"key":"REST"},{"floor":47,"key":"REST"},{"floor":49,"key":"REST"}],"path_taken":["M","M","M","M","$","E","R","E","T","?","E","?","M","M","R","BOSS","M","?","?","M","?","R","$","R","T","M","M","?","R","M","R","BOSS","M","$","M","?","$","R","?","R","T","?","?","M","R","M","R","BOSS"],"build_version":"2018-06-11","seed_source_timestamp":199828838967217,"purchased_purges":2,"victory":false,"master_deck":["Defend_G","Defend_G","Defend_G","Defend_G","Defend_G","Strike_G","Strike_G","Survivor","Neutralize","Cloak And Dagger","Acrobatics","Deadly Poison","Poisoned Stab","Blur","Noxious Fumes+1","Infinite Blades+1","PiercingWail","Injury","Footwork","Prepared","Tools of the Trade","Adrenaline","Doubt","Injury","Flying Knee+1","Burst","Choke","Accuracy","Flying Knee+1","Infinite Blades","Poisoned Stab","Catalyst","Backflip","Envenom","Outmaneuver","Deadly Poison","Cloak And Dagger","Backflip+1","Outmaneuver","Underhanded Strike"],"max_hp_per_floor":[70,70,70,70,70,70,70,70,70,70,70,70,70,70,70,70,70,70,70,70,70,70,70,70,70,70,70,70,70,70,70,70,70,70,70,70,70,70,70,70,70,70,70,70,70,70,70,70,70,70],"special_seed":0,"relics":["Ring of the Snake","Bag of Preparation","Girya","The Specimen","Peace Pipe","Calling Bell","Ancient Tea Set","Kunai","Unceasing Top","Question Card","Busted Crown","Vajra","Bottled Lightning","Darkstone Periapt"],"card_choices":[{"not_picked":["Skewer","Quick Slash"],"picked":"Acrobatics","floor":1},{"not_picked":["Outmaneuver","Flechettes"],"picked":"Deadly Poison","floor":2},{"not_picked":["Quick Slash","Terror"],"picked":"Poisoned Stab","floor":3},{"not_picked":["PiercingWail","Underhanded Strike"],"picked":"Blur","floor":4},{"not_picked":["Bane","Dagger Throw"],"picked":"Infinite Blades","floor":6},{"not_picked":["Sucker Punch","Riddle With Holes"],"picked":"PiercingWail","floor":8},{"not_picked":["Blur","Catalyst"],"picked":"Footwork","floor":11},{"not_picked":["Malaise","Eviscerate"],"picked":"Prepared","floor":13},{"not_picked":["Finisher","Terror"],"picked":"Tools of the Trade","floor":14},{"not_picked":["Die Die Die","A Thousand Cuts"],"picked":"Adrenaline","floor":16},{"not_picked":["Finisher","Sucker Punch"],"picked":"Flying Knee+1","floor":18},{"not_picked":["Malaise","Flechettes"],"picked":"Flying Knee+1","floor":21},{"not_picked":["Deflect","Escape Plan","Deadly Poison"],"picked":"Poisoned Stab","floor":27},{"not_picked":["Crippling Poison","Slice+1","Flechettes"],"picked":"Catalyst","floor":28},{"not_picked":["Bane","Acrobatics+1","Slice"],"picked":"Backflip","floor":31},{"not_picked":["Burst","Storm of Steel","Night Terror"],"picked":"Envenom","floor":33},{"not_picked":["Acrobatics"],"picked":"Outmaneuver","floor":35},{"not_picked":["Riddle With Holes+1"],"picked":"Deadly Poison","floor":37},{"not_picked":["Sucker Punch+1"],"picked":"Backflip+1","floor":44},{"not_picked":["Endless Agony+1"],"picked":"Outmaneuver","floor":46},{"not_picked":["Flying Knee"],"picked":"Underhanded Strike","floor":48}],"player_experience":113213,"potions_floor_usage":[6,16,28,33,44,50,50,50],"damage_taken":[{"damage":0,"enemies":"Small Slimes","floor":1,"turns":4},{"damage":1,"enemies":"Cultist","floor":2,"turns":5},{"damage":0,"enemies":"Jaw Worm","floor":3,"turns":4},{"damage":0,"enemies":"Blue Slaver","floor":4,"turns":4},{"damage":18,"enemies":"Gremlin Nob","floor":6,"turns":5},{"damage":9,"enemies":"3 Sentries","floor":8,"turns":7},{"damage":13,"enemies":"Gremlin Nob","floor":11,"turns":4},{"damage":2,"enemies":"3 Louse","floor":13,"turns":3},{"damage":0,"enemies":"2 Fungi Beasts","floor":14,"turns":4},{"damage":11,"enemies":"The Guardian","floor":16,"turns":10},{"damage":20,"enemies":"Spheric Guardian","floor":18,"turns":6},{"damage":16,"enemies":"Chosen","floor":21,"turns":6},{"damage":14,"enemies":"Sentry and Sphere","floor":27,"turns":6},{"damage":14,"enemies":"Cultist and Chosen","floor":28,"turns":7},{"damage":4,"enemies":"Snecko","floor":31,"turns":4},{"damage":23,"enemies":"Champ","floor":33,"turns":10},{"damage":42,"enemies":"3 Darklings","floor":35,"turns":6},{"damage":16,"enemies":"Flame Bruiser 1 Orb","floor":37,"turns":5},{"damage":13,"enemies":"Spire Growth","floor":44,"turns":5},{"damage":0,"enemies":"4 Shapes","floor":46,"turns":5},{"damage":21,"enemies":"Maw","floor":48,"turns":7},{"damage":74,"enemies":"Donu and Deca","floor":50,"turns":7}],"relics_obtained":[{"floor":6,"key":"Bag of Preparation"},{"floor":8,"key":"Girya"},{"floor":9,"key":"The Specimen"},{"floor":11,"key":"Peace Pipe"},{"floor":17,"key":"Ancient Tea Set"},{"floor":17,"key":"Kunai"},{"floor":17,"key":"Unceasing Top"},{"floor":26,"key":"Question Card"},{"floor":38,"key":"Bottled Lightning"},{"floor":43,"key":"Darkstone Periapt"}],"event_choices":[{"event_name":"Accursed Blacksmith","player_choice":"Forge","floor":10,"damage_taken":0},{"event_name":"Golden Wing","player_choice":"Card Removal","floor":12,"damage_taken":0},{"event_name":"Match and Keep!","player_choice":"2 cards matched","floor":19,"damage_taken":0},{"event_name":"The Library","player_choice":"Read","floor":20,"damage_taken":0},{"event_name":"Drug Dealer","player_choice":"Ignored","floor":29,"damage_taken":0},{"event_name":"Golden Shrine","player_choice":"Pray","floor":41,"damage_taken":0},{"event_name":"Mysterious Sphere","player_choice":"Ignore","floor":45,"damage_taken":0}],"boss_relics":[{"not_picked":["Orrery","Pandora\u0027s Box"],"picked":"Calling Bell"},{"not_picked":["Lizard Tail","Sozu"],"picked":"Busted Crown"}],"items_purged_floors":[22,24],"potions_floor_spawned":[3,13,14,21,28,31,35,37,44,48],"seed_played":"2480527927880407792","killed_by":"Donu and Deca","ascension_level":1,"potions_obtained":[{"floor":3,"key":"Weak Potion"},{"floor":13,"key":"SneckoOil"},{"floor":14,"key":"Block Potion"},{"floor":21,"key":"Weak Potion"},{"floor":28,"key":"GhostInAJar"},{"floor":31,"key":"PowerPotion"},{"floor":35,"key":"Explosive Potion"},{"floor":37,"key":"PowerPotion"},{"floor":44,"key":"SneckoOil"},{"floor":48,"key":"Ancient Potion"}],"is_trial":false}