{"gold_per_floor":[369,389,32,32,45,45,45,45,45,45,45,45,27,27,27,131,131,144,144,69,0,54,84,103,103,103,103,103,113,113,126,126,126],"floor_reached":33,"playtime":2813,"items_purged":["Regret"],"score":251,"play_id":"9aaa7dc9-1279-4e8d-9112-d56221ef03b8","local_time":"20190813130042","is_ascension_mode":false,"campfire_choices":[{"floor":6.0,"key":"REST"},{"data":"Backflip","floor":8.0,"key":"SMITH"},{"data":"Dodge and Roll","floor":10.0,"key":"SMITH"},{"data":"Footwork","floor":12.0,"key":"SMITH"},{"data":"Neutralize","floor":15.0,"key":"SMITH"},{"floor":25,"key":"REST"},{"floor":28,"key":"REST"},{"data":"Survivor","floor":30,"key":"SMITH"},{"floor":32,"key":"REST"}],"neow_cost":"PERCENT_DAMAGE","seed_source_timestamp":0,"circlet_count":0,"master_deck":["Strike_G","Strike_G","Strike_G","Strike_G","Strike_G","Defend_G","Defend_G","Defend_G","Defend_G","Survivor+1","Neutralize+1","Dodge and Roll+1","Backflip+1","Footwork+1","Catalyst+1","Injury","Shame"],"special_seed":0,"relics":["Ring of the Snake","Chemical X","Bag of Preparation","Singing Bowl","Toxic Egg 2","Cursed Key","PreservedInsect","Bag of Marbles","Dodecahedron","MutagenicStrength"],"potions_floor_usage":[29,29,31,33],"damage_taken":[{"damage":0.0,"enemies":"Jaw Worm","floor":1.0,"turns":4.0},{"damage":2.0,"enemies":"Cultist","floor":2.0,"turns":6.0},{"damage":1.0,"enemies":"Small Slimes","floor":5.0,"turns":4.0},{"damage":2.0,"enemies":"Exordium Thugs","floor":13.0,"turns":5.0},{"damage":37.0,"enemies":"The Guardian","floor":16.0,"turns":30.0},{"damage":7,"enemies":"3 Byrds","floor":18,"turns":12},{"damage":32,"enemies":"Slavers","floor":23,"turns":15},{"damage":13,"enemies":"Chosen","floor":24,"turns":10},{"damage":5,"enemies":"Shelled Parasite and Fungi","floor":29,"turns":18},{"damage":57,"enemies":"3 Cultists","floor":31,"turns":11},{"damage":44,"enemies":"Collector","floor":33,"turns":8}],"seed_played":"87806265067290390","potions_obtained":[{"floor":2.0,"key":"SpeedPotion"},{"floor":5.0,"key":"Swift Potion"},{"floor":24,"key":"Fire Potion"},{"floor":29,"key":"AttackPotion"}],"is_trial":false,"path_per_floor":["M","M","$","?","M","R","?","R","T","R","$","R","M","$","R","B",null,"M","?","$","?","T","E","M","R","T","?","R","M","R","M","R","B"],"character_chosen":"THE_SILENT","items_purchased":["Chemical X","Bag of Preparation"],"campfire_rested":4,"item_purchase_floors":[3,3],"current_hp_per_floor":[49,47,47,47,46,67,67,67,67,67,67,67,67,67,67,32,74,69,69,69,69,69,39,28,52,52,52,76,73,73,18,43,0],"gold":126,"neow_bonus":"TWO_FIFTY_GOLD","is_prod":false,"is_daily":false,"chose_seed":false,"campfire_upgraded":5,"win_rate":0.0,"timestamp":1565719242,"path_taken":["M","M","$","?","?","R","?","R","T","R","?","R","M","$","R","BOSS","M","?","$","?","?","E","M","R","T","?","R","?","R","M","R","BOSS"],"build_version":"2019-07-17","purchased_purges":1,"victory":false,"max_hp_per_floor":[70,70,70,70,70,70,70,70,70,70,70,70,72,72,72,74,74,76,76,76,76,76,78,80,80,80,80,80,82,82,84,84,84],"card_choices":[{"not_picked":["Dagger Throw","PiercingWail"],"picked":"Dodge and Roll","floor":1.0},{"not_picked":["PiercingWail","Acrobatics"],"picked":"Backflip","floor":2.0},{"not_picked":["Cloak And Dagger","Bane"],"picked":"Footwork","floor":5.0},{"not_picked":["Blade Dance+1","Calculated Gamble+1","Acrobatics+1"],"picked":"Singing Bowl","floor":13.0},{"not_picked":["Doppelganger+1","Night Terror+1","Unload"],"picked":"Singing Bowl","floor":16.0},{"not_picked":["Flechettes","Deadly Poison+1","Skewer"],"picked":"Singing Bowl","floor":18},{"not_picked":["Sucker Punch","All Out Attack","Dodge and Roll+1"],"picked":"Singing Bowl","floor":23},{"not_picked":["Dagger Spray+1","Flying Knee+1","Quick Slash"],"picked":"Singing Bowl","floor":24},{"not_picked":["Endless Agony+1","Underhanded Strike","Blur+1"],"picked":"Singing Bowl","floor":29},{"not_picked":["Masterful Stab","Underhanded Strike","Blur+1"],"picked":"Singing Bowl","floor":31}],"player_experience":166973,"relics_obtained":[{"floor":9.0,"key":"Toxic Egg 2"},{"floor":22,"key":"PreservedInsect"},{"floor":23,"key":"Bag of Marbles"},{"floor":26,"key":"Dodecahedron"}],"event_choices":[{"cards_removed":["Defend_G"],"damage_healed":0.0,"max_hp_gain":0.0,"max_hp_loss":0.0,"gold_gain":0.0,"event_name":"Purifier","player_choice":"Purged","floor":4.0,"gold_loss":0.0,"damage_taken":0.0},{"damage_healed":0.0,"max_hp_gain":0.0,"max_hp_loss":0.0,"gold_gain":0.0,"event_name":"Big Fish","player_choice":"Box","floor":7.0,"gold_loss":0.0,"damage_taken":0.0,"relics_obtained":["Singing Bowl"],"cards_obtained":["Regret"]},{"damage_healed":0,"gold_gain":0,"player_choice":"Read","damage_taken":0,"max_hp_gain":0,"max_hp_loss":0,"event_name":"The Library","floor":19,"gold_loss":0,"cards_obtained":["Catalyst"]},{"damage_healed":0,"gold_gain":0,"player_choice":"Paid Fearfully","damage_taken":0,"max_hp_gain":0,"max_hp_loss":0,"event_name":"Masked Bandits","floor":21,"gold_loss":69},{"damage_healed":0,"gold_gain":0,"player_choice":"Inject Mutagens","damage_taken":0,"relics_obtained":["MutagenicStrength"],"max_hp_gain":0,"max_hp_loss":0,"event_name":"Drug Dealer","floor":27,"gold_loss":0}],"is_beta":false,"boss_relics":[{"not_picked":["Orrery","Velvet Choker"],"picked":"Cursed Key"}],"items_purged_floors":[20],"is_endless":false,"potions_floor_spawned":[2,5,24,29],"killed_by":"Collector","ascension_level":0}