{"gold_per_floor":[15,32,50,68,78,107,107,137,137,62,80,113,132,157,157,254,284,301,301,301,312,312,312,312],"floor_reached":24,"playtime":2083,"items_purged":["Defend_R"],"score":298,"play_id":"e384979b-1c57-4365-8823-6507dfe18f4f","local_time":"20190122220624","is_ascension_mode":true,"campfire_choices":[{"floor":7,"key":"REST"},{"data":"Metallicize","floor":15,"key":"SMITH"},{"floor":23,"key":"REST"}],"neow_cost":"NO_GOLD","seed_source_timestamp":997266870044667,"circlet_count":0,"master_deck":["Strike_R","Strike_R","Strike_R","Defend_R","Defend_R","Defend_R","Bash","Armaments","Clash","Armaments","Twin Strike","Perfected Strike","Spot Weakness","Metallicize+1","Warcry","Rage","Ghostly Armor","Pummel","Demon Form","Shame","Pain","Decay","Writhe","Iron Wave"],"relics":["Burning Blood","Sundial","Orichalcum","Gremlin Horn","The Courier","Odd Mushroom","Calling Bell","Tiny Chest","Pear","Dead Branch","Toxic Egg 2","Bottled Lightning"],"potions_floor_usage":[6,8,16,21,21],"damage_taken":[{"damage":1,"enemies":"Cultist","floor":1,"turns":3},{"damage":0,"enemies":"Jaw Worm","floor":2,"turns":4},{"damage":6,"enemies":"2 Louse","floor":3,"turns":2},{"damage":7,"enemies":"Looter","floor":4,"turns":3},{"damage":12,"enemies":"Gremlin Gang","floor":5,"turns":5},{"damage":25,"enemies":"3 Sentries","floor":6,"turns":9},{"damage":16,"enemies":"Gremlin Nob","floor":8,"turns":3},{"damage":1,"enemies":"3 Louse","floor":11,"turns":3},{"damage":11,"enemies":"3 Sentries","floor":12,"turns":6},{"damage":9,"enemies":"Large Slime","floor":13,"turns":5},{"damage":7,"enemies":"The Mushroom Lair","floor":14,"turns":4},{"damage":28,"enemies":"Hexaghost","floor":16,"turns":10},{"damage":22,"enemies":"Spheric Guardian","floor":18,"turns":4},{"damage":16,"enemies":"3 Byrds","floor":21,"turns":6},{"damage":67,"enemies":"Slavers","floor":24,"turns":6}],"seed_played":"6856112515574702607","potions_obtained":[{"floor":2,"key":"Strength Potion"},{"floor":5,"key":"GamblersBrew"},{"floor":8,"key":"Swift Potion"},{"floor":11,"key":"EssenceOfSteel"},{"floor":13,"key":"GamblersBrew"}],"is_trial":false,"path_per_floor":["?","?","?","T"],"character_chosen":"IRONCLAD","items_purchased":[],"campfire_rested":2,"item_purchase_floors":[],"current_hp_per_floor":[80,80,80,79,73,54,78,68,68,68,73,68,65,64,64,42,81,65,47,47,37,37,65,0],"gold":312,"neow_bonus":"REMOVE_TWO","is_prod":false,"is_daily":false,"chose_seed":false,"campfire_upgraded":1,"win_rate":0,"timestamp":1548223584,"path_taken":["M","M","M","M","M","E","R","E","T","$","M","E","M","?","R","BOSS","M","?","?","M","?","R","E"],"build_version":"2019-01-22","purchased_purges":1,"victory":false,"max_hp_per_floor":[80,80,80,80,80,80,80,80,80,80,80,80,80,80,80,80,90,90,95,95,95,95,95,95],"card_choices":[{"not_picked":["Carnage","Anger"],"picked":"Armaments","floor":1},{"not_picked":["Wild Strike","Blood for Blood"],"picked":"Clash","floor":2},{"not_picked":["Clothesline","Havoc"],"picked":"Armaments","floor":3},{"not_picked":["Blood for Blood","Armaments"],"picked":"Twin Strike","floor":4},{"not_picked":["Havoc","Twin Strike"],"picked":"Perfected Strike","floor":5},{"not_picked":["Heavy Blade","Body Slam"],"picked":"Spot Weakness","floor":6},{"not_picked":["Sentinel","Cleave"],"picked":"Metallicize","floor":8},{"not_picked":["Power Through","Headbutt"],"picked":"Warcry","floor":11},{"not_picked":["Pommel Strike","Sever Soul"],"picked":"Rage","floor":12},{"not_picked":["Rage","Sword Boomerang"],"picked":"Ghostly Armor","floor":13},{"not_picked":["True Grit","Exhume"],"picked":"Pummel","floor":14},{"not_picked":["Dark Embrace","Reaper"],"picked":"Demon Form","floor":16},{"not_picked":["Clothesline","Body Slam","Intimidate"],"picked":"SKIP","floor":18},{"not_picked":["Pommel Strike","Headbutt"],"picked":"Iron Wave","floor":21}],"player_experience":229959,"relics_obtained":[{"floor":6,"key":"Sundial"},{"floor":8,"key":"Orichalcum"},{"floor":9,"key":"Gremlin Horn"},{"floor":12,"key":"The Courier"},{"floor":14,"key":"Odd Mushroom"},{"floor":17,"key":"Tiny Chest"},{"floor":17,"key":"Pear"},{"floor":17,"key":"Dead Branch"},{"floor":22,"key":"Bottled Lightning"}],"event_choices":[{"damage_healed":0,"gold_gain":0,"player_choice":"Fought Mushrooms","damage_taken":0,"max_hp_gain":0,"max_hp_loss":0,"event_name":"Mushrooms","floor":14,"gold_loss":0},{"damage_healed":0,"gold_gain":0,"player_choice":"Shed Blood","damage_taken":23,"max_hp_gain":5,"max_hp_loss":0,"event_name":"Forgotten Altar","floor":19,"gold_loss":0},{"damage_healed":0,"gold_gain":0,"player_choice":"Opened","damage_taken":0,"relics_obtained":["Toxic Egg 2"],"max_hp_gain":0,"max_hp_loss":0,"event_name":"The Mausoleum","floor":20,"gold_loss":0,"cards_obtained":["Writhe"]}],"is_beta":true,"boss_relics":[{"not_picked":["Eternal Feather","Runic Dome"],"picked":"Calling Bell"}],"items_purged_floors":[10],"is_endless":false,"potions_floor_spawned":[2,5,8,11,13],"killed_by":"Slavers","ascension_level":5}