{"gold_per_floor":[13,13,13,13,188,188,205,225,225,238,252,222,222,240,240,345,345,358,374,374,385,310,310,330,330],"floor_reached":25,"playtime":1876,"items_purged":[],"score":197,"play_id":"d92cc730-7c5d-42c9-b239-42ddf2e4dea1","local_time":"20190816202036","is_ascension_mode":false,"campfire_choices":[{"data":"Neutralize","floor":6,"key":"SMITH"},{"floor":15,"key":"REST"},{"floor":23,"key":"REST"}],"neow_cost":"NO_GOLD","seed_source_timestamp":35183562232939,"circlet_count":0,"master_deck":["Strike_G","Strike_G","Defend_G","Defend_G","Defend_G","Defend_G","Survivor","Neutralize+1","Noxious Fumes+1","Doubt","Escape Plan","Terror","Acrobatics","Deadly Poison","Calculated Gamble","Outmaneuver","Die Die Die","Expertise","Cloak And Dagger+1","Expertise","Calculated Gamble","PiercingWail"],"relics":["Ring of the Snake","Gremlin Horn","Runic Pyramid"],"potions_floor_usage":[12,21],"damage_taken":[{"damage":0,"enemies":"Cultist","floor":1,"turns":5},{"damage":0,"enemies":"Small Slimes","floor":7,"turns":5},{"damage":0,"enemies":"Jaw Worm","floor":8,"turns":5},{"damage":0,"enemies":"Blue Slaver","floor":10,"turns":5},{"damage":24,"enemies":"Lots of Slimes","floor":11,"turns":4},{"damage":0,"enemies":"Looter","floor":12,"turns":4},{"damage":9,"enemies":"3 Louse","floor":14,"turns":4},{"damage":42,"enemies":"Hexaghost","floor":16,"turns":10},{"damage":0,"enemies":"Chosen","floor":18,"turns":6},{"damage":26,"enemies":"Spheric Guardian","floor":19,"turns":6},{"damage":31,"enemies":"Snecko","floor":20,"turns":7},{"damage":11,"enemies":"Sentry and Sphere","floor":21,"turns":5},{"damage":21,"enemies":"Snake Plant","floor":24,"turns":6},{"damage":11,"enemies":"Snecko","floor":25,"turns":5}],"seed_played":"-7572084898042668471","potions_obtained":[{"floor":8,"key":"Regen Potion"},{"floor":10,"key":"Block Potion"},{"floor":11,"key":"Swift Potion"},{"floor":13,"key":"Strength Potion"},{"floor":21,"key":"EssenceOfSteel"}],"is_trial":false,"path_per_floor":["M","?","?","?","?","R","M","M","T","M","M","M","?","M","R","B",null,"M","M","M","M","?","R","M","M"],"character_chosen":"THE_SILENT","items_purchased":[],"campfire_rested":2,"item_purchase_floors":[],"current_hp_per_floor":[70,70,75,68,68,68,68,68,68,68,44,58,58,49,71,29,75,75,49,18,7,7,29,8,0],"gold":330,"neow_bonus":"REMOVE_TWO","is_prod":false,"is_daily":false,"chose_seed":false,"campfire_upgraded":1,"win_rate":0.0,"timestamp":1566004836,"path_taken":["M","?","?","?","?","R","M","M","T","?","M","M","?","M","R","BOSS","M","M","M","?","?","R","M","M"],"build_version":"2019-07-17","purchased_purges":0,"victory":false,"max_hp_per_floor":[70,70,75,75,75,75,75,75,75,75,75,75,75,75,75,75,75,75,75,75,75,75,75,75,75],"card_choices":[{"not_picked":["Outmaneuver","Prepared"],"picked":"Noxious Fumes","floor":1},{"not_picked":["Endless Agony","Dagger Spray"],"picked":"Escape Plan","floor":7},{"not_picked":["Heel Hook","Underhanded Strike"],"picked":"Terror","floor":8},{"not_picked":["Underhanded Strike","Riddle With Holes"],"picked":"Acrobatics","floor":10},{"not_picked":["Concentrate","Sucker Punch"],"picked":"Deadly Poison","floor":11},{"not_picked":["Sucker Punch","Slice"],"picked":"Calculated Gamble","floor":12},{"not_picked":["Sucker Punch","Deadly Poison"],"picked":"Outmaneuver","floor":14},{"not_picked":["Phantasmal Killer","Burst"],"picked":"Die Die Die","floor":16},{"not_picked":["Prepared","Eviscerate"],"picked":"Expertise","floor":18},{"not_picked":["Poisoned Stab+1","Dagger Spray"],"picked":"Cloak And Dagger+1","floor":19},{"not_picked":["Blade Dance+1","Bane"],"picked":"Expertise","floor":20},{"not_picked":["Quick Slash","Poisoned Stab"],"picked":"Calculated Gamble","floor":21},{"not_picked":["Doppelganger","Dagger Spray"],"picked":"PiercingWail","floor":24}],"player_experience":185329,"relics_obtained":[{"floor":9,"key":"Gremlin Horn"}],"event_choices":[{"damage_healed":0,"gold_gain":0,"player_choice":"Grow","damage_taken":0,"max_hp_gain":0,"max_hp_loss":0,"event_name":"Living Wall","floor":2,"gold_loss":0,"cards_upgraded":["Noxious Fumes"]},{"damage_healed":0,"gold_gain":0,"player_choice":"Donut","damage_taken":0,"max_hp_gain":5,"max_hp_loss":0,"event_name":"Big Fish","floor":3,"gold_loss":0},{"cards_removed":["Strike_G"],"damage_healed":0,"gold_gain":0,"player_choice":"Card Removal","damage_taken":7,"max_hp_gain":0,"max_hp_loss":0,"event_name":"Golden Wing","floor":4,"gold_loss":0},{"damage_healed":0,"gold_gain":175,"player_choice":"AGREE","damage_taken":0,"max_hp_gain":0,"max_hp_loss":0,"event_name":"Liars Game","floor":5,"gold_loss":0,"cards_obtained":["Doubt"]},{"damage_healed":0,"gold_gain":0,"player_choice":"Got Potions","damage_taken":0,"max_hp_gain":0,"max_hp_loss":0,"event_name":"Lab","floor":13,"gold_loss":0},{"cards_removed":["Strike_G"],"damage_healed":0,"gold_gain":0,"player_choice":"Gave Gold","damage_taken":0,"max_hp_gain":0,"max_hp_loss":0,"event_name":"Beggar","floor":22,"gold_loss":75}],"is_beta":false,"boss_relics":[{"not_picked":["Velvet Choker","Ring of the Serpent"],"picked":"Runic Pyramid"}],"items_purged_floors":[],"is_endless":false,"potions_floor_spawned":[8,10,11,18,19,21],"killed_by":"Snecko","ascension_level":0}