{"gold_per_floor":[119,134,134,149,149,180,180,221,221,221,264,46,67,80,80,204,204,220,241,266,6,21,21],"floor_reached":23,"playtime":2189,"items_purged":["Injury"],"score":238,"play_id":"e24cb916-2dad-4834-bdf1-c94e674e3a7e","local_time":"20190126140650","is_ascension_mode":false,"campfire_choices":[{"floor":7,"key":"REST"},{"floor":15,"key":"REST"}],"neow_cost":"NONE","seed_source_timestamp":1313980970853804,"circlet_count":0,"master_deck":["Strike_R","Strike_R","Strike_R","Defend_R","Defend_R","Defend_R","Defend_R","Bash","Bludgeon","Pummel","Warcry","Rupture","Shrug It Off","Brutality","Impervious","Heavy Blade","Shrug It Off","Rampage","Twin Strike","Feed","Metallicize","Fire Breathing","Cleave","Battle Trance+1"],"relics":["Burning Blood","Golden Idol","Calipers","Torii","Orichalcum","Shovel","Champion Belt","Empty Cage","Pear"],"potions_floor_usage":[6,18,18,19],"damage_taken":[{"damage":3,"enemies":"Small Slimes","floor":1,"turns":2},{"damage":1,"enemies":"Jaw Worm","floor":2,"turns":3},{"damage":4,"enemies":"2 Louse","floor":4,"turns":3},{"damage":26,"enemies":"Lagavulin","floor":6,"turns":6},{"damage":14,"enemies":"3 Sentries","floor":8,"turns":11},{"damage":30,"enemies":"Lagavulin","floor":11,"turns":8},{"damage":1,"enemies":"2 Fungi Beasts","floor":13,"turns":4},{"damage":1,"enemies":"Exordium Wildlife","floor":14,"turns":5},{"damage":23,"enemies":"The Guardian","floor":16,"turns":12},{"damage":21,"enemies":"2 Thieves","floor":18,"turns":5},{"damage":21,"enemies":"Chosen","floor":19,"turns":6},{"damage":17,"enemies":"Centurion and Healer","floor":20,"turns":8},{"damage":17,"enemies":"Snake Plant","floor":22,"turns":3},{"damage":61,"enemies":"Gremlin Leader","floor":23,"turns":10}],"seed_played":"3567140097855365347","potions_obtained":[{"floor":1,"key":"FearPotion"},{"floor":4,"key":"LiquidBronze"},{"floor":13,"key":"Poison Potion"},{"floor":16,"key":"Ancient Potion"},{"floor":18,"key":"Ancient Potion"},{"floor":20,"key":"Swift Potion"}],"is_trial":false,"path_per_floor":["M","M","?","M","?","E","R","E","T","?","E","$","M","M","R","B",null,"M","M","M","$","M","E"],"character_chosen":"IRONCLAD","items_purchased":["Heavy Blade","Shrug It Off","Rampage","Pear"],"campfire_rested":2,"item_purchase_floors":[12,12,12,21],"current_hp_per_floor":[80,80,80,80,55,35,59,51,51,51,27,27,32,37,61,44,80,65,53,45,55,44,0],"gold":21,"neow_bonus":"ONE_RANDOM_RARE_CARD","is_prod":false,"is_daily":false,"chose_seed":false,"campfire_upgraded":0,"win_rate":0,"timestamp":1548540410,"path_taken":["M","M","?","M","?","E","R","E","T","?","E","$","M","M","R","BOSS","M","M","M","$","M","E"],"build_version":"2019-01-23","purchased_purges":1,"victory":false,"max_hp_per_floor":[80,80,80,80,80,80,80,80,80,80,80,80,80,80,80,80,80,80,83,86,96,96,96],"card_choices":[{"not_picked":["Entrench","Battle Trance"],"picked":"Pummel","floor":1},{"not_picked":["Wild Strike","Sever Soul"],"picked":"Warcry","floor":2},{"not_picked":["Rage","Disarm"],"picked":"Rupture","floor":4},{"not_picked":["Twin Strike","Intimidate"],"picked":"Shrug It Off","floor":6},{"not_picked":["Flame Barrier","Headbutt"],"picked":"Brutality","floor":8},{"not_picked":["Clash","Power Through"],"picked":"Impervious","floor":11},{"not_picked":["Combust","Clothesline"],"picked":"Twin Strike","floor":13},{"not_picked":["Carnage","Perfected Strike","Corruption"],"picked":"SKIP","floor":14},{"not_picked":["Immolate","Barricade"],"picked":"Feed","floor":16},{"not_picked":["Feel No Pain","Dual Wield"],"picked":"Metallicize","floor":18},{"not_picked":["Intimidate+1","Uppercut"],"picked":"Fire Breathing","floor":19},{"not_picked":["Clothesline","Shockwave"],"picked":"Cleave","floor":20},{"not_picked":["Dual Wield","Clash"],"picked":"Battle Trance+1","floor":22}],"player_experience":249032,"relics_obtained":[{"floor":6,"key":"Torii"},{"floor":8,"key":"Orichalcum"},{"floor":9,"key":"Shovel"},{"floor":11,"key":"Champion Belt"}],"event_choices":[{"damage_healed":0,"gold_gain":0,"player_choice":"Take Wound","damage_taken":0,"relics_obtained":["Golden Idol"],"max_hp_gain":0,"max_hp_loss":0,"event_name":"Golden Idol","floor":3,"gold_loss":0,"cards_obtained":["Injury"]},{"damage_healed":0,"gold_gain":0,"player_choice":"Success","damage_taken":25,"relics_obtained":["Calipers"],"max_hp_gain":0,"max_hp_loss":0,"event_name":"Scrap Ooze","floor":5,"gold_loss":0},{"damage_healed":0,"gold_gain":0,"player_choice":"Ignored","damage_taken":0,"max_hp_gain":0,"max_hp_loss":0,"event_name":"Shining Light","floor":10,"gold_loss":0}],"is_beta":true,"boss_relics":[{"not_picked":["Pandora\u0027s Box","Philosopher\u0027s Stone"],"picked":"Empty Cage"}],"items_purged_floors":[12],"is_endless":false,"potions_floor_spawned":[1,4,13,16,18,20],"killed_by":"Gremlin Leader","ascension_level":0}