{"path_per_floor":["M","M","M","?","M","E","R","E","T","E","M","?","M","$","R","B",null,"M","?","$","?","M","E","R","E","T","R","E","M","M","E","R","B",null,"M","?","?","M","$","E","R"],"character_chosen":"IRONCLAD","items_purchased":["Inflame","Strawberry","Metallicize","Kunai"],"gold_per_floor":[118,132,142,142,158,190,190,216,216,250,267,267,282,53,53,153,153,164,164,89,89,106,138,138,170,170,170,197,212,232,260,260,359,359,379,379,379,399,72,98,98,98],"floor_reached":42,"campfire_rested":3,"playtime":3781,"item_purchase_floors":[],"current_hp_per_floor":[80,80,80,64,66,63,63,32,32,38,43,43,45,52,52,28,87,70,70,70,70,56,23,49,50,50,50,40,37,28,20,46,40,87,76,65,65,55,55,18,44,0],"items_purged":["Strike_R","Strike_R"],"gold":98,"score":576,"play_id":"27dc3098-e8e5-4f3c-80f8-2152308addc4","local_time":"20180519191632","is_prod":false,"is_daily":false,"chose_seed":false,"is_ascension_mode":true,"campfire_upgraded":2,"timestamp":1526782592,"campfire_choices":[{"data":"Whirlwind","floor":7.0,"key":"SMITH"},{"data":"Inflame","floor":15.0,"key":"SMITH"},{"floor":24,"key":"REST"},{"data":"Strike_R","floor":27,"key":"PURGE"},{"floor":32,"key":"REST"},{"floor":41,"key":"REST"}],"path_taken":["M","M","?","?","M","E","R","E","T","E","M","?","?","$","R","BOSS","M","?","$","?","?","E","R","E","T","R","E","M","M","E","R","BOSS","M","?","?","M","?","E","R","E"],"build_version":"2018-05-18","seed_source_timestamp":0,"purchased_purges":2,"victory":false,"master_deck":["Strike_R+1","Defend_R","Defend_R+1","Defend_R","Bash+1","Combust","Armaments+1","Combust","Iron Wave","Whirlwind+1","Dropkick","Intimidate","Cleave","Warcry","Inflame+1","Impervious","Ghostly Armor","Perfected Strike+1","Reaper","Heavy Blade","Intimidate+1","Flex","Twin Strike","Rage","Juggernaut","Flame Barrier","Madness","Madness","Iron Wave","Metallicize","Flex"],"max_hp_per_floor":[80,80,80,80,80,80,80,80,80,80,80,80,80,87,87,87,87,87,87,87,87,87,87,87,87,87,87,87,87,87,87,87,87,87,87,87,87,87,87,87,87,87],"relics":["Black Blood","Happy Flower","War Paint","Centennial Puzzle","Red Skull","Champion Belt","Strawberry","Runic Cube","Lantern","Peace Pipe","Mummified Hand","Letter Opener","Smiling Mask","Kunai","Potion Belt"],"card_choices":[{"not_picked":["Sword Boomerang","Heavy Blade"],"picked":"Combust","floor":1.0},{"not_picked":["Warcry","True Grit"],"picked":"Armaments","floor":2.0},{"not_picked":["Anger","Shrug It Off"],"picked":"Combust","floor":3.0},{"not_picked":["Body Slam","Armaments"],"picked":"Iron Wave","floor":5.0},{"not_picked":["Wild Strike","Clash"],"picked":"Whirlwind","floor":6.0},{"not_picked":["Bludgeon","Clothesline"],"picked":"Dropkick","floor":8.0},{"not_picked":["Battle Trance","Clothesline"],"picked":"Intimidate","floor":10.0},{"not_picked":["Heavy Blade","Twin Strike"],"picked":"Cleave","floor":11.0},{"not_picked":["Perfected Strike","Body Slam"],"picked":"Warcry","floor":13.0},{"not_picked":["Limit Break","Double Tap"],"picked":"Impervious","floor":16.0},{"not_picked":["Power Through+1","Heavy Blade"],"picked":"Ghostly Armor","floor":18.0},{"not_picked":["Warcry","Armaments"],"picked":"Perfected Strike+1","floor":22.0},{"not_picked":["Hemokinesis","Combust"],"picked":"Reaper","floor":23.0},{"not_picked":["Rage","Pommel Strike"],"picked":"Heavy Blade","floor":25},{"not_picked":["Anger","Combust"],"picked":"Intimidate+1","floor":28},{"not_picked":["Burning Pact","Anger+1"],"picked":"Flex","floor":29},{"not_picked":["Warcry","Cleave"],"picked":"Twin Strike","floor":30},{"not_picked":["Spot Weakness","Armaments+1"],"picked":"Rage","floor":31},{"not_picked":["Limit Break","Reaper"],"picked":"Juggernaut","floor":33},{"not_picked":["Pummel","Twin Strike"],"picked":"Flame Barrier","floor":35},{"not_picked":["Warcry","Pummel"],"picked":"Iron Wave","floor":38},{"not_picked":["True Grit+1","Reaper"],"picked":"Flex","floor":40}],"player_experience":78327,"potions_floor_usage":[28,31,31,33],"damage_taken":[{"damage":1.0,"enemies":"Cultist","floor":1.0,"turns":3.0},{"damage":2.0,"enemies":"Small Slimes","floor":2.0,"turns":3.0},{"damage":5.0,"enemies":"Jaw Worm","floor":3.0,"turns":3.0},{"damage":4.0,"enemies":"2 Fungi Beasts","floor":5.0,"turns":2.0},{"damage":9.0,"enemies":"3 Sentries","floor":6.0,"turns":3.0},{"damage":37.0,"enemies":"Lagavulin","floor":8.0,"turns":6.0},{"damage":0.0,"enemies":"Gremlin Nob","floor":10.0,"turns":3.0},{"damage":1.0,"enemies":"3 Louse","floor":11.0,"turns":2.0},{"damage":4.0,"enemies":"Gremlin Gang","floor":13.0,"turns":3.0},{"damage":30.0,"enemies":"Hexaghost","floor":16.0,"turns":7.0},{"damage":23.0,"enemies":"2 Thieves","floor":18.0,"turns":4.0},{"damage":20.0,"enemies":"Spheric Guardian","floor":22.0,"turns":4.0},{"damage":39.0,"enemies":"Book of Stabbing","floor":23.0,"turns":7.0},{"damage":19,"enemies":"Gremlin Leader","floor":25,"turns":7},{"damage":16,"enemies":"Book of Stabbing","floor":28,"turns":6},{"damage":9,"enemies":"Centurion and Healer","floor":29,"turns":3},{"damage":15,"enemies":"Snake Plant","floor":30,"turns":5},{"damage":14,"enemies":"Slavers","floor":31,"turns":3},{"damage":12,"enemies":"Collector","floor":33,"turns":7},{"damage":25,"enemies":"Orb Walker","floor":35,"turns":5},{"damage":20,"enemies":"3 Darklings","floor":38,"turns":3},{"damage":68,"enemies":"2 Orb Walkers","floor":40,"turns":6},{"damage":80,"enemies":"Giant Head","floor":42,"turns":8}],"relics_obtained":[{"floor":6.0,"key":"War Paint"},{"floor":8.0,"key":"Centennial Puzzle"},{"floor":9.0,"key":"Red Skull"},{"floor":10.0,"key":"Champion Belt"},{"floor":23.0,"key":"Lantern"},{"floor":25,"key":"Peace Pipe"},{"floor":26,"key":"Mummified Hand"},{"floor":28,"key":"Letter Opener"},{"floor":31,"key":"Smiling Mask"},{"floor":40,"key":"Potion Belt"}],"event_choices":[{"event_name":"Shining Light","player_choice":"Entered Light","floor":4.0,"damage_taken":0.0},{"event_name":"Bonfire Elementals","player_choice":"BASIC","floor":12.0,"damage_taken":0.0},{"event_name":"Accursed Blacksmith","player_choice":"Forge","floor":19.0,"damage_taken":0.0},{"event_name":"Ghosts","player_choice":"Ignored","floor":21.0,"damage_taken":0.0},{"event_name":"Winding Halls","player_choice":"Embrace Madness","floor":36,"damage_taken":0}],"boss_relics":[{"not_picked":["Black Star","Sozu"],"picked":"Black Blood"}],"items_purged_floors":[],"potions_floor_spawned":[2,3,11,16,25,28,30,33,38],"seed_played":"7035554453372784772","killed_by":"Giant Head","ascension_level":1,"potions_obtained":[{"floor":2.0,"key":"Poison Potion"},{"floor":3.0,"key":"Dexterity Potion"},{"floor":11.0,"key":"EssenceOfSteel"},{"floor":16.0,"key":"LiquidBronze"},{"floor":25,"key":"Energy Potion"},{"floor":28,"key":"GamblersBrew"},{"floor":30,"key":"Block Potion"},{"floor":33,"key":"Ancient Potion"},{"floor":38,"key":"FairyPotion"}],"is_trial":false}