{"path_per_floor":["M","M","$","M","M","E","R","?","T","E","M","R","E","M","R","B",null,"M","?","$","?","?","R","E","R","T","E","R","$"],"character_chosen":"IRONCLAD","items_purchased":["Rampage","Armaments","Feel No Pain","War Paint","Metallicize","Shrug It Off","Heavy Blade"],"gold_per_floor":[110,123,3,17,28,53,53,53,53,80,94,94,126,143,143,241,241,251,251,65,65,65,65,90,90,169,201,201,31,31],"floor_reached":30,"campfire_rested":0,"playtime":2240,"current_hp_per_floor":[69,70,70,69,61,46,46,39,39,42,48,48,53,59,59,54,72,68,60,60,60,60,60,54,54,64,30,30,30,0],"items_purged":[],"gold":31,"score":298,"play_id":"44bc7616-b696-456c-b6c9-d1fd2735149a","local_time":"20180517211133","is_prod":false,"is_daily":false,"chose_seed":false,"is_ascension_mode":true,"campfire_upgraded":6,"timestamp":1526616693,"campfire_choices":[{"data":"Inflame","floor":7,"key":"SMITH"},{"data":"Sword Boomerang","floor":12,"key":"SMITH"},{"data":"Rampage","floor":15,"key":"SMITH"},{"data":"Double Tap","floor":23,"key":"SMITH"},{"data":"Armaments","floor":25,"key":"SMITH"},{"data":"Iron Wave","floor":28,"key":"SMITH"}],"path_taken":["M","M","$","M","M","E","R","?","T","E","M","R","E","M","R","BOSS","M","?","$","?","?","R","E","R","T","E","R","$","E"],"build_version":"2018-05-17","seed_source_timestamp":753583007771077,"purchased_purges":0,"victory":false,"master_deck":["Strike_R","Strike_R","Strike_R","Strike_R","Defend_R+1","Defend_R+1","Defend_R","Defend_R","Bash","Double Tap+1","Sword Boomerang+1","Intimidate","Rampage+1","Armaments+1","Rupture","Inflame+1","Fire Breathing+1","Second Wind+1","Clash","Shrug It Off+1","Flex+1","Juggernaut+1","Twin Strike","Feel No Pain+1","Inflame+1","Thunderclap+1","Injury","Iron Wave+1","Metallicize+1","Shrug It Off+1","Heavy Blade"],"max_hp_per_floor":[72,72,72,72,72,72,72,72,72,72,72,72,72,72,72,72,72,72,72,72,72,72,72,72,72,82,82,82,82,82],"relics":["Burning Blood","Frozen Egg 2","Meat on the Bone","Toxic Egg 2","Dream Catcher","Cursed Key","War Paint","Bottled Lightning","Pear","Oddly Smooth Stone"],"card_choices":[{"not_picked":["Brutality","Bludgeon"],"picked":"Double Tap","floor":0},{"not_picked":["Bloodletting","Clothesline"],"picked":"Sword Boomerang","floor":1},{"not_picked":["Wild Strike","True Grit"],"picked":"Intimidate","floor":2},{"not_picked":["Clothesline","Sword Boomerang"],"picked":"Rupture","floor":4},{"not_picked":["Clothesline","Iron Wave"],"picked":"Inflame","floor":5},{"not_picked":["Battle Trance","Reaper"],"picked":"Fire Breathing","floor":6},{"not_picked":["Clash","Fiend Fire"],"picked":"Second Wind","floor":10},{"not_picked":["Pommel Strike","Whirlwind"],"picked":"Clash","floor":11},{"not_picked":["Flex+1","Blood for Blood"],"picked":"Shrug It Off+1","floor":13},{"not_picked":["Thunderclap","True Grit+1"],"picked":"Flex+1","floor":14},{"not_picked":["Barricade+1","Offering+1"],"picked":"Juggernaut+1","floor":16},{"not_picked":["True Grit+1","Whirlwind"],"picked":"Twin Strike","floor":18},{"not_picked":["Pummel","Clash"],"picked":"Thunderclap+1","floor":24},{"not_picked":["Thunderclap+1","True Grit+1"],"picked":"Iron Wave","floor":27}],"player_experience":76087,"potions_floor_usage":[6,10,10,16,30],"damage_taken":[{"damage":9,"enemies":"2 Louse","floor":1,"turns":4},{"damage":5,"enemies":"Jaw Worm","floor":2,"turns":4},{"damage":7,"enemies":"Small Slimes","floor":4,"turns":3},{"damage":14,"enemies":"3 Louse","floor":5,"turns":5},{"damage":21,"enemies":"3 Sentries","floor":6,"turns":7},{"damage":22,"enemies":"Gremlin Nob","floor":10,"turns":4},{"damage":0,"enemies":"Red Slaver","floor":11,"turns":3},{"damage":13,"enemies":"Lagavulin","floor":13,"turns":4},{"damage":0,"enemies":"Looter","floor":14,"turns":4},{"damage":23,"enemies":"Hexaghost","floor":16,"turns":8},{"damage":10,"enemies":"Spheric Guardian","floor":18,"turns":3},{"damage":24,"enemies":"Book of Stabbing","floor":24,"turns":3},{"damage":52,"enemies":"Gremlin Leader","floor":27,"turns":7},{"damage":33,"enemies":"Slavers","floor":30,"turns":3}],"relics_obtained":[{"floor":6,"key":"Frozen Egg 2"},{"floor":9,"key":"Meat on the Bone"},{"floor":10,"key":"Toxic Egg 2"},{"floor":13,"key":"Dream Catcher"},{"floor":24,"key":"Bottled Lightning"},{"floor":26,"key":"Pear"},{"floor":27,"key":"Oddly Smooth Stone"}],"event_choices":[{"event_name":"Golden Wing","player_choice":"Card Removal","floor":8,"damage_taken":0},{"event_name":"Knowing Skull","player_choice":"","floor":19,"damage_taken":0},{"event_name":"Ghosts","player_choice":"Ignored","floor":21,"damage_taken":0},{"event_name":"Duplicator","player_choice":"One dupe","floor":22,"damage_taken":0}],"boss_relics":[{"not_picked":["Lizard Tail","Astrolabe"],"picked":"Cursed Key"}],"potions_floor_spawned":[1,4,5,11,14],"seed_played":"-9064557607567228293","killed_by":"Slavers","ascension_level":1,"potions_obtained":[{"floor":1,"key":"BloodPotion"},{"floor":4,"key":"AttackPotion"},{"floor":5,"key":"Swift Potion"},{"floor":11,"key":"Ancient Potion"},{"floor":14,"key":"Strength Potion"}],"is_trial":false}