{"path_per_floor":["M","M","?","M","?","E","M","M","T","R","M","?","E","M","R","B",null,"M","?","?","M","$","E","M"],"character_chosen":"IRONCLAD","items_purchased":["Gremlin Horn","Inflame"],"gold_per_floor":[110,128,128,148,148,177,194,212,212,212,232,307,341,356,356,460,460,474,474,474,484,169,204,215,215],"floor_reached":25,"campfire_rested":0,"playtime":2316,"current_hp_per_floor":[88,88,88,88,88,72,67,73,73,73,77,66,44,50,50,28,88,70,70,76,79,79,39,24,0],"items_purged":[],"gold":215,"score":235,"play_id":"ef947517-2eb5-4033-9841-c4dc45f411df","local_time":"20180503213635","is_prod":false,"is_daily":false,"chose_seed":false,"is_ascension_mode":false,"campfire_upgraded":2,"timestamp":1525408595,"path_taken":["M","M","?","M","?","E","?","M","T","R","?","?","E","?","R","BOSS","M","?","?","M","$","E","M","M"],"build_version":"2018-05-02","seed_source_timestamp":857095914583769,"purchased_purges":0,"victory":false,"master_deck":["Strike_R","Strike_R","Defend_R","Defend_R","Defend_R","Bash+1","Iron Wave","Cleave","Armaments+1","Dropkick","Rupture","Reckless Charge","Clash","Iron Wave","Bloodletting+1","Demon Form","Sever Soul+1","Demon Form+1","Heavy Blade+1","Clash+1","Decay","Feel No Pain+1","Inflame","Fire Breathing+1","Twin Strike"],"max_hp_per_floor":[88,88,88,88,88,88,88,88,88,88,88,88,88,88,88,88,88,88,88,94,94,94,94,94,94],"relics":["Burning Blood","Happy Flower","Thread and Needle","Darkstone Periapt","Astrolabe","Gremlin Horn","Peace Pipe"],"card_choices":[{"not_picked":["Cleave","Headbutt"],"picked":"Iron Wave","floor":1},{"not_picked":["Sever Soul","Rupture"],"picked":"Cleave","floor":2},{"not_picked":["Clash","Blood for Blood"],"picked":"Armaments","floor":4},{"not_picked":["Disarm","Clothesline"],"picked":"Dropkick","floor":6},{"not_picked":["Sever Soul","Clothesline"],"picked":"Rupture","floor":7},{"not_picked":["Burning Pact","Searing Blow"],"picked":"Reckless Charge","floor":8},{"not_picked":["Anger","Bludgeon"],"picked":"Clash","floor":11},{"not_picked":["Clash","Warcry"],"picked":"Iron Wave","floor":13},{"not_picked":["Combust","Disarm"],"picked":"Bloodletting","floor":14},{"not_picked":["Dark Embrace","Bludgeon"],"picked":"Demon Form","floor":16},{"not_picked":["Body Slam","Burning Pact"],"picked":"Clash","floor":18},{"not_picked":["Headbutt","Ghostly Armor"],"picked":"Feel No Pain","floor":21},{"not_picked":["Body Slam","Iron Wave"],"picked":"Fire Breathing","floor":23},{"not_picked":["Cleave","Body Slam"],"picked":"Twin Strike","floor":24}],"player_experience":43562,"potions_floor_usage":[16,16,16,21],"damage_taken":[{"damage":5,"enemies":"2 Louse","floor":1,"turns":3},{"damage":6,"enemies":"Cultist","floor":2,"turns":4},{"damage":2,"enemies":"Small Slimes","floor":4,"turns":3},{"damage":22,"enemies":"3 Sentries","floor":6,"turns":9},{"damage":11,"enemies":"2 Fungi Beasts","floor":7,"turns":3},{"damage":0,"enemies":"Lots of Slimes","floor":8,"turns":2},{"damage":2,"enemies":"Blue Slaver","floor":11,"turns":3},{"damage":28,"enemies":"Lagavulin","floor":13,"turns":6},{"damage":0,"enemies":"Exordium Wildlife","floor":14,"turns":4},{"damage":43,"enemies":"The Guardian","floor":16,"turns":13},{"damage":24,"enemies":"Chosen","floor":18,"turns":6},{"damage":3,"enemies":"Spheric Guardian","floor":21,"turns":4},{"damage":46,"enemies":"Slavers","floor":23,"turns":5},{"damage":21,"enemies":"Cultist and Chosen","floor":24,"turns":9},{"damage":27,"enemies":"3 Cultists","floor":25,"turns":4}],"event_choices":[{"event_name":"The Woman in Blue","player_choice":"Bought 0 Potions","floor":3,"damage_taken":0},{"event_name":"Upgrade Shrine","player_choice":"Upgraded","floor":5,"damage_taken":0},{"event_name":"World of Goop","player_choice":"Gather Gold","floor":12,"damage_taken":0},{"event_name":"Back to Basics","player_choice":"Elegance","floor":19,"damage_taken":0},{"event_name":"Forgotten Altar","player_choice":"Smashed Altar","floor":20,"damage_taken":0}],"boss_relics":[{"not_picked":["Runic Cube","Runic Dome"],"picked":"Astrolabe"}],"potions_floor_spawned":[6,7,13,14,16,23],"seed_played":"8362543603590676181","killed_by":"3 Cultists","ascension_level":0,"is_trial":false}