{"gold_per_floor":[117,117,67,87,106,140,140,165,190,200,233,249,249,249,249,351,401,413,328,86,101,0,0,30,30,84,115,115,147,166,180,180,180],"floor_reached":33,"playtime":2526,"items_purged":["Strike_B"],"score":413,"play_id":"d8fdd1e8-17c9-4413-9ae0-d8b577c1a2b6","local_time":"20190421224705","is_ascension_mode":true,"campfire_choices":[{"floor":7,"key":"REST"},{"floor":15,"key":"REST"},{"floor":23,"key":"REST"},{"data":"Dualcast","floor":25,"key":"SMITH"},{"floor":32,"key":"REST"}],"neow_cost":"NONE","seed_source_timestamp":109362809904685,"circlet_count":0,"master_deck":["Strike_B","Strike_B+1","Defend_B+1","Defend_B","Defend_B","Zap+1","Dualcast+1","Genetic Algorithm","Beam Cell","Darkness+1","Ball Lightning","Rebound","Gash","Reprogram","Genetic Algorithm","Skim","Seek","Cold Snap","Cold Snap+1","Scrape","Gash","Static Discharge","Gash","Beam Cell","Redo","Conserve Battery","Darkness","Gash+1"],"relics":["Cracked Core","War Paint","DataDisk","Centennial Puzzle","PreservedInsect","Cables","Tiny House","Juzu Bracelet","Dodecahedron","Tiny Chest","Frozen Egg 2","Smiling Mask"],"potions_floor_usage":[6,10,11,16,27,33,33],"damage_taken":[{"damage":0,"enemies":"2 Louse","floor":1,"turns":4},{"damage":0,"enemies":"Cultist","floor":4,"turns":4},{"damage":4,"enemies":"Jaw Worm","floor":5,"turns":4},{"damage":20,"enemies":"3 Sentries","floor":6,"turns":5},{"damage":27,"enemies":"Gremlin Nob","floor":8,"turns":4},{"damage":2,"enemies":"Exordium Wildlife","floor":10,"turns":3},{"damage":15,"enemies":"Lagavulin","floor":11,"turns":5},{"damage":10,"enemies":"2 Fungi Beasts","floor":12,"turns":3},{"damage":8,"enemies":"The Guardian","floor":16,"turns":7},{"damage":0,"enemies":"Chosen","floor":18,"turns":4},{"damage":28,"enemies":"Shell Parasite","floor":21,"turns":5},{"damage":11,"enemies":"Slavers","floor":24,"turns":4},{"damage":28,"enemies":"Gremlin Leader","floor":27,"turns":5},{"damage":5,"enemies":"Book of Stabbing","floor":29,"turns":4},{"damage":6,"enemies":"Cultist and Chosen","floor":30,"turns":5},{"damage":1,"enemies":"Snecko","floor":31,"turns":4},{"damage":63,"enemies":"Champ","floor":33,"turns":8}],"seed_played":"-7858178905784200206","potions_obtained":[{"floor":4,"key":"Explosive Potion"},{"floor":8,"key":"Fire Potion"},{"floor":10,"key":"Explosive Potion"},{"floor":12,"key":"Block Potion"},{"floor":17,"key":"Strength Potion"},{"floor":18,"key":"SpeedPotion"},{"floor":21,"key":"SmokeBomb"},{"floor":24,"key":"Energy Potion"},{"floor":30,"key":"Poison Potion"}],"is_trial":false,"path_per_floor":["M","?","$","M","M","E","R","E","T","M","E","M","?","T","R","B",null,"M","?","$","M","?","R","E","R","T","E","?","E","M","M","R","B"],"character_chosen":"DEFECT","items_purchased":["Beam Cell","Scrape","Gash","Static Discharge"],"campfire_rested":4,"item_purchase_floors":[3,20,20,20],"current_hp_per_floor":[75,75,75,75,71,51,73,46,46,44,29,19,24,24,48,40,85,85,85,85,57,57,82,71,71,71,43,43,38,32,31,56,0],"gold":180,"neow_bonus":"UPGRADE_CARD","is_prod":false,"is_daily":false,"chose_seed":false,"campfire_upgraded":1,"win_rate":0,"timestamp":1555912025,"path_taken":["M","?","$","?","M","E","R","E","T","M","E","M","?","?","R","BOSS","M","?","$","M","?","R","E","R","T","E","?","E","M","M","R","BOSS"],"build_version":"2019-04-21","purchased_purges":1,"victory":false,"max_hp_per_floor":[75,75,75,75,75,75,75,75,75,75,75,75,80,80,80,80,85,85,85,85,85,85,85,85,85,85,85,85,85,85,85,85,85],"card_choices":[{"not_picked":["Compile Driver","Leap"],"picked":"Genetic Algorithm","floor":1},{"not_picked":["Rebound","Tempest"],"picked":"Darkness","floor":4},{"not_picked":["Beam Cell","Sweeping Beam"],"picked":"Ball Lightning","floor":5},{"not_picked":["Streamline","Multi-Cast"],"picked":"Rebound","floor":6},{"not_picked":["Steam","Double Energy"],"picked":"Gash","floor":8},{"not_picked":["Barrage","Rebound"],"picked":"Reprogram","floor":10},{"not_picked":["All For One","Heatsinks"],"picked":"Genetic Algorithm","floor":11},{"not_picked":["Stack","Compile Driver"],"picked":"Skim","floor":12},{"not_picked":["Biased Cognition","Amplify"],"picked":"Seek","floor":16},{"not_picked":["Melter","Recycle"],"picked":"Cold Snap","floor":17},{"not_picked":["Double Energy","Sweeping Beam"],"picked":"Cold Snap+1","floor":18},{"not_picked":["Seek","Reprogram"],"picked":"Gash","floor":21},{"not_picked":["Reprogram","Rebound"],"picked":"Beam Cell","floor":24},{"not_picked":["Cold Snap","Consume"],"picked":"Redo","floor":27},{"not_picked":["Skim+1","Coolheaded"],"picked":"Conserve Battery","floor":29},{"not_picked":["Sweeping Beam+1","White Noise"],"picked":"Darkness","floor":30},{"not_picked":["Ball Lightning+1","Glacier+1"],"picked":"Gash+1","floor":31}],"player_experience":268397,"relics_obtained":[{"floor":6,"key":"War Paint"},{"floor":8,"key":"DataDisk"},{"floor":9,"key":"Centennial Puzzle"},{"floor":11,"key":"PreservedInsect"},{"floor":14,"key":"Cables"},{"floor":24,"key":"Dodecahedron"},{"floor":26,"key":"Tiny Chest"},{"floor":27,"key":"Frozen Egg 2"},{"floor":29,"key":"Smiling Mask"}],"event_choices":[{"cards_removed":["Strike_B"],"damage_healed":0,"gold_gain":0,"player_choice":"Purged","damage_taken":0,"max_hp_gain":0,"max_hp_loss":0,"event_name":"Purifier","floor":2,"gold_loss":0},{"damage_healed":0,"gold_gain":0,"player_choice":"Donut","damage_taken":0,"max_hp_gain":5,"max_hp_loss":0,"event_name":"Big Fish","floor":13,"gold_loss":0},{"damage_healed":0,"gold_gain":0,"player_choice":"Obtained Relic","damage_taken":0,"relics_obtained":["Juzu Bracelet"],"max_hp_gain":0,"max_hp_loss":0,"event_name":"Addict","floor":19,"gold_loss":85},{"damage_healed":0,"gold_gain":0,"player_choice":"Paid Fearfully","damage_taken":0,"max_hp_gain":0,"max_hp_loss":0,"event_name":"Masked Bandits","floor":22,"gold_loss":101},{"cards_removed":["Defend_B"],"damage_healed":0,"gold_gain":0,"player_choice":"Elegance","damage_taken":0,"max_hp_gain":0,"max_hp_loss":0,"event_name":"Back to Basics","floor":28,"gold_loss":0}],"is_beta":true,"boss_relics":[{"not_picked":["Sozu","Lizard Tail"],"picked":"Tiny House"}],"items_purged_floors":[20],"is_endless":false,"potions_floor_spawned":[4,8,10,12,18,21,24,30,31],"killed_by":"Champ","ascension_level":4}