{"gold_per_floor":[118,130,130,147,165,190,190,190,268,287,287,287,142,157,157,288,288,301,325,325,339,32,32],"floor_reached":23,"playtime":1326,"items_purged":[],"score":232,"play_id":"0b23077e-1929-4197-888d-575083b4a2ca","local_time":"20190914133349","is_ascension_mode":true,"campfire_choices":[{"floor":7,"key":"REST"},{"floor":11,"key":"RECALL"},{"floor":15,"key":"REST"}],"neow_cost":"NONE","seed_source_timestamp":249115477330800,"circlet_count":0,"master_deck":["Strike_G","Strike_G","Strike_G","Strike_G","Strike_G","Defend_G","Defend_G","Defend_G","Defend_G","Defend_G","Survivor","Neutralize","Catalyst","Skewer","Bouncing Flask","Doppelganger","Concentrate","Poisoned Stab","Reflex","Envenom","Reflex+1","Cloak And Dagger","Burst","Crippling Poison","Backflip"],"relics":["Ring of the Snake","NeowsBlessing","Pocketwatch","Golden Idol","Art of War","Sozu","Dream Catcher","Juzu Bracelet"],"potions_floor_usage":[6,6,16,19,19],"damage_taken":[{"damage":0,"enemies":"Jaw Worm","floor":1,"turns":1},{"damage":0,"enemies":"Small Slimes","floor":2,"turns":1},{"damage":0,"enemies":"Cultist","floor":4,"turns":1},{"damage":4,"enemies":"Exordium Wildlife","floor":5,"turns":5},{"damage":30,"enemies":"3 Sentries","floor":6,"turns":8},{"damage":6,"enemies":"Exordium Thugs","floor":10,"turns":4},{"damage":0,"enemies":"2 Fungi Beasts","floor":14,"turns":4},{"damage":24,"enemies":"Hexaghost","floor":16,"turns":7},{"damage":14,"enemies":"Chosen","floor":18,"turns":5},{"damage":17,"enemies":"Shell Parasite","floor":19,"turns":6},{"damage":22,"enemies":"3 Cultists","floor":21,"turns":6},{"damage":23,"enemies":"Slavers","floor":23,"turns":2}],"seed_played":"7374227232607879546","potions_obtained":[{"floor":1,"key":"GamblersBrew"},{"floor":4,"key":"Strength Potion"},{"floor":5,"key":"PowerPotion"},{"floor":8,"key":"Strength Potion"},{"floor":8,"key":"EntropicBrew"}],"is_trial":false,"path_per_floor":["M","M","?","M","M","E","R","?","T","M","R","?","$","M","R","B",null,"M","M","?","M","$","E"],"character_chosen":"THE_SILENT","items_purchased":["Art of War","Dream Catcher","Juzu Bracelet"],"campfire_rested":2,"item_purchase_floors":[13,22,22],"current_hp_per_floor":[70,70,75,75,71,41,63,63,63,57,57,39,39,39,61,37,75,61,44,44,22,22,0],"gold":32,"neow_bonus":"THREE_ENEMY_KILL","is_prod":false,"is_daily":false,"chose_seed":false,"campfire_upgraded":0,"win_rate":0,"timestamp":1568486029,"path_taken":["M","M","?","M","M","E","R","?","T","?","R","?","$","M","R","BOSS","M","M","?","M","?","E"],"build_version":"2019-07-17","purchased_purges":0,"victory":false,"max_hp_per_floor":[70,70,75,75,75,75,75,75,75,75,75,75,75,75,75,75,75,75,75,75,75,75,75],"card_choices":[{"not_picked":["Acrobatics","Quick Slash"],"picked":"Catalyst","floor":1},{"not_picked":["Prepared","Deadly Poison"],"picked":"Skewer","floor":2},{"not_picked":["Bane","Accuracy"],"picked":"Bouncing Flask","floor":4},{"not_picked":["Poisoned Stab","All Out Attack"],"picked":"Doppelganger","floor":5},{"not_picked":["Flying Knee","Underhanded Strike"],"picked":"Concentrate","floor":6},{"not_picked":["Sucker Punch","Caltrops"],"picked":"Poisoned Stab","floor":10},{"not_picked":["Setup","Cloak And Dagger"],"picked":"Reflex","floor":14},{"not_picked":["Glass Knife","A Thousand Cuts"],"picked":"Envenom","floor":16},{"not_picked":["Outmaneuver","Terror"],"picked":"Reflex+1","floor":18},{"not_picked":["Dagger Throw","Acrobatics"],"picked":"Cloak And Dagger","floor":19},{"not_picked":["Crippling Poison","Quick Slash"],"picked":"Backflip","floor":21}],"player_experience":387442,"relics_obtained":[{"floor":6,"key":"Pocketwatch"}],"event_choices":[{"damage_healed":0,"gold_gain":0,"player_choice":"Donut","damage_taken":0,"max_hp_gain":5,"max_hp_loss":0,"event_name":"Big Fish","floor":3,"gold_loss":0},{"damage_healed":0,"gold_gain":0,"player_choice":"Got Potions","damage_taken":0,"max_hp_gain":0,"max_hp_loss":0,"event_name":"Lab","floor":8,"gold_loss":0},{"damage_healed":0,"gold_gain":0,"player_choice":"Take Damage","damage_taken":18,"relics_obtained":["Golden Idol"],"max_hp_gain":0,"max_hp_loss":0,"event_name":"Golden Idol","floor":12,"gold_loss":0},{"damage_healed":0,"gold_gain":0,"player_choice":"2 cards matched","damage_taken":0,"max_hp_gain":0,"max_hp_loss":0,"event_name":"Match and Keep!","floor":20,"gold_loss":0,"cards_obtained":["Burst","Crippling Poison"]}],"is_beta":false,"boss_relics":[{"not_picked":["Empty Cage","Eternal Feather"],"picked":"Sozu"}],"items_purged_floors":[],"is_endless":false,"potions_floor_spawned":[1,4,5,18,19],"killed_by":"Slavers","ascension_level":4}