{"gold_per_floor":[109,128,4,4,4,4,18,18,18,32,66,85,105,30,30,126,126,113,113,133,133,148,148,163,192,192,192,192,208,219,234,234,331,331,343,361,361],"floor_reached":37,"playtime":3905,"items_purged":["Defend_R"],"score":445,"play_id":"79899f01-a649-4bb5-8179-3b5b78b62287","local_time":"20190831094257","is_ascension_mode":false,"campfire_choices":[{"data":"Uppercut","floor":6.0,"key":"SMITH"},{"data":"Flame Barrier","floor":8.0,"key":"SMITH"},{"floor":15.0,"key":"REST"},{"floor":23.0,"key":"REST"},{"floor":28.0,"key":"REST"},{"floor":32.0,"key":"REST"}],"neow_cost":"","seed_source_timestamp":0,"circlet_count":0,"master_deck":["Strike_R","Strike_R","Defend_R","Defend_R","Bash","Flex","Uppercut+1","Flex","Cleave","Clothesline","Flame Barrier+1","Shockwave","Iron Wave","Feel No Pain","Pummel","Intimidate","Barricade","Corruption+1","Sword Boomerang+1","Metallicize+1","Seeing Red","Pommel Strike","Battle Trance","Inflame","Rampage","Seeing Red","Second Wind+1","Double Tap","Iron Wave","True Grit","Body Slam+1","Berserk","Cleave+1","Hemokinesis+1"],"special_seed":0,"relics":["Black Blood","Magic Flower","StoneCalendar","Dream Catcher","Astrolabe","Enchiridion","Ancient Tea Set","Sundial"],"potions_floor_usage":[37,37],"damage_taken":[{"damage":11.0,"enemies":"Jaw Worm","floor":1.0,"turns":2.0},{"damage":5.0,"enemies":"2 Louse","floor":2.0,"turns":3.0},{"damage":2.0,"enemies":"Small Slimes","floor":7.0,"turns":3.0},{"damage":5.0,"enemies":"Looter","floor":10.0,"turns":3.0},{"damage":26.0,"enemies":"Lagavulin","floor":11.0,"turns":6.0},{"damage":6.0,"enemies":"Gremlin Gang","floor":12.0,"turns":4.0},{"damage":20.0,"enemies":"Exordium Wildlife","floor":13.0,"turns":4.0},{"damage":51.0,"enemies":"The Guardian","floor":16.0,"turns":11.0},{"damage":20.0,"enemies":"2 Thieves","floor":18.0,"turns":4.0},{"damage":36.0,"enemies":"3 Byrds","floor":20.0,"turns":6.0},{"damage":5.0,"enemies":"Snake Plant","floor":22.0,"turns":5.0},{"damage":20.0,"enemies":"Snecko","floor":24.0,"turns":6.0},{"damage":33.0,"enemies":"Book of Stabbing","floor":25.0,"turns":6.0},{"damage":17.0,"enemies":"Centurion and Healer","floor":29.0,"turns":5.0},{"damage":38.0,"enemies":"Cultist and Chosen","floor":30.0,"turns":8.0},{"damage":20.0,"enemies":"Shelled Parasite and Fungi","floor":31.0,"turns":5.0},{"damage":0.0,"enemies":"Champ","floor":33.0,"turns":8.0},{"damage":23,"enemies":"3 Shapes","floor":35,"turns":7},{"damage":36,"enemies":"3 Darklings","floor":36,"turns":7},{"damage":62,"enemies":"4 Shapes","floor":37,"turns":3}],"seed_played":"4397009001484879390","potions_obtained":[{"floor":7.0,"key":"Strength Potion"},{"floor":11.0,"key":"FairyPotion"},{"floor":13.0,"key":"EssenceOfSteel"},{"floor":21.0,"key":"SpeedPotion"},{"floor":22.0,"key":"SpeedPotion"},{"floor":29.0,"key":"Energy Potion"},{"floor":30.0,"key":"Ancient Potion"},{"floor":31.0,"key":"Ancient Potion"},{"floor":33.0,"key":"Fire Potion"},{"floor":35,"key":"SpeedPotion"}],"is_trial":false,"path_per_floor":["M","M","$","?","?","R","M","R","T","M","E","M","M","$","R","B",null,"M","?","M","?","M","R","M","E","T","?","R","M","M","M","R","B",null,"M","M","M"],"character_chosen":"IRONCLAD","items_purchased":["Flex","Cleave","Clothesline"],"campfire_rested":4,"item_purchase_floors":[3,3,3],"current_hp_per_floor":[75,76,76,69,69,69,76,76,76,80,63,66,55,55,79,37,80,69,53,26,26,30,54,43,19,19,19,43,35,21,10,34,43,80,72,51,0],"gold":361,"neow_bonus":"","is_prod":false,"is_daily":false,"chose_seed":false,"campfire_upgraded":2,"win_rate":0.0,"timestamp":1567269777,"path_taken":["M","M","$","?","?","R","M","R","T","M","E","M","M","$","R","BOSS","M","?","M","?","?","R","M","E","T","?","R","M","?","M","R","BOSS","M","M","M"],"build_version":"2019-07-17","purchased_purges":1,"victory":false,"max_hp_per_floor":[80,80,80,80,80,80,80,80,80,80,80,80,80,80,80,80,80,80,80,80,80,80,80,80,80,80,80,80,80,80,80,80,80,80,80,80,80],"card_choices":[{"not_picked":["Power Through","Twin Strike"],"picked":"Flex","floor":1.0},{"not_picked":["Headbutt","Flex"],"picked":"Uppercut","floor":2.0},{"not_picked":["Flex","Clothesline"],"picked":"Shockwave","floor":7.0},{"not_picked":["Twin Strike","Burning Pact"],"picked":"Iron Wave","floor":10.0},{"not_picked":["Flex","Second Wind"],"picked":"Feel No Pain","floor":11.0},{"not_picked":["Second Wind","Body Slam"],"picked":"Pummel","floor":12.0},{"not_picked":["True Grit","Shrug It Off"],"picked":"Burning Pact","floor":13.0},{"not_picked":["Shrug It Off","Perfected Strike"],"picked":"Intimidate","floor":15.0},{"not_picked":["Fiend Fire","Reaper"],"picked":"Barricade","floor":16.0},{"not_picked":["Clash+1","Armaments"],"picked":"Seeing Red","floor":18.0},{"not_picked":["Thunderclap","Anger"],"picked":"Pommel Strike","floor":20.0},{"not_picked":["Dropkick","Power Through"],"picked":"Battle Trance","floor":22.0},{"not_picked":["Shrug It Off","Headbutt"],"picked":"Inflame","floor":23.0},{"not_picked":["Body Slam","Second Wind"],"picked":"Rampage","floor":24.0},{"not_picked":["Clothesline+1","Pommel Strike"],"picked":"Seeing Red","floor":25.0},{"not_picked":["Iron Wave","Perfected Strike"],"picked":"Second Wind+1","floor":28.0},{"not_picked":["Twin Strike","Perfected Strike"],"picked":"Double Tap","floor":29.0},{"not_picked":["Shrug It Off","Headbutt"],"picked":"Iron Wave","floor":30.0},{"not_picked":["Berserk","Ghostly Armor"],"picked":"True Grit","floor":31.0},{"not_picked":["Sword Boomerang","Perfected Strike"],"picked":"Body Slam+1","floor":32.0},{"not_picked":["Reaper","Double Tap"],"picked":"Berserk","floor":33.0},{"not_picked":["Warcry","Iron Wave"],"picked":"Cleave+1","floor":35},{"not_picked":["Sword Boomerang","Combust+1"],"picked":"Hemokinesis+1","floor":36}],"player_experience":0,"relics_obtained":[{"floor":9.0,"key":"StoneCalendar"},{"floor":11.0,"key":"Dream Catcher"},{"floor":19.0,"key":"Enchiridion"},{"floor":25.0,"key":"Ancient Tea Set"},{"floor":26.0,"key":"Sundial"}],"event_choices":[{"damage_healed":0.0,"max_hp_gain":0.0,"max_hp_loss":0.0,"gold_gain":0.0,"event_name":"Scrap Ooze","player_choice":"Success","floor":4.0,"gold_loss":0.0,"damage_taken":7.0,"relics_obtained":["Magic Flower"]},{"damage_healed":0.0,"max_hp_gain":0.0,"max_hp_loss":0.0,"gold_gain":0.0,"cards_transformed":["Strike_R"],"event_name":"Living Wall","player_choice":"Change","floor":5.0,"gold_loss":0.0,"damage_taken":0.0,"cards_obtained":["Flame Barrier"]},{"damage_healed":0.0,"max_hp_gain":0.0,"max_hp_loss":0.0,"gold_gain":0.0,"event_name":"Cursed Tome","player_choice":"Obtained Book","floor":19.0,"gold_loss":0.0,"damage_taken":16.0},{"damage_healed":0.0,"max_hp_gain":0.0,"max_hp_loss":0.0,"gold_gain":0.0,"event_name":"Lab","player_choice":"Got Potions","floor":21.0,"gold_loss":0.0,"damage_taken":0.0},{"cards_removed":["Strike_R"],"damage_healed":0.0,"max_hp_gain":0.0,"max_hp_loss":0.0,"gold_gain":0.0,"event_name":"Bonfire Elementals","player_choice":"Offered Basic","floor":27.0,"gold_loss":0.0,"damage_taken":0.0}],"is_beta":false,"boss_relics":[{"not_picked":["Snecko Eye","Busted Crown"],"picked":"Astrolabe"},{"not_picked":["White Beast Statue","Cursed Key"],"picked":"Black Blood"}],"items_purged_floors":[14],"is_endless":false,"potions_floor_spawned":[7,11,13,22,29,30,31,33,35],"killed_by":"4 Shapes","ascension_level":0}