{"gold_per_floor":[109,128,128,144,155,186,200,200,200,200,228,240,252,3,3,3],"floor_reached":16,"playtime":970,"items_purged":[],"score":102,"play_id":"44df6f59-dfed-42d6-a769-7230b21aaa09","local_time":"20190911163104","is_ascension_mode":false,"campfire_choices":[{"floor":8.0,"key":"REST"},{"floor":15.0,"key":"REST"}],"neow_cost":"NONE","seed_source_timestamp":2276092015496600,"circlet_count":0,"master_deck":["Strike_R","Strike_R","Strike_R","Strike_R","Strike_R","Defend_R","Defend_R","Defend_R","Bash","Evolve","Dropkick","Dropkick","Seeing Red","Double Tap","Seeing Red"],"special_seed":0,"relics":["Burning Blood","Centennial Puzzle","StoneCalendar","Meat on the Bone","MawBank","WingedGreaves","Paper Frog"],"potions_floor_usage":[16,16],"damage_taken":[{"damage":12.0,"enemies":"Small Slimes","floor":1.0,"turns":4.0},{"damage":6.0,"enemies":"Cultist","floor":2.0,"turns":3.0},{"damage":1.0,"enemies":"Jaw Worm","floor":4.0,"turns":3.0},{"damage":5.0,"enemies":"Looter","floor":5.0,"turns":3.0},{"damage":65.0,"enemies":"Gremlin Nob","floor":6.0,"turns":5.0},{"damage":5.0,"enemies":"3 Louse","floor":7.0,"turns":5.0},{"damage":9.0,"enemies":"2 Fungi Beasts","floor":11.0,"turns":4.0},{"damage":41,"enemies":"The Guardian","floor":16,"turns":8}],"seed_played":"6861644422715037192","potions_obtained":[{"floor":4.0,"key":"BloodPotion"},{"floor":5.0,"key":"LiquidBronze"},{"floor":6.0,"key":"Block Potion"},{"floor":11.0,"key":"EssenceOfSteel"}],"is_trial":false,"path_per_floor":["M","M","?","M","M","E","M","R","T","?","M","T","?","$","R","B"],"character_chosen":"IRONCLAD","items_purchased":["Paper Frog"],"campfire_rested":2,"item_purchase_floors":[14],"current_hp_per_floor":[74,74,67,72,73,34,35,59,59,59,56,56,14,14,38,0],"gold":3,"neow_bonus":"RANDOM_COMMON_RELIC","is_prod":false,"is_daily":false,"chose_seed":false,"campfire_upgraded":0,"win_rate":0,"timestamp":1568233864,"path_taken":["M","M","?","M","M","E","M","R","T","?","?","?","?","$","R","BOSS"],"build_version":"2019-07-17","purchased_purges":0,"victory":false,"max_hp_per_floor":[80,80,80,80,80,80,80,80,80,80,80,80,80,80,80,80],"card_choices":[{"not_picked":["Twin Strike","Iron Wave"],"picked":"Evolve","floor":1.0},{"not_picked":["Sword Boomerang","True Grit"],"picked":"Dropkick","floor":2.0},{"not_picked":["Iron Wave","Twin Strike"],"picked":"Dropkick","floor":4.0},{"not_picked":["Rupture","Carnage"],"picked":"Seeing Red","floor":5.0},{"not_picked":["Clash","Searing Blow"],"picked":"Double Tap","floor":6.0},{"not_picked":["Reckless Charge","Corruption"],"picked":"Seeing Red","floor":7.0},{"not_picked":["Feel No Pain","Clash","Twin Strike"],"picked":"SKIP","floor":11.0}],"player_experience":70782,"relics_obtained":[{"floor":6.0,"key":"StoneCalendar"},{"floor":9.0,"key":"Meat on the Bone"}],"event_choices":[{"cards_removed":["Defend_R"],"damage_healed":0.0,"max_hp_gain":0.0,"max_hp_loss":0.0,"gold_gain":0.0,"event_name":"Golden Wing","player_choice":"Card Removal","floor":3.0,"gold_loss":0.0,"damage_taken":7.0},{"damage_healed":0.0,"max_hp_gain":0.0,"max_hp_loss":0.0,"gold_gain":0.0,"event_name":"WeMeetAgain","player_choice":"Gave Potion","floor":10.0,"gold_loss":0.0,"damage_taken":0.0,"relics_obtained":["MawBank"]},{"damage_healed":0.0,"max_hp_gain":0.0,"max_hp_loss":0.0,"gold_gain":0.0,"event_name":"Scrap Ooze","player_choice":"Success","floor":13.0,"gold_loss":0.0,"damage_taken":42.0,"relics_obtained":["WingedGreaves"]}],"is_beta":false,"boss_relics":[],"items_purged_floors":[],"is_endless":false,"potions_floor_spawned":[4,5,6,11],"killed_by":"The Guardian","ascension_level":0}