{"gold_per_floor":[115,115,190,204,270,305,305,340,340,367,367,379,407,50,50,145,145,115,214,238,188,40,59,59,59,59,59,76,95,109,126,126,126],"floor_reached":33,"playtime":2281,"items_purged":[],"score":346,"play_id":"9af52052-e2f7-4598-8c63-dd174d02afbf","local_time":"20190911154249","is_ascension_mode":true,"campfire_choices":[{"floor":7,"key":"RECALL"},{"floor":11,"key":"REST"},{"floor":15,"key":"REST"},{"floor":25,"key":"REST"},{"floor":27,"key":"REST"},{"floor":32,"key":"REST"}],"neow_cost":"NONE","seed_source_timestamp":88867631910100,"circlet_count":0,"master_deck":["Strike_G","Strike_G","Strike_G","Strike_G","Strike_G","Defend_G","Defend_G","Defend_G","Defend_G","Defend_G","Survivor","Neutralize","Bane","Dash","Bouncing Flask","Tools of the Trade","Backflip","Reflex","Envenom","Footwork","Escape Plan+1","Backflip","Bane","Crippling Poison+1","Leg Sweep+1"],"relics":["Ring of the Snake","NeowsBlessing","Mango","Anchor","Art of War","Smiling Mask","Toy Ornithopter","PreservedInsect","Fusion Hammer","Orichalcum","Ancient Tea Set","The Courier"],"potions_floor_usage":[13,16,16,16,33,33],"damage_taken":[{"damage":0,"enemies":"Cultist","floor":1,"turns":1},{"damage":0,"enemies":"Jaw Worm","floor":4,"turns":1},{"damage":0,"enemies":"Gremlin Nob","floor":6,"turns":1},{"damage":16,"enemies":"Lagavulin","floor":8,"turns":7},{"damage":0,"enemies":"Small Slimes","floor":12,"turns":3},{"damage":30,"enemies":"3 Sentries","floor":13,"turns":11},{"damage":27,"enemies":"The Guardian","floor":16,"turns":10},{"damage":27,"enemies":"2 Thieves","floor":18,"turns":5},{"damage":15,"enemies":"Chosen","floor":23,"turns":6},{"damage":20,"enemies":"Snecko","floor":28,"turns":6},{"damage":17,"enemies":"Sentry and Sphere","floor":29,"turns":11},{"damage":13,"enemies":"Cultist and Chosen","floor":30,"turns":8},{"damage":23,"enemies":"3 Cultists","floor":31,"turns":6},{"damage":46,"enemies":"Collector","floor":33,"turns":11}],"seed_played":"1281639081099552303","potions_obtained":[{"floor":6,"key":"PowerPotion"},{"floor":8,"key":"Strength Potion"},{"floor":12,"key":"GhostInAJar"},{"floor":13,"key":"Weak Potion"},{"floor":30,"key":"Ancient Potion"},{"floor":31,"key":"SteroidPotion"}],"is_trial":false,"path_per_floor":["M","$","?","M","?","E","R","E","T","T","R","M","E","$","R","B",null,"M","?","T","?","$","M","$","R","T","R","M","M","M","M","R","B"],"character_chosen":"THE_SILENT","items_purchased":["Toy Ornithopter","PreservedInsect","Ancient Tea Set"],"campfire_rested":5,"item_purchase_floors":[14,14,22],"current_hp_per_floor":[70,70,59,59,59,73,73,57,57,57,82,82,52,52,77,58,84,57,57,57,57,57,42,42,67,67,84,64,47,34,11,36,0],"gold":126,"neow_bonus":"THREE_ENEMY_KILL","is_prod":false,"is_daily":false,"chose_seed":false,"campfire_upgraded":0,"win_rate":0,"timestamp":1568234569,"path_taken":["M","$","?","M","?","E","R","E","T","?","R","M","E","?","R","BOSS","M","?","?","?","$","M","$","R","T","R","M","M","M","M","R","BOSS"],"build_version":"2019-07-17","purchased_purges":0,"victory":false,"max_hp_per_floor":[70,70,70,70,70,84,84,84,84,84,84,84,84,84,84,84,84,84,84,84,84,84,84,84,84,84,84,84,84,84,84,84,84],"card_choices":[{"not_picked":["Riddle With Holes","Deadly Poison"],"picked":"Bane","floor":1},{"not_picked":["Flying Knee","Quick Slash"],"picked":"Dash","floor":4},{"not_picked":["Cloak And Dagger","Underhanded Strike"],"picked":"Bouncing Flask","floor":6},{"not_picked":["Distraction","Noxious Fumes"],"picked":"Tools of the Trade","floor":8},{"not_picked":["Deflect","Catalyst"],"picked":"Backflip","floor":12},{"not_picked":["PiercingWail","Backstab"],"picked":"Reflex","floor":13},{"not_picked":["Doppelganger","Grand Finale"],"picked":"Envenom","floor":16},{"not_picked":["Blade Dance","Deadly Poison"],"picked":"Footwork","floor":18},{"not_picked":["Reflex+1","Deadly Poison"],"picked":"Escape Plan+1","floor":23},{"not_picked":["Quick Slash","Blur+1"],"picked":"Backflip","floor":28},{"not_picked":["Flying Knee","Blade Dance"],"picked":"Bane","floor":29},{"not_picked":["Deadly Poison","Outmaneuver"],"picked":"Crippling Poison+1","floor":30},{"not_picked":["Prepared","Phantasmal Killer"],"picked":"Leg Sweep+1","floor":31}],"player_experience":340095,"relics_obtained":[{"floor":6,"key":"Mango"},{"floor":8,"key":"Anchor"},{"floor":10,"key":"Art of War"},{"floor":13,"key":"Smiling Mask"},{"floor":20,"key":"Orichalcum"},{"floor":26,"key":"The Courier"}],"event_choices":[{"damage_healed":0,"gold_gain":75,"player_choice":"Gather Gold","damage_taken":11,"max_hp_gain":0,"max_hp_loss":0,"event_name":"World of Goop","floor":3,"gold_loss":0},{"damage_healed":0,"gold_gain":66,"player_choice":"Gained Gold","damage_taken":0,"max_hp_gain":0,"max_hp_loss":0,"event_name":"Golden Wing","floor":5,"gold_loss":0},{"damage_healed":0,"gold_gain":99,"player_choice":"Stole From Cult","damage_taken":0,"max_hp_gain":0,"max_hp_loss":0,"event_name":"Nest","floor":19,"gold_loss":0},{"damage_healed":0,"gold_gain":0,"player_choice":"Bet on Murderer","damage_taken":0,"max_hp_gain":0,"max_hp_loss":0,"event_name":"The Joust","floor":21,"gold_loss":50}],"is_beta":false,"boss_relics":[{"not_picked":["Busted Crown","Philosopher\u0027s Stone"],"picked":"Fusion Hammer"}],"items_purged_floors":[],"is_endless":false,"potions_floor_spawned":[6,8,12,13,30,31],"killed_by":"Collector","ascension_level":4}