{"gold_per_floor":[219,235,235,235,258,296,296,139,139,139,154,179,204,169,169,169],"floor_reached":16,"playtime":786,"items_purged":[],"score":102,"play_id":"c8cf3159-b2c3-43cd-86fa-79d35ebae2b8","local_time":"20190910185121","is_ascension_mode":false,"campfire_choices":[{"floor":7,"key":"REST"},{"floor":10,"key":"REST"},{"floor":15,"key":"RECALL"}],"neow_cost":"NONE","seed_source_timestamp":2198513335827400,"circlet_count":0,"master_deck":["Strike_R","Strike_R","Strike_R","Strike_R","Strike_R","Defend_R","Defend_R","Defend_R","Defend_R","Bash","Carnage","Heavy Blade","Juggernaut","Entrench","Cleave","Bludgeon"],"special_seed":0,"relics":["Burning Blood","Golden Idol","Meat on the Bone","PreservedInsect","Bag of Preparation"],"potions_floor_usage":[16,16,16],"damage_taken":[{"damage":6.0,"enemies":"Cultist","floor":1.0,"turns":3.0},{"damage":5,"enemies":"Small Slimes","floor":2,"turns":4},{"damage":1,"enemies":"2 Louse","floor":5,"turns":3},{"damage":66,"enemies":"3 Sentries","floor":6,"turns":11},{"damage":14,"enemies":"Blue Slaver","floor":11,"turns":4},{"damage":8,"enemies":"Red Slaver","floor":12,"turns":3},{"damage":12,"enemies":"3 Louse","floor":13,"turns":3},{"damage":77,"enemies":"Hexaghost","floor":16,"turns":9}],"seed_played":"975400088395729290","potions_obtained":[{"floor":1.0,"key":"SteroidPotion"},{"floor":2,"key":"SpeedPotion"},{"floor":13,"key":"LiquidBronze"}],"is_trial":false,"path_per_floor":["M","M","?","?","M","E","R","$","T","R","M","M","M","?","R","B"],"character_chosen":"IRONCLAD","items_purchased":["PreservedInsect"],"campfire_rested":2,"item_purchase_floors":[8],"current_hp_per_floor":[80,80,60,65,70,10,35,35,35,60,52,50,56,77,77,0],"gold":169,"neow_bonus":"HUNDRED_GOLD","is_prod":false,"is_daily":false,"chose_seed":false,"campfire_upgraded":0,"win_rate":0,"timestamp":1568155881,"path_taken":["M","?","?","?","M","E","R","?","T","R","M","M","?","?","R","BOSS"],"build_version":"2019-07-17","purchased_purges":0,"victory":false,"max_hp_per_floor":[80,80,80,85,85,85,85,85,85,85,85,85,85,85,85,85],"card_choices":[{"not_picked":["Twin Strike","Entrench"],"picked":"Carnage","floor":1.0},{"not_picked":["Twin Strike","Armaments"],"picked":"Heavy Blade","floor":2},{"not_picked":["Twin Strike","Sword Boomerang","Headbutt"],"picked":"SKIP","floor":5},{"not_picked":["Cleave","Perfected Strike"],"picked":"Juggernaut","floor":6},{"not_picked":["Armaments","Clothesline"],"picked":"Entrench","floor":11},{"not_picked":["Whirlwind","Iron Wave"],"picked":"Cleave","floor":12},{"not_picked":["Armaments","Body Slam"],"picked":"Bludgeon","floor":13}],"player_experience":67814,"relics_obtained":[{"floor":6,"key":"Meat on the Bone"},{"floor":9,"key":"Bag of Preparation"}],"event_choices":[{"damage_healed":0,"gold_gain":0,"player_choice":"Take Damage","damage_taken":20,"relics_obtained":["Golden Idol"],"max_hp_gain":0,"max_hp_loss":0,"event_name":"Golden Idol","floor":3,"gold_loss":0},{"damage_healed":0,"gold_gain":0,"player_choice":"Donut","damage_taken":0,"max_hp_gain":5,"max_hp_loss":0,"event_name":"Big Fish","floor":4,"gold_loss":0},{"damage_healed":21,"gold_gain":0,"player_choice":"Healed","damage_taken":0,"max_hp_gain":0,"max_hp_loss":0,"event_name":"The Cleric","floor":14,"gold_loss":35}],"is_beta":false,"boss_relics":[],"items_purged_floors":[],"is_endless":false,"potions_floor_spawned":[1,2,13],"killed_by":"Hexaghost","ascension_level":0}