{"path_per_floor":["M","M","M","?","?","R","E","R","T","E","?","E","M","E","R","B",null,"M","M","?","M","$","E","R","$","T","M","E","M","?","M","R","B",null,"M","M","$","M","M","R","M","T","T","M","R","E","R","M","R","B"],"character_chosen":"IRONCLAD","items_purchased":["Metallicize","Vajra","Rupture","Bottled Tornado"],"gold_per_floor":[20,34,49,49,49,49,82,82,82,117,137,172,186,211,211,313,313,323,333,333,352,86,113,113,74,99,114,145,163,193,207,207,303,333,344,362,20,33,49,49,60,132,132,146,146,177,177,194,194,194],"floor_reached":51,"campfire_rested":7,"playtime":5486,"item_purchase_floors":[22,22,25,37],"current_hp_per_floor":[80,80,80,85,78,78,68,68,68,67,47,43,49,40,69,51,99,95,96,75,41,41,37,69,69,69,55,40,39,41,39,71,20,114,104,76,76,69,13,47,43,43,43,30,64,29,63,36,70,65],"items_purged":["Defend_R","Defend_R"],"gold":194,"score":871,"play_id":"bb5bc94c-3c8c-4944-a7c6-9d3c7bc5679e","local_time":"20180623033910","is_prod":false,"is_daily":false,"chose_seed":false,"is_ascension_mode":true,"campfire_upgraded":2,"win_rate":0,"timestamp":1529750350,"campfire_choices":[{"data":"Metallicize","floor":6,"key":"SMITH"},{"data":"Infernal Blade","floor":8,"key":"SMITH"},{"floor":15,"key":"REST"},{"floor":24,"key":"REST"},{"floor":32,"key":"REST"},{"floor":40,"key":"REST"},{"floor":45,"key":"REST"},{"floor":47,"key":"REST"},{"floor":49,"key":"REST"}],"path_taken":["M","M","M","?","?","R","E","R","T","E","?","E","M","E","R","BOSS","M","M","?","M","$","E","R","$","T","M","E","M","?","M","R","BOSS","M","M","$","M","M","R","M","?","T","M","R","E","R","M","R","BOSS"],"build_version":"2018-06-21","seed_source_timestamp":171912738463984,"purchased_purges":2,"circlet_count":0,"victory":true,"master_deck":["Strike_R","Strike_R","Defend_R","Defend_R","Bash","Fire Breathing","Metallicize+1","Pommel Strike","True Grit","Infernal Blade+1","Shrug It Off","Headbutt","Shrug It Off","Whirlwind","Rupture","Sword Boomerang+1","Offering","Flame Barrier","Sword Boomerang+1","Pommel Strike+1","Metallicize","Body Slam+1","Rupture","True Grit","Second Wind","Heavy Blade","Flex","Feel No Pain","Barricade","Power Through","Bloodletting+1","Inflame+1","Rupture","Disarm+1","Combust+1","Entrench+1","Fire Breathing","Havoc+1"],"max_hp_per_floor":[80,80,80,85,85,85,99,99,99,99,99,99,99,99,99,99,99,99,104,109,109,109,109,109,109,109,109,109,109,109,109,109,109,114,114,114,114,114,114,114,114,114,114,114,114,114,114,114,114,114],"relics":["Burning Blood","Mango","Bottled Flame","Bag of Preparation","Odd Mushroom","Dead Branch","Mummified Hand","Lizard Tail","Vajra","Potion Belt","Art of War","Pantograph","Red Mask","Tiny House","Bottled Tornado","Kunai","Letter Opener","Meat on the Bone"],"card_choices":[{"not_picked":["Corruption","Perfected Strike"],"picked":"Pommel Strike","floor":1},{"not_picked":["Reckless Charge","Sentinel"],"picked":"True Grit","floor":2},{"not_picked":["Wild Strike","Havoc"],"picked":"Infernal Blade","floor":3},{"not_picked":["Burning Pact","Offering"],"picked":"Shrug It Off","floor":7},{"not_picked":["Searing Blow","Havoc"],"picked":"Headbutt","floor":10},{"not_picked":["Heavy Blade","Pummel"],"picked":"Shrug It Off","floor":11},{"not_picked":["Headbutt","Burning Pact"],"picked":"Whirlwind","floor":12},{"not_picked":["Headbutt","Perfected Strike"],"picked":"Rupture","floor":13},{"not_picked":["Searing Blow","Dual Wield"],"picked":"Sword Boomerang","floor":14},{"not_picked":["Berserk","Bludgeon"],"picked":"Offering","floor":16},{"not_picked":["Cleave+1","Headbutt"],"picked":"Flame Barrier","floor":18},{"not_picked":["Cleave","Pummel"],"picked":"Sword Boomerang+1","floor":19},{"not_picked":["Armaments","Shrug It Off"],"picked":"Pommel Strike+1","floor":21},{"not_picked":["Blood for Blood","Headbutt"],"picked":"Body Slam+1","floor":23},{"not_picked":["Body Slam","Disarm"],"picked":"True Grit","floor":27},{"not_picked":["Disarm","Perfected Strike"],"picked":"Second Wind","floor":28},{"not_picked":["Headbutt","Clothesline+1"],"picked":"Heavy Blade","floor":29},{"not_picked":["Intimidate","Body Slam+1"],"picked":"Flex","floor":30},{"not_picked":["Ghostly Armor+1","Armaments+1"],"picked":"Feel No Pain","floor":31},{"not_picked":["Bludgeon","Double Tap"],"picked":"Barricade","floor":33},{"not_picked":["Shrug It Off","Sword Boomerang"],"picked":"Power Through","floor":34},{"not_picked":["Cleave","Clash+1"],"picked":"Bloodletting+1","floor":35},{"not_picked":["Pommel Strike","Combust+1"],"picked":"Inflame+1","floor":36},{"not_picked":["Rage+1","Thunderclap+1"],"picked":"Rupture","floor":38},{"not_picked":["Iron Wave","Evolve+1"],"picked":"Disarm+1","floor":39},{"not_picked":["Burning Pact","Warcry"],"picked":"Combust+1","floor":41},{"not_picked":["Sword Boomerang","Pummel"],"picked":"Entrench+1","floor":44},{"not_picked":["Barricade","Whirlwind+1"],"picked":"Fire Breathing","floor":46},{"not_picked":["Whirlwind+1","Cleave"],"picked":"Havoc+1","floor":48}],"player_experience":137565,"potions_floor_usage":[12,16,16,19,23,33,33,33,46,46,50],"damage_taken":[{"damage":0,"enemies":"Small Slimes","floor":1,"turns":4},{"damage":3,"enemies":"Cultist","floor":2,"turns":3},{"damage":3,"enemies":"2 Louse","floor":3,"turns":4},{"damage":36,"enemies":"Gremlin Nob","floor":7,"turns":5},{"damage":7,"enemies":"3 Sentries","floor":10,"turns":8},{"damage":26,"floor":11,"turns":3},{"damage":10,"enemies":"Gremlin Nob","floor":12,"turns":4},{"damage":0,"enemies":"2 Fungi Beasts","floor":13,"turns":4},{"damage":15,"enemies":"Lagavulin","floor":14,"turns":5},{"damage":30,"enemies":"Slime Boss","floor":16,"turns":7},{"damage":10,"enemies":"Chosen","floor":18,"turns":4},{"damage":10,"enemies":"Spheric Guardian","floor":19,"turns":3},{"damage":40,"enemies":"Centurion and Healer","floor":21,"turns":9},{"damage":25,"enemies":"Gremlin Leader","floor":23,"turns":8},{"damage":20,"enemies":"Slaver and Parasite","floor":27,"turns":3},{"damage":21,"enemies":"Book of Stabbing","floor":28,"turns":5},{"damage":7,"enemies":"Cultist and Chosen","floor":29,"turns":3},{"damage":4,"floor":30,"turns":2},{"damage":8,"enemies":"Centurion and Healer","floor":31,"turns":5},{"damage":82,"enemies":"Automaton","floor":33,"turns":11},{"damage":16,"enemies":"Flame Bruiser 1 Orb","floor":35,"turns":7},{"damage":34,"enemies":"3 Darklings","floor":36,"turns":5},{"damage":13,"enemies":"Maw","floor":38,"turns":5},{"damage":62,"enemies":"Transient","floor":39,"turns":5},{"damage":10,"enemies":"Flame Bruiser 2 Orb","floor":41,"turns":4},{"damage":19,"enemies":"Maw","floor":44,"turns":5},{"damage":41,"enemies":"Giant Head","floor":46,"turns":7},{"damage":45,"enemies":"Transient","floor":48,"turns":5},{"damage":63,"enemies":"Time Eater","floor":50,"turns":10}],"relics_obtained":[{"floor":7,"key":"Mango"},{"floor":9,"key":"Bottled Flame"},{"floor":10,"key":"Bag of Preparation"},{"floor":11,"key":"Odd Mushroom"},{"floor":12,"key":"Dead Branch"},{"floor":14,"key":"Mummified Hand"},{"floor":23,"key":"Potion Belt"},{"floor":26,"key":"Art of War"},{"floor":28,"key":"Pantograph"},{"floor":30,"key":"Red Mask"},{"floor":42,"key":"Kunai"},{"floor":43,"key":"Letter Opener"},{"floor":46,"key":"Meat on the Bone"}],"event_choices":[{"event_name":"Big Fish","player_choice":"Donut","floor":4,"damage_taken":0},{"event_name":"Golden Wing","player_choice":"Card Removal","floor":5,"damage_taken":0},{"event_name":"Mushrooms","player_choice":"Fought Mushrooms","floor":11,"damage_taken":0},{"event_name":"Forgotten Altar","player_choice":"Shed Blood","floor":20,"damage_taken":0},{"event_name":"Masked Bandits","player_choice":"Fought over 163 gold","floor":30,"damage_taken":0}],"boss_relics":[{"not_picked":["Ectoplasm","Snecko Eye"],"picked":"Lizard Tail"},{"not_picked":["Astrolabe","Velvet Choker"],"picked":"Tiny House"}],"items_purged_floors":[22,37],"is_endless":false,"potions_floor_spawned":[3,10,11,12,14,18,19,30,31,39,41,44],"seed_played":"-7376336974709694565","ascension_level":2,"potions_obtained":[{"floor":3,"key":"LiquidBronze"},{"floor":10,"key":"Poison Potion"},{"floor":11,"key":"Fire Potion"},{"floor":12,"key":"Poison Potion"},{"floor":14,"key":"Regen Potion"},{"floor":18,"key":"Fruit Juice"},{"floor":19,"key":"GamblersBrew"},{"floor":30,"key":"SteroidPotion"},{"floor":31,"key":"Energy Potion"},{"floor":34,"key":"GamblersBrew"},{"floor":39,"key":"SteroidPotion"},{"floor":41,"key":"Regen Potion"},{"floor":44,"key":"FairyPotion"}],"is_trial":false}