{"gold_per_floor":[110,121,139,89,105,131,131,159,185,185,360,390,406,450,462,474],"floor_reached":16,"playtime":908,"items_purged":[],"score":126,"play_id":"ccd5829e-e895-41ba-a09b-025910769a7a","local_time":"20190909191837","is_ascension_mode":true,"campfire_choices":[{"floor":7,"key":"REST"},{"floor":15,"key":"REST"}],"neow_cost":"NONE","seed_source_timestamp":171219320918206,"circlet_count":0,"master_deck":["Strike_B","Strike_B","Strike_B","Strike_B","Defend_B","Defend_B","Defend_B","Zap","Dualcast","Seek","Defragment","Cold Snap","Static Discharge","Chill","Glacier","Blizzard","Injury","Doubt","Coolheaded","Sweeping Beam","Chaos"],"relics":["Cracked Core","Bag of Preparation","Dream Catcher","Happy Flower","Golden Idol","Odd Mushroom","MawBank"],"potions_floor_usage":[2,6,6,8,12],"damage_taken":[{"damage":1,"enemies":"Jaw Worm","floor":1,"turns":3},{"damage":6,"enemies":"2 Louse","floor":2,"turns":3},{"damage":0,"enemies":"Small Slimes","floor":3,"turns":3},{"damage":7,"enemies":"Looter","floor":5,"turns":3},{"damage":9,"enemies":"Lagavulin","floor":6,"turns":5},{"damage":20,"enemies":"3 Sentries","floor":8,"turns":7},{"damage":0,"enemies":"The Mushroom Lair","floor":12,"turns":5},{"damage":4,"enemies":"3 Louse","floor":13,"turns":4},{"damage":22,"enemies":"Lagavulin","floor":14,"turns":9},{"damage":50,"enemies":"Slime Boss","floor":16,"turns":11}],"seed_played":"4258385366641273993","potions_obtained":[{"floor":1,"key":"FearPotion"},{"floor":3,"key":"Swift Potion"},{"floor":5,"key":"Energy Potion"},{"floor":6,"key":"DuplicationPotion"},{"floor":8,"key":"PowerPotion"}],"is_trial":false,"path_per_floor":["M","M","M","?","M","E","R","E","T","?","?","?","M","E","R","B"],"character_chosen":"DEFECT","items_purchased":[],"campfire_rested":2,"item_purchase_floors":[],"current_hp_per_floor":[74,68,68,68,61,52,74,54,54,54,54,54,50,28,50,0],"gold":474,"neow_bonus":"ONE_RANDOM_RARE_CARD","is_prod":false,"is_daily":false,"chose_seed":false,"campfire_upgraded":0,"win_rate":0,"timestamp":1568081917,"path_taken":["M","M","M","?","M","E","R","E","T","?","?","?","M","E","R","BOSS"],"build_version":"2019-09-09v2","purchased_purges":0,"victory":false,"max_hp_per_floor":[75,75,75,75,75,75,75,75,75,75,75,75,75,75,75,75],"card_choices":[{"not_picked":["Streamline","Hologram"],"picked":"Defragment","floor":1},{"not_picked":["Stack","Sweeping Beam"],"picked":"Cold Snap","floor":2},{"not_picked":["Go for the Eyes","Auto Shields"],"picked":"Static Discharge","floor":3},{"not_picked":["Compile Driver","Hyperbeam"],"picked":"Chill","floor":5},{"not_picked":["Beam Cell","Recycle"],"picked":"Glacier","floor":6},{"not_picked":["Steam Power","Beam Cell"],"picked":"Blizzard","floor":8},{"not_picked":["Lockon","Doom and Gloom"],"picked":"Coolheaded","floor":12},{"not_picked":["Skim","Lockon","Barrage"],"picked":"SKIP","floor":13},{"not_picked":["Turbo","Fission"],"picked":"Sweeping Beam","floor":14},{"not_picked":["Static Discharge","Tempest"],"picked":"Chaos","floor":15}],"player_experience":96495,"relics_obtained":[{"floor":6,"key":"Bag of Preparation"},{"floor":8,"key":"Dream Catcher"},{"floor":9,"key":"Happy Flower"},{"floor":12,"key":"Odd Mushroom"},{"floor":14,"key":"MawBank"}],"event_choices":[{"cards_removed":["Defend_B"],"damage_healed":0,"gold_gain":0,"player_choice":"Card Removal","damage_taken":0,"max_hp_gain":0,"max_hp_loss":0,"event_name":"The Cleric","floor":4,"gold_loss":50},{"damage_healed":0,"gold_gain":0,"player_choice":"Take Wound","damage_taken":0,"relics_obtained":["Golden Idol"],"max_hp_gain":0,"max_hp_loss":0,"event_name":"Golden Idol","floor":10,"gold_loss":0,"cards_obtained":["Injury"]},{"damage_healed":0,"gold_gain":175,"player_choice":"AGREE","damage_taken":0,"max_hp_gain":0,"max_hp_loss":0,"event_name":"Liars Game","floor":11,"gold_loss":0,"cards_obtained":["Doubt"]},{"damage_healed":0,"gold_gain":0,"player_choice":"Fought Mushrooms","damage_taken":0,"max_hp_gain":0,"max_hp_loss":0,"event_name":"Mushrooms","floor":12,"gold_loss":0}],"is_beta":true,"boss_relics":[],"items_purged_floors":[],"is_endless":false,"potions_floor_spawned":[1,3,5,6,8],"killed_by":"Slime Boss","ascension_level":1}