{"gold_per_floor":[111,129,204,221,233,233,266,277,300,318,318,53,87,100,100,199,199,218,199,214,214,28,28],"floor_reached":23,"playtime":2075,"items_purged":[],"score":256,"play_id":"00edf9d5-48b8-4fd9-a623-342fab72dfdf","local_time":"20180916215028","is_ascension_mode":true,"campfire_choices":[{"floor":6,"key":"REST"},{"floor":11,"key":"REST"},{"floor":15,"key":"REST"}],"neow_cost":"","seed_source_timestamp":272102665408490,"circlet_count":0,"master_deck":["Defend_G","Defend_G","Defend_G","Defend_G","Defend_G","Strike_G","Strike_G","Strike_G","Strike_G","Strike_G","Survivor","Neutralize","Deadly Poison","Accuracy","Prepared","Backstab","Noxious Fumes","Deflect","Prepared","Infinite Blades","Backstab","Catalyst","Tools of the Trade","Deadly Poison","Deflect+1","Blade Dance+1","Decay","Footwork"],"relics":["Ring of the Snake","Incense Burner","Anchor","Lantern","Boot","Eternal Feather","Orichalcum"],"potions_floor_usage":[7,16,16,20,20,23],"damage_taken":[{"damage":2,"enemies":"Small Slimes","floor":1,"turns":5},{"damage":8,"enemies":"2 Louse","floor":2,"turns":4},{"damage":2,"enemies":"Cultist","floor":4,"turns":4},{"damage":11,"enemies":"2 Fungi Beasts","floor":5,"turns":5},{"damage":29,"enemies":"Gremlin Nob","floor":7,"turns":4},{"damage":4,"enemies":"Blue Slaver","floor":8,"turns":4},{"damage":0,"enemies":"Exordium Wildlife","floor":10,"turns":4},{"damage":5,"enemies":"3 Sentries","floor":13,"turns":7},{"damage":0,"enemies":"Gremlin Gang","floor":14,"turns":5},{"damage":29,"enemies":"Hexaghost","floor":16,"turns":10},{"damage":14,"enemies":"Shell Parasite","floor":18,"turns":6},{"damage":13,"enemies":"2 Thieves","floor":19,"turns":4},{"damage":27,"enemies":"3 Cultists","floor":20,"turns":7},{"damage":10,"enemies":"Book of Stabbing","floor":23,"turns":2}],"seed_played":"3962996876209131104","potions_obtained":[{"floor":4,"key":"Swift Potion"},{"floor":5,"key":"Swift Potion"},{"floor":7,"key":"SpeedPotion"},{"floor":10,"key":"Block Potion"},{"floor":18,"key":"SkillPotion"},{"floor":19,"key":"SkillPotion"}],"is_trial":false,"path_per_floor":["M","M","?","M","M","R","E","M","T","M","R","$","E","M","R","B",null,"M","M","M","?","$"],"character_chosen":"THE_SILENT","items_purchased":["Infinite Blades","Lantern","Backstab","Footwork","Orichalcum"],"campfire_rested":3,"item_purchase_floors":[12,12,12,22,22],"current_hp_per_floor":[68,60,49,47,36,57,28,24,24,24,45,45,40,40,61,32,61,47,34,7,7,7,0],"gold":28,"neow_bonus":"","is_prod":false,"is_daily":false,"chose_seed":false,"campfire_upgraded":0,"win_rate":0,"timestamp":1537159828,"path_taken":["M","M","?","?","M","R","E","M","T","M","R","$","E","M","R","BOSS","M","M","M","?","$","E"],"build_version":"2018-09-12","purchased_purges":0,"victory":false,"max_hp_per_floor":[70,70,70,70,70,70,70,70,70,70,70,70,70,70,70,70,70,70,70,70,70,70,70],"card_choices":[{"not_picked":["Bouncing Flask","Dagger Spray"],"picked":"Deadly Poison","floor":1},{"not_picked":["Concentrate","Poisoned Stab"],"picked":"Accuracy","floor":2},{"not_picked":["Endless Agony","Concentrate"],"picked":"Prepared","floor":4},{"not_picked":["Backflip","PiercingWail"],"picked":"Backstab","floor":5},{"not_picked":["Footwork","Reflex"],"picked":"Noxious Fumes","floor":7},{"not_picked":["Caltrops","Masterful Stab"],"picked":"Deflect","floor":8},{"not_picked":["Bane","Quick Slash"],"picked":"Prepared","floor":10},{"not_picked":["Underhanded Strike","Leg Sweep"],"picked":"Catalyst","floor":13},{"not_picked":["Outmaneuver","Prepared","Bane"],"picked":"SKIP","floor":14},{"not_picked":["A Thousand Cuts","Envenom"],"picked":"Tools of the Trade","floor":16},{"not_picked":["Outmaneuver+1","Underhanded Strike"],"picked":"Deadly Poison","floor":18},{"not_picked":["PiercingWail","Dagger Throw+1"],"picked":"Deflect+1","floor":19},{"not_picked":["Dodge and Roll","Bullet Time"],"picked":"Blade Dance+1","floor":20}],"player_experience":213757,"relics_obtained":[{"floor":7,"key":"Incense Burner"},{"floor":9,"key":"Anchor"},{"floor":13,"key":"Boot"}],"event_choices":[{"event_name":"World of Goop","player_choice":"Gather Gold","floor":3,"damage_taken":0},{"event_name":"Forgotten Altar","player_choice":"Smashed Altar","floor":21,"damage_taken":0}],"is_beta":true,"boss_relics":[{"not_picked":["Busted Crown","Sozu"],"picked":"Eternal Feather"}],"items_purged_floors":[],"is_endless":false,"potions_floor_spawned":[4,5,7,10,14,18,19],"killed_by":"Book of Stabbing","ascension_level":5}