{"gold_per_floor":[363,438,69,84,94,94,120,120,143,159,187,49,59,93,93,188,188,206,206,206,217,217,217,217,217,243,243,277,9,24,54,54,158,158,170,20,20,36,36,36],"floor_reached":40,"playtime":3858,"items_purged":["Defend_P","Strike_P","Strike_P","Strike_P"],"score":488,"play_id":"9ed487ef-037b-4b78-b4c2-64e2fcb55e6b","local_time":"20190912210509","is_ascension_mode":true,"campfire_choices":[{"floor":6.0,"key":"REST"},{"data":"CrushJoints","floor":8.0,"key":"SMITH"},{"data":"CrushJoints","floor":15.0,"key":"SMITH"},{"floor":23.0,"key":"REST"},{"data":"MasterReality","floor":25.0,"key":"SMITH"},{"floor":27.0,"key":"REST"},{"floor":32.0,"key":"REST"}],"neow_cost":"PERCENT_DAMAGE","seed_source_timestamp":0,"circlet_count":0,"master_deck":["Strike_P","Defend_P","Defend_P","Eruption","Vigilance","Halt","StepAndStrike","CrushJoints+1","BattleHymn","Perseverance","PathToVictory","Devotion","CrushJoints+1","EmptyFist","MasterReality+1","CurseOfTheBell","WindmillStrike+1","RitualDagger","ClearTheMind","Protect+1","FearNoEvil","BowlingBash","Crescendo+1"],"special_seed":0,"relics":["PureWater","TungstenRod","Potion Belt","MealTicket","StoneCalendar","Singing Bowl","Calling Bell","Regal Pillow","Sundial","Turnip","Nilry\u0027s Codex","Nloth\u0027s Gift","PreservedInsect","Dream Catcher","Medical Kit","Omamori","Cursed Key"],"potions_floor_usage":[38,40],"damage_taken":[{"damage":0.0,"enemies":"Small Slimes","floor":1.0,"turns":2.0},{"damage":0.0,"enemies":"Jaw Worm","floor":4.0,"turns":4.0},{"damage":0.0,"enemies":"Cultist","floor":5.0,"turns":2.0},{"damage":12.0,"enemies":"Lagavulin","floor":7.0,"turns":6.0},{"damage":4.0,"enemies":"2 Fungi Beasts","floor":10.0,"turns":4.0},{"damage":11.0,"enemies":"3 Sentries","floor":11.0,"turns":8.0},{"damage":2.0,"enemies":"3 Louse","floor":13.0,"turns":4.0},{"damage":0.0,"enemies":"Lagavulin","floor":14.0,"turns":4.0},{"damage":14.0,"enemies":"The Guardian","floor":16.0,"turns":8.0},{"damage":9.0,"enemies":"Spheric Guardian","floor":18.0,"turns":6.0},{"damage":29.0,"enemies":"Shell Parasite","floor":21.0,"turns":6.0},{"damage":40.0,"enemies":"Slavers","floor":28.0,"turns":4.0},{"damage":3.0,"enemies":"Centurion and Healer","floor":30.0,"turns":7.0},{"damage":16.0,"enemies":"Gremlin Leader","floor":31.0,"turns":5.0},{"damage":10.0,"enemies":"Champ","floor":33.0,"turns":11.0},{"damage":9,"enemies":"Orb Walker","floor":35,"turns":3},{"damage":5,"enemies":"3 Darklings","floor":38,"turns":6},{"damage":69,"enemies":"Reptomancer","floor":40,"turns":2}],"seed_played":"-6891527387137503060","potions_obtained":[{"floor":4.0,"key":"Explosive Potion"},{"floor":5.0,"key":"Poison Potion"},{"floor":10.0,"key":"AttackPotion"},{"floor":11.0,"key":"LiquidBronze"},{"floor":13.0,"key":"Energy Potion"},{"floor":14.0,"key":"Poison Potion"},{"floor":18.0,"key":"Strength Potion"},{"floor":30.0,"key":"EssenceOfSteel"},{"floor":33.0,"key":"GamblersBrew"}],"is_trial":false,"path_per_floor":["M","?","$","M","M","R","E","R","T","M","E","$","M","E","R","B",null,"M","?","?","M","?","R","?","R","T","R","E","$","M","E","R","B",null,"M","$","?","M","?","E"],"character_chosen":"WATCHER","items_purchased":["TungstenRod","Art of War","Devotion","Medical Kit"],"campfire_rested":4,"item_purchase_floors":[3,3,12,29],"current_hp_per_floor":[47,36,36,36,36,55,43,43,43,39,28,43,41,41,41,27,65,56,44,44,17,12,47,47,47,47,67,27,42,39,23,60,52,71,62,71,67,62,64,0],"gold":36,"neow_bonus":"TWO_FIFTY_GOLD","is_prod":false,"is_daily":false,"chose_seed":false,"campfire_upgraded":3,"win_rate":0,"timestamp":1568347509,"path_taken":["M","?","$","M","M","R","E","R","T","M","E","$","M","E","R","BOSS","M","?","?","?","?","R","?","R","T","R","E","$","?","E","R","BOSS","M","$","?","M","?","E"],"build_version":"2019-09-11v2","purchased_purges":4,"victory":false,"max_hp_per_floor":[65,65,65,65,65,65,65,65,65,65,65,65,65,65,65,65,65,65,65,65,67,67,67,67,67,67,67,67,67,67,67,69,71,71,71,71,67,67,69,69],"card_choices":[{"not_picked":["Swivel","Fasting"],"picked":"Halt","floor":1.0},{"not_picked":["Consecrate","JustLucky"],"picked":"StepAndStrike","floor":4.0},{"not_picked":["FollowUp","Fasting"],"picked":"CrushJoints","floor":5.0},{"not_picked":["Evaluate","Consecrate"],"picked":"BattleHymn","floor":7.0},{"not_picked":["CrushJoints","EmptyMind"],"picked":"Perseverance","floor":10.0},{"not_picked":["Collect","Unraveling"],"picked":"PathToVictory","floor":11.0},{"not_picked":["JustLucky","Weave"],"picked":"CrushJoints","floor":13.0},{"not_picked":["TalkToTheHand","Wish"],"picked":"EmptyFist","floor":14.0},{"not_picked":["Metaphysics","Unraveling"],"picked":"MasterReality","floor":16.0},{"not_picked":["WreathOfFlame+1","Evaluate"],"picked":"WindmillStrike+1","floor":18.0},{"not_picked":["Vengeance","Sanctity","CrushJoints"],"picked":"Singing Bowl","floor":21.0},{"not_picked":["CutThroughFate","Halt+1"],"picked":"ClearTheMind","floor":28.0},{"not_picked":["Sanctity+1","Halt"],"picked":"Protect+1","floor":30.0},{"not_picked":["EmptyMind+1","Brilliance"],"picked":"FearNoEvil","floor":31.0},{"not_picked":["Worship+1","Fasting","ClearTheMind+1"],"picked":"Singing Bowl","floor":32.0},{"not_picked":["Nirvana","Unraveling","Pray"],"picked":"Singing Bowl","floor":33.0},{"not_picked":["FlyingSleeves+1","ClearTheMind"],"picked":"BowlingBash","floor":35},{"not_picked":["JustLucky","ReachHeaven"],"picked":"Crescendo+1","floor":38},{"not_picked":["Impatience","Swift Strike","Metamorphosis"],"picked":"Singing Bowl","floor":39}],"player_experience":341950,"relics_obtained":[{"floor":7.0,"key":"Potion Belt"},{"floor":9.0,"key":"MealTicket"},{"floor":11.0,"key":"StoneCalendar"},{"floor":14.0,"key":"Singing Bowl"},{"floor":17.0,"key":"Regal Pillow"},{"floor":17.0,"key":"Sundial"},{"floor":17.0,"key":"Turnip"},{"floor":19.0,"key":"Nilry\u0027s Codex"},{"floor":26.0,"key":"PreservedInsect"},{"floor":28.0,"key":"Dream Catcher"},{"floor":31.0,"key":"Omamori"}],"event_choices":[{"damage_healed":0.0,"max_hp_gain":0.0,"max_hp_loss":0.0,"gold_gain":75.0,"event_name":"World of Goop","player_choice":"Gather Gold","floor":2.0,"gold_loss":0.0,"damage_taken":11.0},{"damage_healed":0.0,"max_hp_gain":0.0,"max_hp_loss":0.0,"gold_gain":0.0,"event_name":"Cursed Tome","player_choice":"Obtained Book","floor":19.0,"gold_loss":0.0,"damage_taken":16.0},{"cards_removed":["Defend_P"],"damage_healed":0.0,"max_hp_gain":0.0,"max_hp_loss":0.0,"gold_gain":0.0,"event_name":"Purifier","player_choice":"Purged","floor":20.0,"gold_loss":0.0,"damage_taken":0.0},{"damage_healed":0.0,"max_hp_gain":0.0,"max_hp_loss":0.0,"gold_gain":0.0,"event_name":"Nest","player_choice":"Joined the Cult","floor":22.0,"gold_loss":0.0,"damage_taken":6.0,"cards_obtained":["RitualDagger"]},{"damage_healed":0.0,"max_hp_gain":0.0,"max_hp_loss":0.0,"gold_gain":0.0,"event_name":"N\u0027loth","player_choice":"Traded Relic","floor":24.0,"relics_lost":["Art of War"],"gold_loss":0.0,"damage_taken":0.0,"relics_obtained":["Nloth\u0027s Gift"]},{"damage_healed":0,"gold_gain":0,"player_choice":"Max HP","damage_taken":0,"max_hp_gain":0,"max_hp_loss":4,"event_name":"Winding Halls","floor":37,"gold_loss":0},{"damage_healed":0,"gold_gain":0,"player_choice":"Memory 1","damage_taken":0,"max_hp_gain":0,"max_hp_loss":0,"event_name":"SensoryStone","floor":39,"gold_loss":0}],"is_beta":true,"boss_relics":[{"not_picked":["Sozu","Pandora\u0027s Box"],"picked":"Calling Bell"},{"not_picked":["Snecko Eye","Astrolabe"],"picked":"Cursed Key"}],"items_purged_floors":[3,12,29,36],"is_endless":false,"potions_floor_spawned":[4,5,10,11,13,14,18,30,33],"killed_by":"Reptomancer","ascension_level":1}