{"gold_per_floor":[214,62,32,32,32,32,47,80,80,114,189,189,219,229,229,229],"floor_reached":16,"playtime":902,"items_purged":["Strike_G"],"score":145,"play_id":"d1ca89f9-95ac-4bd5-8fb4-cd33687cfdb4","local_time":"20190913163914","is_ascension_mode":true,"campfire_choices":[{"data":"Corpse Explosion","floor":6,"key":"SMITH"},{"floor":12,"key":"REST"},{"floor":15,"key":"REST"}],"neow_cost":"NONE","seed_source_timestamp":384149556720900,"circlet_count":0,"master_deck":["Strike_G","Strike_G","Strike_G","Strike_G","Defend_G","Defend_G","Defend_G","Defend_G","Defend_G","Survivor","Neutralize","Slice","Accuracy","Writhe","Corpse Explosion+1","Blade Dance","Dagger Spray","Envenom","Blur","Cloak And Dagger"],"relics":["Ring of the Snake","Matryoshka","Ninja Scroll","Tingsha","Shovel","Blue Candle"],"potions_floor_usage":[8,8,10],"damage_taken":[{"damage":0,"enemies":"2 Louse","floor":1,"turns":2},{"damage":0,"enemies":"Cultist","floor":7,"turns":3},{"damage":27,"enemies":"Gremlin Nob","floor":8,"turns":4},{"damage":7,"enemies":"3 Sentries","floor":10,"turns":5},{"damage":17,"enemies":"Lagavulin","floor":13,"turns":5},{"damage":0,"enemies":"Jaw Worm","floor":14,"turns":2},{"damage":51,"enemies":"Hexaghost","floor":16,"turns":9}],"seed_played":"8826243816164932336","potions_obtained":[{"floor":3,"key":"Strength Potion"},{"floor":3,"key":"Weak Potion"},{"floor":8,"key":"Block Potion"}],"is_trial":false,"path_per_floor":["M","$","?","$","?","R","M","E","T","E","?","R","E","M","R","B"],"character_chosen":"THE_SILENT","items_purchased":["Accuracy"],"campfire_rested":2,"item_purchase_floors":[2],"current_hp_per_floor":[70,70,70,70,70,70,70,43,43,36,25,46,29,29,50,0],"gold":229,"neow_bonus":"HUNDRED_GOLD","is_prod":false,"is_daily":false,"chose_seed":false,"campfire_upgraded":1,"win_rate":0,"timestamp":1568417954,"path_taken":["M","$","?","?","?","R","?","E","T","E","?","R","E","M","R","BOSS"],"build_version":"2019-09-12","purchased_purges":1,"victory":false,"max_hp_per_floor":[70,70,70,70,70,70,70,70,70,70,70,70,70,70,70,70],"card_choices":[{"not_picked":["Outmaneuver","Acrobatics"],"picked":"Slice","floor":1},{"not_picked":["Dagger Spray","Dodge and Roll"],"picked":"Blade Dance","floor":7},{"not_picked":["Distraction","Escape Plan"],"picked":"Dagger Spray","floor":8},{"not_picked":["Flechettes","Riddle With Holes"],"picked":"Envenom","floor":10},{"not_picked":["Slice","Reflex"],"picked":"Blur","floor":13},{"not_picked":["Calculated Gamble","Underhanded Strike"],"picked":"Cloak And Dagger","floor":14}],"player_experience":348847,"relics_obtained":[{"floor":8,"key":"Matryoshka"},{"floor":9,"key":"Ninja Scroll"},{"floor":9,"key":"Tingsha"},{"floor":10,"key":"Shovel"},{"floor":13,"key":"Blue Candle"}],"event_choices":[{"damage_healed":0,"gold_gain":0,"player_choice":"Bought 2 Potions","damage_taken":0,"max_hp_gain":0,"max_hp_loss":0,"event_name":"The Woman in Blue","floor":3,"gold_loss":0},{"damage_healed":0,"gold_gain":0,"player_choice":"2 cards matched","damage_taken":0,"max_hp_gain":0,"max_hp_loss":0,"event_name":"Match and Keep!","floor":5,"gold_loss":0,"cards_obtained":["Writhe","Corpse Explosion"]},{"damage_healed":0,"gold_gain":75,"player_choice":"Gather Gold","damage_taken":11,"max_hp_gain":0,"max_hp_loss":0,"event_name":"World of Goop","floor":11,"gold_loss":0}],"is_beta":true,"boss_relics":[],"items_purged_floors":[2],"is_endless":false,"potions_floor_spawned":[8],"killed_by":"Hexaghost","ascension_level":5}