{"gold_per_floor":[119,119,134,153,168,203,203,235,235,235,268,284,284],"floor_reached":13,"playtime":1240,"items_purged":[],"score":110,"play_id":"376c590a-b54e-4fa5-8835-551dc401c7ef","local_time":"20190909214446","is_ascension_mode":true,"campfire_choices":[{"floor":7,"key":"REST"}],"neow_cost":"NONE","seed_source_timestamp":56556074225000,"circlet_count":0,"master_deck":["Strike_P","Strike_P+1","Strike_P+1","Strike_P+1","Defend_P+1","Defend_P","Defend_P","Defend_P","Eruption+1","Vigilance","Establishment","Perseverance","FlyingSleeves","Halt","WaveOfTheHand","SandsOfTime","FearNoEvil","Crescendo"],"relics":["PureWater","Whetstone","Melange","Frozen Egg 2","Darkstone Periapt"],"potions_floor_usage":[6,8,11,11,11,13],"damage_taken":[{"damage":1,"enemies":"Jaw Worm","floor":1,"turns":5},{"damage":3,"enemies":"2 Louse","floor":3,"turns":2},{"damage":0,"enemies":"Cultist","floor":4,"turns":2},{"damage":3,"enemies":"Red Slaver","floor":5,"turns":4},{"damage":18,"enemies":"Lagavulin","floor":6,"turns":7},{"damage":22,"enemies":"Gremlin Nob","floor":8,"turns":4},{"damage":14,"enemies":"3 Sentries","floor":11,"turns":5},{"damage":5,"enemies":"Large Slime","floor":12,"turns":6},{"damage":8,"enemies":"Exordium Wildlife","floor":13,"turns":1}],"seed_played":"7195177887288968026","potions_obtained":[{"floor":3,"key":"SpeedPotion"},{"floor":4,"key":"FearPotion"},{"floor":8,"key":"Energy Potion"},{"floor":10,"key":"SkillPotion"},{"floor":10,"key":"Explosive Potion"},{"floor":12,"key":"PowerPotion"}],"is_trial":false,"path_per_floor":["M","?","M","M","M","E","R","E","T","?","E","M","M"],"character_chosen":"WATCHER","items_purchased":[],"campfire_rested":1,"item_purchase_floors":[],"current_hp_per_floor":[64,51,48,48,45,27,46,24,24,24,10,5,0],"gold":284,"neow_bonus":"UPGRADE_CARD","is_prod":false,"is_daily":false,"chose_seed":false,"campfire_upgraded":0,"win_rate":0,"timestamp":1568090686,"path_taken":["M","?","M","M","M","E","R","E","T","?","E","?","M"],"build_version":"2019-09-09v2","purchased_purges":0,"victory":false,"max_hp_per_floor":[65,65,65,65,65,65,65,65,65,65,65,65,65],"card_choices":[{"not_picked":["EmptyMind","FollowUp"],"picked":"Establishment","floor":1},{"not_picked":["Sanctity","JustLucky"],"picked":"Perseverance","floor":3},{"not_picked":["Prostrate","EmptyBody"],"picked":"FlyingSleeves","floor":4},{"not_picked":["Consecrate","FlyingSleeves"],"picked":"Halt","floor":5},{"not_picked":["Establishment","Wish"],"picked":"WaveOfTheHand","floor":6},{"not_picked":["ForeignInfluence","Perseverance"],"picked":"SandsOfTime","floor":8},{"not_picked":["BowlingBash","Vengeance"],"picked":"FearNoEvil","floor":11},{"not_picked":["Sanctity","ForeignInfluence"],"picked":"Crescendo","floor":12}],"player_experience":337018,"relics_obtained":[{"floor":6,"key":"Whetstone"},{"floor":8,"key":"Melange"},{"floor":9,"key":"Frozen Egg 2"},{"floor":11,"key":"Darkstone Periapt"}],"event_choices":[{"damage_healed":0,"gold_gain":0,"player_choice":"Entered Light","damage_taken":13,"max_hp_gain":0,"max_hp_loss":0,"event_name":"Shining Light","floor":2,"gold_loss":0,"cards_upgraded":["Defend_P","Strike_P"]},{"damage_healed":0,"gold_gain":0,"player_choice":"Got Potions","damage_taken":0,"max_hp_gain":0,"max_hp_loss":0,"event_name":"Lab","floor":10,"gold_loss":0}],"is_beta":true,"boss_relics":[],"items_purged_floors":[],"is_endless":false,"potions_floor_spawned":[3,4,8,12],"killed_by":"Exordium Wildlife","ascension_level":1}