{"gold_per_floor":[112,112,3,3,16,45,57,244,256,8,26,37,37,49,49,145,145,159,59,74,74,34,34,50,80,151,151,165,165,176,176,176,281,281,293,293,203,218,236,236,267,286,286,4,4,4,4,18,18,18,18,18,18,18],"floor_reached":54,"playtime":2352,"items_purged":["Strike_B","Doubt","Strike_B"],"score":781,"play_id":"41f8d31b-495a-4294-9023-282e0f881359","local_time":"20190914132209","is_ascension_mode":true,"campfire_choices":[{"floor":7.0,"key":"RECALL"},{"data":"Apotheosis","floor":13.0,"key":"SMITH"},{"data":"Double Energy","floor":15.0,"key":"SMITH"},{"data":"White Noise","floor":23.0,"key":"SMITH"},{"floor":29.0,"key":"REST"},{"floor":32.0,"key":"REST"},{"floor":40.0,"key":"REST"},{"floor":49.0,"key":"REST"},{"data":"Sunder","floor":52,"key":"SMITH"}],"neow_cost":"NONE","seed_source_timestamp":10055680170461,"circlet_count":0,"master_deck":["Strike_B","Defend_B","Zap","Dualcast","Ball Lightning","Genetic Algorithm","Double Energy+1","Leap","Apotheosis+1","Defragment","Sunder+1","Multi-Cast","White Noise+1","Creative AI","Lockon","Core Surge+1","Tempest+1"],"special_seed":0,"relics":["Cracked Core","NeowsBlessing","MawBank","Runic Pyramid","Meat on the Bone","Matryoshka","SlaversCollar","Bag of Marbles","Omamori","Strawberry","Runic Capacitor","Ancient Tea Set","Centennial Puzzle"],"potions_floor_usage":[50,50],"damage_taken":[{"damage":0.0,"enemies":"Jaw Worm","floor":1.0,"turns":1.0},{"damage":0.0,"enemies":"2 Louse","floor":5.0,"turns":1.0},{"damage":0.0,"enemies":"Lagavulin","floor":6.0,"turns":1.0},{"damage":0.0,"enemies":"Cultist","floor":11.0,"turns":3.0},{"damage":0.0,"enemies":"Blue Slaver","floor":12.0,"turns":3.0},{"damage":0.0,"enemies":"Exordium Wildlife","floor":14.0,"turns":3.0},{"damage":41.0,"enemies":"Slime Boss","floor":16.0,"turns":8.0},{"damage":7.0,"enemies":"Chosen","floor":18.0,"turns":4.0},{"damage":0.0,"enemies":"Spheric Guardian","floor":20.0,"turns":3.0},{"damage":12.0,"enemies":"3 Cultists","floor":24.0,"turns":4.0},{"damage":36.0,"enemies":"Book of Stabbing","floor":25.0,"turns":5.0},{"damage":0.0,"enemies":"Centurion and Healer","floor":27.0,"turns":1.0},{"damage":15.0,"enemies":"Snecko","floor":28.0,"turns":5.0},{"damage":18.0,"enemies":"3 Cultists","floor":30.0,"turns":4.0},{"damage":22.0,"enemies":"Colosseum Slavers","floor":31.0,"turns":4.0},{"damage":46.0,"enemies":"Champ","floor":33.0,"turns":10.0},{"damage":11.0,"enemies":"3 Shapes","floor":35.0,"turns":7.0},{"damage":51.0,"enemies":"3 Darklings","floor":38.0,"turns":5.0},{"damage":18.0,"enemies":"Spire Growth","floor":39.0,"turns":4.0},{"damage":14.0,"enemies":"Nemesis","floor":41.0,"turns":7.0},{"damage":27.0,"enemies":"Jaw Worm Horde","floor":42.0,"turns":5.0},{"damage":30.0,"enemies":"Transient","floor":48.0,"turns":5.0},{"damage":127,"enemies":"Awakened One","floor":50,"turns":8},{"damage":82,"enemies":"Shield and Spear","floor":54,"turns":4}],"seed_played":"4172942186502136955","potions_obtained":[{"floor":5.0,"key":"SteroidPotion"},{"floor":6.0,"key":"SkillPotion"},{"floor":16.0,"key":"SkillPotion"},{"floor":18.0,"key":"Poison Potion"},{"floor":22.0,"key":"SmokeBomb"},{"floor":22.0,"key":"FairyPotion"},{"floor":22.0,"key":"DuplicationPotion"},{"floor":24.0,"key":"FearPotion"},{"floor":28.0,"key":"Energy Potion"},{"floor":35.0,"key":"FocusPotion"},{"floor":41.0,"key":"Energy Potion"},{"floor":42.0,"key":"SteroidPotion"}],"is_trial":false,"path_per_floor":["M","?","$","?","M","E","R","?","T","$","M","M","R","M","R","B",null,"M","$","M","?","?","R","M","E","T","M","M","R","M","?","R","B",null,"M","?","?","M","M","R","E","M","T","$","?","T","?","M","R","B",null,"R","$","E"],"character_chosen":"DEFECT","items_purchased":["Genetic Algorithm","Apotheosis","Defragment","Runic Capacitor"],"campfire_rested":4,"item_purchase_floors":[3,10,10,44],"current_hp_per_floor":[75,75,75,75,75,75,75,75,75,75,75,75,75,75,75,34,75,68,68,68,68,68,68,56,20,20,32,29,51,45,35,57,23,75,64,64,64,25,19,41,39,24,31,31,82,82,82,52,76,20,82,82,82,0],"gold":18,"neow_bonus":"THREE_ENEMY_KILL","is_prod":false,"is_daily":false,"chose_seed":false,"campfire_upgraded":4,"win_rate":0,"timestamp":1568492529,"path_taken":["M","?","$","?","?","E","R","?","T","$","M","M","R","M","R","BOSS","M","$","M","?","?","R","M","E","T","M","M","R","?","?","R","BOSS","M","?","?","?","M","R","E","M","T","$","?","?","?","?","R","BOSS","R","$","E"],"build_version":"2019-09-12","purchased_purges":3,"victory":false,"max_hp_per_floor":[75,75,75,75,75,75,75,75,75,75,75,75,75,75,75,75,75,75,75,75,75,75,75,75,75,75,75,75,75,75,75,75,75,75,75,75,75,75,75,75,75,75,82,82,82,82,82,82,82,82,82,82,82,82],"card_choices":[{"not_picked":["Cold Snap","Turbo"],"picked":"Ball Lightning","floor":1.0},{"not_picked":["Cold Snap","Leap"],"picked":"Loop","floor":5.0},{"not_picked":["Streamline","Hello World"],"picked":"Leap","floor":6.0},{"not_picked":["Go for the Eyes","Rebound","Redo"],"picked":"SKIP","floor":11.0},{"not_picked":["Streamline","Reprogram","Gash"],"picked":"SKIP","floor":12.0},{"not_picked":["Streamline","Reprogram","Gash"],"picked":"SKIP","floor":12.0},{"not_picked":["Compile Driver","Coolheaded"],"picked":"Sunder","floor":14.0},{"not_picked":["Biased Cognition","Rainbow"],"picked":"Multi-Cast","floor":16.0},{"not_picked":["Force Field","Redo+1","Hologram+1"],"picked":"SKIP","floor":18.0},{"not_picked":["Consume","Beam Cell"],"picked":"White Noise","floor":20.0},{"not_picked":["Turbo","Go for the Eyes","Rebound"],"picked":"SKIP","floor":24.0},{"not_picked":["Consume","Double Energy"],"picked":"Creative AI","floor":25.0},{"not_picked":["Chaos","Compile Driver"],"picked":"Lockon","floor":28.0},{"not_picked":["Stack","Steam","Coolheaded"],"picked":"SKIP","floor":30.0},{"not_picked":["Stack","Steam","Coolheaded"],"picked":"SKIP","floor":30.0},{"not_picked":["Biased Cognition","Rainbow"],"picked":"Core Surge","floor":33.0},{"not_picked":["Steam+1","Heatsinks","Doom and Gloom+1"],"picked":"SKIP","floor":35.0},{"not_picked":["Coolheaded+1","Force Field+1"],"picked":"Tempest+1","floor":38.0},{"not_picked":["Steam+1","Barrage+1","Go for the Eyes+1"],"picked":"SKIP","floor":39.0},{"not_picked":["Gash+1","Go for the Eyes","Steam+1"],"picked":"SKIP","floor":41.0},{"not_picked":["Turbo","Beam Cell+1","Sweeping Beam+1"],"picked":"SKIP","floor":42.0},{"not_picked":["Barrage+1","Chaos","Turbo+1"],"picked":"SKIP","floor":48.0}],"player_experience":122983,"relics_obtained":[{"floor":6.0,"key":"MawBank"},{"floor":25.0,"key":"Meat on the Bone"},{"floor":26.0,"key":"Matryoshka"},{"floor":41.0,"key":"Bag of Marbles"},{"floor":43.0,"key":"Omamori"},{"floor":43.0,"key":"Strawberry"},{"floor":46.0,"key":"Ancient Tea Set"},{"floor":46.0,"key":"Centennial Puzzle"}],"event_choices":[{"cards_removed":["Defend_B"],"damage_healed":0.0,"max_hp_gain":0.0,"max_hp_loss":0.0,"gold_gain":0.0,"event_name":"Living Wall","player_choice":"Forget","floor":2.0,"gold_loss":0.0,"damage_taken":0.0},{"damage_healed":0.0,"max_hp_gain":0.0,"max_hp_loss":0.0,"gold_gain":0.0,"event_name":"Match and Keep!","player_choice":"1 cards matched","floor":4.0,"gold_loss":0.0,"damage_taken":0.0,"cards_obtained":["Double Energy"]},{"damage_healed":0.0,"max_hp_gain":0.0,"max_hp_loss":0.0,"gold_gain":175.0,"event_name":"Liars Game","player_choice":"AGREE","floor":8.0,"gold_loss":0.0,"damage_taken":0.0,"cards_obtained":["Doubt"]},{"cards_removed":["Defend_B"],"damage_healed":0.0,"max_hp_gain":0.0,"max_hp_loss":0.0,"gold_gain":0.0,"event_name":"Back to Basics","player_choice":"Elegance","floor":21.0,"gold_loss":0.0,"damage_taken":0.0},{"damage_healed":0.0,"max_hp_gain":0.0,"max_hp_loss":0.0,"gold_gain":0.0,"event_name":"The Woman in Blue","player_choice":"Bought 3 Potions","floor":22.0,"gold_loss":0.0,"damage_taken":0.0},{"damage_healed":0.0,"max_hp_gain":0.0,"max_hp_loss":0.0,"gold_gain":0.0,"event_name":"Colosseum","player_choice":"Fight","floor":31.0,"gold_loss":0.0,"damage_taken":0.0},{"damage_healed":0.0,"max_hp_gain":0.0,"max_hp_loss":0.0,"gold_gain":0.0,"event_name":"Colosseum","player_choice":"Fled From Nobs","floor":31.0,"gold_loss":0.0,"damage_taken":0.0},{"cards_removed":["Loop"],"damage_healed":0.0,"max_hp_gain":0.0,"max_hp_loss":0.0,"gold_gain":0.0,"event_name":"Falling","player_choice":"Removed Power","floor":36.0,"gold_loss":0.0,"damage_taken":0.0},{"cards_removed":["Strike_B"],"damage_healed":0.0,"max_hp_gain":0.0,"max_hp_loss":0.0,"gold_gain":0.0,"event_name":"Designer","player_choice":"Upgrade and Remove","floor":37.0,"gold_loss":90.0,"damage_taken":0.0,"cards_upgraded":["Core Surge"]},{"damage_healed":51.0,"max_hp_gain":0.0,"max_hp_loss":0.0,"gold_gain":0.0,"event_name":"MindBloom","player_choice":"Heal","floor":45.0,"gold_loss":0.0,"damage_taken":0.0,"cards_obtained":["Doubt"]},{"cards_removed":["Defend_B"],"damage_healed":0.0,"max_hp_gain":0.0,"max_hp_loss":0.0,"gold_gain":0.0,"event_name":"Purifier","player_choice":"Purged","floor":47.0,"gold_loss":0.0,"damage_taken":0.0}],"is_beta":true,"boss_relics":[{"not_picked":["Runic Dome","Tiny House"],"picked":"Runic Pyramid"},{"not_picked":["Black Star","Coffee Dripper"],"picked":"SlaversCollar"}],"items_purged_floors":[3,19,44],"is_endless":false,"potions_floor_spawned":[5,6,16,18,24,28,35,41,42],"killed_by":"Shield and Spear","ascension_level":2}