{"path_per_floor":["M","M","M","M","$","R","E","M","T","$","M","$","M","E","R","B",null,"M","?","M","?","$","E","R","M","T","R","M","M","E","M","R","B",null,"M","M","M","M","M","E","?","E","T","$","M","?","M","M","R","B"],"character_chosen":"THE_SILENT","items_purchased":["Deadly Poison","Dodge and Roll","Caltrops","Deadly Poison","Infinite Blades","Bane","Mercury Hourglass","Deflect","Noxious Fumes","Dodge and Roll"],"gold_per_floor":[112,126,140,153,3,3,34,50,50,4,15,15,25,58,58,160,160,173,173,193,193,95,125,125,144,144,144,158,174,203,216,216,320,320,336,348,368,382,395,430,430,456,527,21,34,34,45,62,62,62],"floor_reached":51,"campfire_rested":2,"playtime":6104,"current_hp_per_floor":[70,70,66,66,66,66,56,56,56,56,56,56,56,66,66,37,80,74,56,56,47,47,31,31,35,41,41,35,38,22,18,38,37,85,63,69,76,76,54,45,72,81,87,87,89,89,62,63,96,85],"items_purged":["Defend_G"],"gold":62,"score":992,"play_id":"b11bd4fd-dac3-452d-837d-1b6891ab63b2","local_time":"20180505011931","is_prod":false,"is_daily":false,"chose_seed":false,"is_ascension_mode":false,"campfire_upgraded":4,"timestamp":1525508371,"path_taken":["M","M","?","M","?","R","E","M","T","$","M","?","M","E","R","BOSS","M","?","M","?","$","E","R","M","T","R","?","M","E","?","R","BOSS","M","M","M","M","M","E","?","E","T","$","M","?","M","M","R","BOSS"],"build_version":"2018-05-03","seed_source_timestamp":953064956193902,"purchased_purges":2,"victory":true,"master_deck":["Defend_G","Defend_G","Defend_G","Defend_G","Survivor","Heel Hook","Prepared+1","Leg Sweep+1","Choke","Deadly Poison","Dodge and Roll","Caltrops","Flying Knee","Noxious Fumes","Decay","Deadly Poison","Noxious Fumes+1","Blur","Flying Knee","After Image+1","Deflect","Bite","Bite","Bite","Bite","Bite","Acrobatics","Infinite Blades","Bane","Deflect+1","Backflip","Decay","Quick Slash+1","Well Laid Plans","Dagger Throw+1","Deflect","Corpse Explosion","Decay","Writhe","Injury","Dash+1","After Image+1","Infinite Blades+1","Bouncing Flask+1","Bane+1","Caltrops+1","Writhe","Dagger Throw","Parasite","Deflect+1","Noxious Fumes+1","Dodge and Roll+1","Deadly Poison+1","Dodge and Roll+1","Catalyst+1"],"max_hp_per_floor":[70,70,70,70,70,70,70,70,70,70,70,70,70,80,80,80,80,80,56,56,61,61,61,61,61,67,67,67,67,67,67,67,67,85,85,85,85,85,85,85,91,105,111,111,111,111,111,111,111,111],"relics":["Cursed Key","Mummified Hand","Darkstone Periapt","Pear","Black Star","Happy Flower","Pen Nib","Tough Bandages","Kunai","Meat on the Bone","Calling Bell","Blood Vial","Frozen Egg 2","Du-Vu Doll","Shuriken","Centennial Puzzle","Mango","Ginger","Toxic Egg 2","Mercury Hourglass"],"card_choices":[{"not_picked":["Slice","Malaise"],"picked":"Heel Hook","floor":1},{"not_picked":["Outmaneuver","Acrobatics"],"picked":"Prepared","floor":2},{"not_picked":["Distraction","Expertise"],"picked":"Leg Sweep","floor":3},{"not_picked":["Quick Slash","Terror"],"picked":"Choke","floor":4},{"not_picked":["Dagger Spray","Quick Slash"],"picked":"Flying Knee","floor":7},{"not_picked":["Endless Agony","Acrobatics"],"picked":"Noxious Fumes","floor":8},{"not_picked":["Quick Slash","Prepared"],"picked":"Noxious Fumes","floor":11},{"not_picked":["Skewer","Deflect"],"picked":"Blur","floor":13},{"not_picked":["Eviscerate","Leg Sweep"],"picked":"Flying Knee","floor":14},{"not_picked":["Glass Knife","Die Die Die"],"picked":"After Image","floor":16},{"not_picked":["Dagger Spray","Dodge and Roll"],"picked":"Deflect","floor":18},{"not_picked":["Underhanded Strike","PiercingWail"],"picked":"Acrobatics","floor":20},{"not_picked":["Sucker Punch","Quick Slash"],"picked":"Deflect","floor":23},{"not_picked":["Skewer","All Out Attack"],"picked":"Backflip","floor":25},{"not_picked":["Dodge and Roll","Dagger Spray"],"picked":"Quick Slash","floor":28},{"not_picked":["Dagger Spray","Poisoned Stab"],"picked":"Well Laid Plans","floor":29},{"not_picked":["Catalyst","Dodge and Roll"],"picked":"Dagger Throw","floor":30},{"not_picked":["Slice","Backflip"],"picked":"Deflect","floor":31},{"not_picked":["Doppelganger","Night Terror"],"picked":"Corpse Explosion","floor":33},{"not_picked":["Underhanded Strike","Deflect"],"picked":"Dash","floor":35},{"not_picked":["Slice","Skewer"],"picked":"After Image","floor":36},{"not_picked":["Bane","Dodge and Roll"],"picked":"Infinite Blades","floor":37},{"not_picked":["Catalyst","Leg Sweep"],"picked":"Bouncing Flask","floor":38},{"not_picked":["Endless Agony","Calculated Gamble"],"picked":"Bane","floor":39},{"not_picked":["Calculated Gamble","Quick Slash"],"picked":"Caltrops","floor":40},{"not_picked":["Calculated Gamble","Quick Slash"],"picked":"Dagger Throw","floor":42},{"not_picked":["Dagger Throw","Expertise"],"picked":"Deadly Poison","floor":45},{"not_picked":["Deadly Poison","Sucker Punch"],"picked":"Dodge and Roll","floor":47},{"not_picked":["Dodge and Roll","Deadly Poison"],"picked":"Catalyst","floor":48}],"player_experience":52598,"potions_floor_usage":[11,13,16,23,25,29,35,36,48,50,50,50],"damage_taken":[{"damage":0,"enemies":"Cultist","floor":1,"turns":4},{"damage":0,"enemies":"Small Slimes","floor":2,"turns":3},{"damage":4,"enemies":"2 Louse","floor":3,"turns":3},{"damage":0,"enemies":"Looter","floor":4,"turns":3},{"damage":10,"enemies":"3 Sentries","floor":7,"turns":8},{"damage":0,"enemies":"2 Fungi Beasts","floor":8,"turns":3},{"damage":0,"enemies":"Gremlin Gang","floor":11,"turns":4},{"damage":0,"enemies":"Looter","floor":13,"turns":3},{"damage":0,"enemies":"Lagavulin","floor":14,"turns":5},{"damage":29,"enemies":"Slime Boss","floor":16,"turns":7},{"damage":6,"enemies":"3 Byrds","floor":18,"turns":4},{"damage":0,"enemies":"Shell Parasite","floor":20,"turns":5},{"damage":36,"enemies":"Gremlin Leader","floor":23,"turns":7},{"damage":6,"enemies":"Snake Plant","floor":25,"turns":5},{"damage":16,"enemies":"Centurion and Healer","floor":28,"turns":7},{"damage":5,"enemies":"Cultist and Chosen","floor":29,"turns":6},{"damage":28,"enemies":"Slavers","floor":30,"turns":6},{"damage":22,"enemies":"Snecko","floor":31,"turns":6},{"damage":33,"enemies":"Automaton","floor":33,"turns":9},{"damage":26,"enemies":"3 Darklings","floor":35,"turns":4},{"damage":0,"enemies":"3 Shapes","floor":36,"turns":7},{"damage":1,"enemies":"Sphere and 2 Shapes","floor":37,"turns":6},{"damage":8,"enemies":"3 Darklings","floor":38,"turns":6},{"damage":26,"enemies":"Spire Growth","floor":39,"turns":4},{"damage":21,"enemies":"Giant Head","floor":40,"turns":8},{"damage":17,"enemies":"Nemesis","floor":42,"turns":7},{"damage":0,"enemies":"Sphere and 2 Shapes","floor":45,"turns":4},{"damage":33,"enemies":"4 Shapes","floor":47,"turns":4},{"damage":3,"enemies":"3 Darklings","floor":48,"turns":5},{"damage":17,"enemies":"Donu and Deca","floor":50,"turns":6}],"event_choices":[{"event_name":"Vampires","player_choice":"Became a vampire","floor":19,"damage_taken":0},{"event_name":"Forgotten Altar","player_choice":"Shed Blood","floor":21,"damage_taken":0},{"event_name":"Winding Halls","player_choice":"Writhe","floor":41,"damage_taken":0}],"boss_relics":[{"not_picked":["Orrery","Eternal Feather"],"picked":"Black Star"},{"not_picked":["Runic Dome","Astrolabe"],"picked":"Calling Bell"}],"potions_floor_spawned":[1,3,11,13,16,20,25,30,33,36,42,47,48],"seed_played":"-5549500315459748425","ascension_level":0,"is_trial":false}