{"gold_per_floor":[116,116,129,129,145,145,173,187,210,244,244,255,255,269,269,372,372,384,395,395,211,224,224],"floor_reached":23,"playtime":1552,"items_purged":["Strike_G"],"score":233,"play_id":"d8d7f352-c099-4dd0-89f8-5bd3a384268b","local_time":"20180721201009","is_ascension_mode":true,"campfire_choices":[{"data":"Bouncing Flask","floor":6,"key":"SMITH"},{"floor":11,"key":"REST"},{"data":"A Thousand Cuts","floor":13,"key":"SMITH"},{"floor":15,"key":"REST"}],"neow_cost":"CURSE","seed_source_timestamp":785422697348708,"circlet_count":0,"master_deck":["Defend_G","Defend_G","Defend_G","Defend_G","Defend_G","Strike_G","Strike_G","Strike_G","Strike_G","Survivor","Neutralize","Decay","A Thousand Cuts+1","Bouncing Flask+1","Bouncing Flask","Regret","Deflect","Wraith Form v2","Poisoned Stab","Prepared","Sucker Punch","Outmaneuver","Corpse Explosion","Pain","Blade Dance","Deadly Poison","Footwork+1","Bouncing Flask","Deflect+1"],"relics":["Ring of the Snake","Strawberry","Omamori","Lantern","Ancient Tea Set","Bag of Marbles","Calling Bell","Snake Skull","Frozen Egg 2","Sundial"],"potions_floor_usage":[12,16,19,23],"damage_taken":[{"damage":4,"enemies":"2 Louse","floor":1,"turns":4},{"damage":5,"enemies":"Cultist","floor":3,"turns":4},{"damage":6,"enemies":"Jaw Worm","floor":5,"turns":3},{"damage":13,"enemies":"Lagavulin","floor":7,"turns":5},{"damage":3,"enemies":"Red Slaver","floor":8,"turns":3},{"damage":3,"enemies":"Gremlin Nob","floor":10,"turns":3},{"damage":6,"enemies":"Lots of Slimes","floor":12,"turns":2},{"damage":6,"enemies":"Exordium Wildlife","floor":14,"turns":5},{"damage":22,"enemies":"Hexaghost","floor":16,"turns":9},{"damage":1,"enemies":"Spheric Guardian","floor":18,"turns":3},{"damage":10,"enemies":"Chosen","floor":19,"turns":3},{"damage":25,"enemies":"Snake Plant","floor":22,"turns":3},{"damage":41,"enemies":"Book of Stabbing","floor":23,"turns":3}],"seed_played":"33135452764882946","potions_obtained":[{"floor":3,"key":"Poison Potion"},{"floor":5,"key":"Strength Potion"},{"floor":12,"key":"EssenceOfSteel"},{"floor":14,"key":"Fire Potion"},{"floor":18,"key":"Energy Potion"},{"floor":22,"key":"Strength Potion"}],"is_trial":false,"path_per_floor":["M","?","M","?","M","R","E","M","T","E","R","M","R","M","R","B",null,"M","M","?","$","M"],"character_chosen":"THE_SILENT","items_purchased":["Footwork+1","Bouncing Flask"],"campfire_rested":2,"item_purchase_floors":[21,21],"current_hp_per_floor":[66,66,61,61,55,55,42,39,39,36,59,53,53,47,70,48,77,76,66,66,66,41,0],"gold":224,"neow_bonus":"THREE_RARE_CARDS","is_prod":false,"is_daily":false,"chose_seed":false,"campfire_upgraded":2,"win_rate":0,"timestamp":1532229009,"path_taken":["M","?","?","?","?","R","E","M","T","E","R","M","R","M","R","BOSS","M","M","?","$","M","E"],"build_version":"2018-07-19","purchased_purges":1,"victory":false,"max_hp_per_floor":[70,77,77,77,77,77,77,77,77,77,77,77,77,77,77,77,77,77,77,77,77,77,77],"card_choices":[{"not_picked":["Burst","Bullet Time"],"picked":"A Thousand Cuts","floor":0},{"not_picked":["PiercingWail","Predator"],"picked":"Bouncing Flask","floor":1},{"not_picked":["Underhanded Strike","Reflex"],"picked":"Bouncing Flask","floor":3},{"not_picked":["Slice","Dagger Spray"],"picked":"Deflect","floor":5},{"not_picked":["Tactician","All Out Attack"],"picked":"Wraith Form v2","floor":7},{"not_picked":["Flying Knee","Quick Slash"],"picked":"Poisoned Stab","floor":8},{"not_picked":["Concentrate","Dodge and Roll"],"picked":"Prepared","floor":10},{"not_picked":["Underhanded Strike","Bane"],"picked":"Sucker Punch","floor":12},{"not_picked":["Catalyst","Backflip"],"picked":"Outmaneuver","floor":14},{"not_picked":["Adrenaline","Bullet Time"],"picked":"Corpse Explosion","floor":16},{"not_picked":["Sucker Punch","Distraction"],"picked":"Blade Dance","floor":18},{"not_picked":["All Out Attack","Outmaneuver"],"picked":"Deadly Poison","floor":19},{"not_picked":["Outmaneuver+1","Slice"],"picked":"Deflect+1","floor":22}],"player_experience":165911,"relics_obtained":[{"floor":7,"key":"Lantern"},{"floor":9,"key":"Ancient Tea Set"},{"floor":10,"key":"Bag of Marbles"},{"floor":17,"key":"Snake Skull"},{"floor":17,"key":"Frozen Egg 2"},{"floor":17,"key":"Sundial"}],"event_choices":[{"event_name":"Scrap Ooze","player_choice":"success","floor":2,"damage_taken":7},{"event_name":"Big Fish","player_choice":"Box","floor":4,"damage_taken":0},{"event_name":"Vampires","player_choice":"Ignored","floor":20,"damage_taken":0}],"is_beta":true,"boss_relics":[{"not_picked":["Orrery","Philosopher\u0027s Stone"],"picked":"Calling Bell"}],"items_purged_floors":[21],"is_endless":false,"potions_floor_spawned":[3,5,12,14,18,22],"killed_by":"Book of Stabbing","ascension_level":3}