{"gold_per_floor":[116,63,74,24,39,65,65,95,95,95,106,123,154,79,79,179,229,243,243,258,273,284,284,311,311,311,311,65,78,106,116,116,212,212,227,240,258,258,278,305,316,348,372,383,383,417,417,452,452,452],"floor_reached":51,"playtime":5265,"items_purged":["Strike_B"],"score":950,"play_id":"191e5254-6cb9-4d02-ab19-1849438df65d","local_time":"20180729234820","is_ascension_mode":true,"campfire_choices":[{"floor":7,"key":"REST"},{"data":"Scrape","floor":10,"key":"SMITH"},{"floor":15,"key":"REST"},{"data":"White Noise","floor":23,"key":"SMITH"},{"data":"Steam","floor":27,"key":"SMITH"},{"floor":32,"key":"REST"},{"data":"Zap","floor":49,"key":"SMITH"}],"neow_cost":"CURSE","seed_source_timestamp":518780596342970,"circlet_count":0,"master_deck":["Defend_B+1","Defend_B+1","Defend_B","Defend_B","Zap+1","Dualcast","Beam Cell+1","Gash","Steam+1","Gash","Scrape+1","Ball Lightning","Gash","Genetic Algorithm","White Noise+1","Hologram+1","Go for the Eyes","Hologram+1","Steam+1","Steam Power+1","Static Discharge+1","Auto Shields+1","Go for the Eyes+1","Creative AI+1","Beam Cell+1","Beam Cell","Apotheosis+1","Static Discharge+1","Go for the Eyes+1","Redo+1","Loop+1","Loop+1","Ball Lightning"],"relics":["Cracked Core","Matryoshka","Meat on the Bone","Blood Vial","Letter Opener","Centennial Puzzle","Tiny House","Frozen Egg 2","Toxic Egg 2","Darkstone Periapt","Mummified Hand","Ornamental Fan","Lantern","Eternal Feather","Dead Branch","War Paint","Potion Belt","Bottled Flame","Anchor"],"potions_floor_usage":[13,16,16,18,29,30,30,30,31,46,48,50,50],"damage_taken":[{"damage":0,"enemies":"Small Slimes","floor":1,"turns":3},{"damage":8,"enemies":"Jaw Worm","floor":3,"turns":4},{"damage":0,"enemies":"Cultist","floor":5,"turns":2},{"damage":40,"enemies":"Gremlin Nob","floor":6,"turns":5},{"damage":14,"enemies":"Lagavulin","floor":8,"turns":6},{"damage":8,"enemies":"Blue Slaver","floor":11,"turns":2},{"damage":5,"enemies":"Gremlin Gang","floor":12,"turns":3},{"damage":24,"enemies":"Gremlin Nob","floor":13,"turns":4},{"damage":37,"enemies":"Hexaghost","floor":16,"turns":7},{"damage":6,"enemies":"Spheric Guardian","floor":18,"turns":3},{"damage":8,"enemies":"Shell Parasite","floor":20,"turns":4},{"damage":14,"enemies":"3 Cultists","floor":21,"turns":4},{"damage":25,"enemies":"Snake Plant","floor":22,"turns":4},{"damage":29,"enemies":"Slavers","floor":24,"turns":5},{"damage":13,"enemies":"Centurion and Healer","floor":29,"turns":4},{"damage":12,"enemies":"Gremlin Leader","floor":30,"turns":4},{"damage":14,"enemies":"Snecko","floor":31,"turns":6},{"damage":24,"enemies":"Collector","floor":33,"turns":9},{"damage":15,"enemies":"3 Darklings","floor":35,"turns":5},{"damage":8,"enemies":"Flame Bruiser 1 Orb","floor":36,"turns":5},{"damage":18,"enemies":"Transient","floor":37,"turns":5},{"damage":0,"enemies":"Spire Growth","floor":39,"turns":4},{"damage":23,"enemies":"2 Orb Walkers","floor":40,"turns":3},{"damage":6,"enemies":"Maw","floor":41,"turns":6},{"damage":12,"enemies":"Giant Head","floor":42,"turns":8},{"damage":10,"enemies":"Sphere and 2 Shapes","floor":44,"turns":4},{"damage":11,"enemies":"2 Orb Walkers","floor":46,"turns":5},{"damage":0,"enemies":"Giant Head","floor":48,"turns":7},{"damage":42,"enemies":"Time Eater","floor":50,"turns":9}],"seed_played":"6385905300346487661","potions_obtained":[{"floor":1,"key":"AttackPotion"},{"floor":11,"key":"FearPotion"},{"floor":13,"key":"Ancient Potion"},{"floor":16,"key":"EntropicBrew"},{"floor":17,"key":"Explosive Potion"},{"floor":20,"key":"Swift Potion"},{"floor":24,"key":"Dexterity Potion"},{"floor":33,"key":"Weak Potion"},{"floor":37,"key":"Dexterity Potion"},{"floor":39,"key":"Block Potion"},{"floor":40,"key":"Block Potion"},{"floor":46,"key":"FearPotion"},{"floor":48,"key":"Energy Potion"}],"is_trial":false,"path_per_floor":["M","$","M","?","M","E","R","E","T","R","M","M","E","$","R","B",null,"M","?","M","M","M","R","E","?","T","R","$","M","E","M","R","B",null,"M","M","M","?","M","E","M","E","T","M","?","E","?","E","R","B"],"character_chosen":"DEFECT","items_purchased":["Gash","Ornamental Fan"],"campfire_rested":3,"item_purchase_floors":[2,28],"current_hp_per_floor":[89,89,81,81,81,41,67,53,53,53,47,56,46,46,72,49,94,88,88,82,70,59,59,44,44,44,44,44,45,47,47,75,53,94,79,73,57,57,59,50,58,48,48,52,52,55,55,57,75,47],"gold":452,"neow_bonus":"TWENTY_PERCENT_HP_BONUS","is_prod":false,"is_daily":false,"chose_seed":false,"campfire_upgraded":4,"win_rate":0,"timestamp":1532933300,"path_taken":["M","$","M","?","M","E","R","E","T","R","M","M","E","$","R","BOSS","M","?","M","?","M","R","E","?","T","R","$","M","E","M","R","BOSS","M","M","M","?","M","E","M","E","T","M","?","E","?","E","R","BOSS"],"build_version":"2018-07-26","purchased_purges":1,"victory":true,"max_hp_per_floor":[89,89,89,89,89,89,89,89,89,89,89,89,89,89,89,89,94,94,94,94,94,94,94,94,94,94,94,94,94,94,94,94,94,94,94,94,94,94,94,94,94,94,94,94,94,94,94,94,94,94],"card_choices":[{"not_picked":["Cold Snap","Stack"],"picked":"Beam Cell","floor":1},{"not_picked":["Cold Snap","Coolheaded"],"picked":"Steam","floor":3},{"not_picked":["Stack","Chaos"],"picked":"Gash","floor":5},{"not_picked":["Coolheaded","Doom and Gloom"],"picked":"Scrape","floor":6},{"not_picked":["Coolheaded","Force Field"],"picked":"Ball Lightning","floor":8},{"not_picked":["Meteor Strike","Redo"],"picked":"Gash","floor":11},{"not_picked":["Recycle","Coolheaded"],"picked":"Genetic Algorithm","floor":12},{"not_picked":["Barrage","Recycle","Streamline"],"picked":"SKIP","floor":13},{"not_picked":["Skim","Ball Lightning"],"picked":"White Noise","floor":17},{"not_picked":["Rebound+1","Rip and Tear+1"],"picked":"Hologram+1","floor":18},{"not_picked":["Ball Lightning","Redo"],"picked":"Hologram+1","floor":20},{"not_picked":["Barrage","White Noise"],"picked":"Steam+1","floor":21},{"not_picked":["Coolheaded","Rainbow","Undo"],"picked":"SKIP","floor":22},{"not_picked":["Cold Snap","Heatsinks"],"picked":"Steam Power+1","floor":24},{"not_picked":["Doom and Gloom","Ball Lightning"],"picked":"Static Discharge+1","floor":29},{"not_picked":["Melter","Blizzard"],"picked":"Auto Shields+1","floor":30},{"not_picked":["Chill+1","Force Field+1"],"picked":"Go for the Eyes+1","floor":31},{"not_picked":["Thunder Strike","Seek+1"],"picked":"Creative AI+1","floor":33},{"not_picked":["Aggregate+1","Lockon+1"],"picked":"Beam Cell+1","floor":35},{"not_picked":["Rebound","Blizzard+1"],"picked":"Beam Cell","floor":36},{"not_picked":["Lockon","Tempest+1","Cold Snap+1"],"picked":"SKIP","floor":37},{"not_picked":["Mind Blast","PanicButton+1"],"picked":"Apotheosis+1","floor":38},{"not_picked":["Recycle+1","Beam Cell+1"],"picked":"Static Discharge+1","floor":39},{"not_picked":["Hello World+1","Meteor Strike"],"picked":"Go for the Eyes+1","floor":40},{"not_picked":["Double Energy+1","Lockon+1"],"picked":"Redo+1","floor":41},{"not_picked":["Lockon","Reprogram+1"],"picked":"Loop+1","floor":42},{"not_picked":["Ball Lightning+1","Conserve Battery+1","Blizzard"],"picked":"SKIP","floor":44},{"not_picked":["Compile Driver+1","Go for the Eyes+1"],"picked":"Loop+1","floor":46},{"not_picked":["Glacier+1","Aggregate+1"],"picked":"Ball Lightning","floor":48}],"player_experience":185129,"relics_obtained":[{"floor":6,"key":"Matryoshka"},{"floor":8,"key":"Meat on the Bone"},{"floor":9,"key":"Blood Vial"},{"floor":9,"key":"Letter Opener"},{"floor":13,"key":"Centennial Puzzle"},{"floor":24,"key":"Frozen Egg 2"},{"floor":26,"key":"Darkstone Periapt"},{"floor":26,"key":"Mummified Hand"},{"floor":30,"key":"Lantern"},{"floor":40,"key":"Dead Branch"},{"floor":42,"key":"War Paint"},{"floor":43,"key":"Potion Belt"},{"floor":46,"key":"Bottled Flame"},{"floor":48,"key":"Anchor"}],"event_choices":[{"event_name":"The Cleric","player_choice":"Card Removal","floor":4,"damage_taken":0},{"event_name":"Transmorgrifier","player_choice":"Transform","floor":19,"damage_taken":0},{"event_name":"WeMeetAgain","player_choice":"Potion","floor":25,"damage_taken":0},{"event_name":"SensoryStone","player_choice":"Memory 1","floor":38,"damage_taken":0},{"event_name":"Purifier","player_choice":"One Purge","floor":45,"damage_taken":0},{"event_name":"Falling","player_choice":"Removed Attack","floor":47,"damage_taken":0}],"is_beta":true,"boss_relics":[{"not_picked":["White Beast Statue","Astrolabe"],"picked":"Tiny House"},{"not_picked":["Velvet Choker","Orrery"],"picked":"Eternal Feather"}],"items_purged_floors":[14],"is_endless":false,"potions_floor_spawned":[1,11,13,16,20,24,33,37,39,40,46,48],"ascension_level":3}