{"gold_per_floor":[115,132,142,160,177,177,205,205,229,260,278,126,139,174,174,270,270,290,138,138,238,250,250,270,270,270,282,313,338,377,389,401,413],"floor_reached":33,"playtime":2969,"items_purged":[],"score":323,"play_id":"03471180-4dfd-4c11-a961-357eb08dcbff","local_time":"20190913213045","is_ascension_mode":true,"campfire_choices":[{"floor":6,"key":"RECALL"},{"floor":8,"key":"REST"},{"floor":15,"key":"REST"},{"floor":23,"key":"REST"},{"floor":25,"key":"REST"},{"data":"Backflip","floor":27,"key":"SMITH"},{"floor":32,"key":"REST"}],"neow_cost":"NONE","seed_source_timestamp":189677422058700,"circlet_count":0,"master_deck":["Strike_G+1","Strike_G+1","Strike_G+1","Strike_G+1","Strike_G+1","Defend_G+1","Defend_G+1","Defend_G+1","Defend_G+1","Defend_G+1","Survivor","Neutralize","Acrobatics","PiercingWail+1","Caltrops","Dash","Footwork","Crippling Poison","Outmaneuver","Backflip+1","Footwork","Cloak And Dagger","Night Terror","Acrobatics","Cloak And Dagger+1","Flechettes","Venomology","Cloak And Dagger+1"],"relics":["Runic Dome","Ninja Scroll","Omamori","Snake Skull","Vajra","Snecko Eye","War Paint","MawBank","Regal Pillow"],"potions_floor_usage":[10,10,14,16,16,33,33,33,33],"damage_taken":[{"damage":5,"enemies":"Cultist","floor":1,"turns":5},{"damage":0,"enemies":"2 Louse","floor":2,"turns":4},{"damage":3,"enemies":"Small Slimes","floor":3,"turns":5},{"damage":4,"enemies":"Blue Slaver","floor":4,"turns":4},{"damage":1,"enemies":"Large Slime","floor":5,"turns":8},{"damage":12,"enemies":"3 Sentries","floor":7,"turns":12},{"damage":11,"enemies":"Gremlin Nob","floor":10,"turns":4},{"damage":0,"enemies":"Looter","floor":11,"turns":3},{"damage":4,"enemies":"Exordium Thugs","floor":13,"turns":5},{"damage":16,"enemies":"3 Sentries","floor":14,"turns":8},{"damage":36,"enemies":"Hexaghost","floor":16,"turns":13},{"damage":4,"enemies":"Chosen","floor":18,"turns":5},{"damage":21,"enemies":"Spheric Guardian","floor":22,"turns":8},{"damage":19,"enemies":"Snecko","floor":24,"turns":7},{"damage":12,"enemies":"Centurion and Healer","floor":28,"turns":10},{"damage":20,"enemies":"Shelled Parasite and Fungi","floor":29,"turns":9},{"damage":82,"enemies":"Champ","floor":33,"turns":17}],"seed_played":"4312258083725285743","potions_obtained":[{"floor":2,"key":"Swift Potion"},{"floor":3,"key":"Poison Potion"},{"floor":7,"key":"EssenceOfSteel"},{"floor":10,"key":"GhostInAJar"},{"floor":11,"key":"GhostInAJar"},{"floor":28,"key":"Swift Potion"},{"floor":29,"key":"Energy Potion"}],"is_trial":false,"path_per_floor":["M","M","M","M","M","R","E","R","T","E","M","$","M","E","R","B",null,"M","$","?","?","M","R","M","R","T","R","M","M","T","?","R","B"],"character_chosen":"THE_SILENT","items_purchased":["Snake Skull","War Paint"],"campfire_rested":5,"item_purchase_floors":[12,19],"current_hp_per_floor":[65,65,62,58,57,57,45,66,66,55,55,55,51,35,56,20,70,66,66,66,66,45,66,47,68,68,68,56,36,36,36,70,0],"gold":413,"neow_bonus":"BOSS_RELIC","is_prod":false,"is_daily":false,"chose_seed":false,"campfire_upgraded":1,"win_rate":0,"timestamp":1568428245,"path_taken":["M","M","M","M","M","R","E","R","T","E","M","$","M","E","R","BOSS","M","$","?","?","M","R","?","R","T","R","M","M","?","?","R","BOSS"],"build_version":"2019-07-17","purchased_purges":0,"victory":false,"max_hp_per_floor":[70,70,70,70,70,70,70,70,70,70,70,70,70,70,70,70,70,70,70,70,70,70,70,70,70,70,70,70,70,70,70,70,70],"card_choices":[{"not_picked":["Outmaneuver","Tactician"],"picked":"Acrobatics","floor":1},{"not_picked":["Distraction","Deadly Poison"],"picked":"PiercingWail","floor":2},{"not_picked":["Finisher","Heel Hook"],"picked":"Caltrops","floor":3},{"not_picked":["Flying Knee","Burst"],"picked":"Dash","floor":4},{"not_picked":["Dagger Spray","Skewer"],"picked":"Footwork","floor":5},{"not_picked":["Deadly Poison","Tactician"],"picked":"Crippling Poison","floor":7},{"not_picked":["Sucker Punch","Deadly Poison"],"picked":"Outmaneuver","floor":10},{"not_picked":["Bane","PiercingWail"],"picked":"Backflip","floor":11},{"not_picked":["Tactician","Prepared"],"picked":"Footwork","floor":13},{"not_picked":["Poisoned Stab","Masterful Stab"],"picked":"Cloak And Dagger","floor":14},{"not_picked":["Grand Finale","A Thousand Cuts"],"picked":"Night Terror","floor":16},{"not_picked":["Deadly Poison","Blade Dance"],"picked":"Acrobatics","floor":18},{"not_picked":["Deflect","Leg Sweep"],"picked":"Cloak And Dagger+1","floor":22},{"not_picked":["Backstab","Dagger Throw"],"picked":"Flechettes","floor":24},{"not_picked":["Flying Knee","Crippling Poison"],"picked":"Venomology","floor":28},{"not_picked":["Quick Slash","Backstab"],"picked":"Cloak And Dagger+1","floor":29}],"player_experience":382413,"relics_obtained":[{"floor":7,"key":"Ninja Scroll"},{"floor":10,"key":"Omamori"},{"floor":14,"key":"Vajra"},{"floor":26,"key":"MawBank"},{"floor":30,"key":"Regal Pillow"}],"event_choices":[{"damage_healed":0,"gold_gain":0,"player_choice":"Ignored","damage_taken":0,"max_hp_gain":0,"max_hp_loss":0,"event_name":"Beggar","floor":20,"gold_loss":0},{"damage_healed":0,"gold_gain":100,"player_choice":"Pray","damage_taken":0,"max_hp_gain":0,"max_hp_loss":0,"event_name":"Golden Shrine","floor":21,"gold_loss":0},{"damage_healed":0,"gold_gain":0,"player_choice":"Simplicity","damage_taken":0,"max_hp_gain":0,"max_hp_loss":0,"event_name":"Back to Basics","floor":31,"gold_loss":0,"cards_upgraded":["Strike_G","Strike_G","Strike_G","Strike_G","Strike_G","Defend_G","Defend_G","Defend_G","Defend_G"]}],"is_beta":false,"boss_relics":[{"not_picked":["Lizard Tail","White Beast Statue"],"picked":"Snecko Eye"}],"items_purged_floors":[],"is_endless":false,"potions_floor_spawned":[2,3,7,10,11,28,29],"killed_by":"Champ","ascension_level":4}