{"gold_per_floor":[116,133,133,146,161,161,161,193,268,55,5,17,17,37,37,138,138,157,107,126,144,243,243,259,259],"floor_reached":25,"playtime":1002,"items_purged":["Strike_R"],"score":205,"play_id":"dda9c971-d976-4833-8079-ec38e96d463b","local_time":"20190902085906","is_ascension_mode":false,"campfire_choices":[{"data":"Inflame","floor":6,"key":"SMITH"},{"data":"1","floor":13,"key":"LIFT"},{"data":"2","floor":15,"key":"LIFT"},{"data":"3","floor":23,"key":"LIFT"}],"neow_cost":"NONE","seed_source_timestamp":108449409459980,"circlet_count":0,"master_deck":["Strike_R","Strike_R","Strike_R","Defend_R","Defend_R","Defend_R","Defend_R","Bash","Iron Wave","Iron Wave","Inflame+1","Flex","Inflame","Shrug It Off","Pommel Strike+1","Pummel+1","Uppercut+1","Double Tap","Heavy Blade+1","Uppercut+1","Uppercut+1","Blood for Blood+1"],"relics":["Burning Blood","Lantern","WarpedTongs","Girya","Molten Egg 2","Snecko Eye"],"potions_floor_usage":[8,12,16,18,24],"damage_taken":[{"damage":4,"enemies":"Small Slimes","floor":1,"turns":4},{"damage":1,"enemies":"Cultist","floor":2,"turns":3},{"damage":4,"enemies":"Jaw Worm","floor":4,"turns":2},{"damage":7,"enemies":"2 Fungi Beasts","floor":5,"turns":4},{"damage":22,"enemies":"Lagavulin","floor":8,"turns":5},{"damage":3,"enemies":"Red Slaver","floor":12,"turns":3},{"damage":11,"enemies":"Large Slime","floor":14,"turns":2},{"damage":12,"enemies":"Slime Boss","floor":16,"turns":5},{"damage":0,"enemies":"2 Thieves","floor":18,"turns":3},{"damage":3,"enemies":"3 Byrds","floor":20,"turns":5},{"damage":15,"enemies":"Snake Plant","floor":21,"turns":2},{"damage":0,"enemies":"3 Cultists","floor":24,"turns":3},{"damage":79,"enemies":"Gremlin Leader","floor":25,"turns":4}],"seed_played":"6280996829848788068","potions_obtained":[{"floor":1,"key":"PowerPotion"},{"floor":5,"key":"Regen Potion"},{"floor":12,"key":"Swift Potion"},{"floor":14,"key":"EssenceOfSteel"},{"floor":20,"key":"Fire Potion"}],"is_trial":false,"path_per_floor":["M","M","?","M","M","R","?","E","T","$","?","M","R","M","R","B",null,"M","?","M","M","?","R","M","E"],"character_chosen":"IRONCLAD","items_purchased":["Inflame","Shrug It Off","Pommel Strike+1"],"campfire_rested":0,"item_purchase_floors":[10,10,10],"current_hp_per_floor":[80,80,80,80,79,79,79,63,63,63,63,75,75,70,70,64,80,80,80,80,71,71,71,77,0],"gold":259,"neow_bonus":"RANDOM_COMMON_RELIC","is_prod":false,"is_daily":false,"chose_seed":false,"campfire_upgraded":1,"win_rate":0.0,"timestamp":1567439946,"path_taken":["M","M","?","?","M","R","?","E","T","$","?","M","R","M","R","BOSS","M","?","M","?","?","R","M","E"],"build_version":"2019-07-17","purchased_purges":1,"victory":false,"max_hp_per_floor":[80,80,80,80,80,80,80,80,80,80,80,80,80,80,80,80,80,80,80,80,80,80,80,80,80],"card_choices":[{"not_picked":["Twin Strike","Perfected Strike"],"picked":"Iron Wave","floor":1},{"not_picked":["Perfected Strike","Thunderclap"],"picked":"Iron Wave","floor":2},{"not_picked":["Flame Barrier","Flex"],"picked":"Inflame","floor":4},{"not_picked":["Sword Boomerang","Evolve"],"picked":"Flex","floor":5},{"not_picked":["Impervious","Anger","Bloodletting"],"picked":"SKIP","floor":8},{"not_picked":["Rage","Wild Strike+1"],"picked":"Pummel+1","floor":12},{"not_picked":["Rampage+1","Shrug It Off"],"picked":"Uppercut+1","floor":14},{"not_picked":["Exhume","Bludgeon+1"],"picked":"Double Tap","floor":16},{"not_picked":["Headbutt+1","Flex"],"picked":"Heavy Blade+1","floor":18},{"not_picked":["Reckless Charge+1","Combust"],"picked":"Uppercut+1","floor":20},{"not_picked":["Anger+1","Warcry"],"picked":"Uppercut+1","floor":21},{"not_picked":["Reckless Charge+1","Metallicize"],"picked":"Blood for Blood+1","floor":24}],"player_experience":33364,"relics_obtained":[{"floor":8,"key":"Girya"},{"floor":9,"key":"Molten Egg 2"}],"event_choices":[{"damage_healed":0,"gold_gain":0,"player_choice":"Rummage","damage_taken":0,"relics_obtained":["WarpedTongs"],"max_hp_gain":0,"max_hp_loss":0,"event_name":"Accursed Blacksmith","floor":3,"gold_loss":0,"cards_obtained":["Pain"]},{"cards_removed":["Pain"],"damage_healed":0,"gold_gain":0,"player_choice":"Forget","damage_taken":0,"max_hp_gain":0,"max_hp_loss":0,"event_name":"Living Wall","floor":7,"gold_loss":0},{"cards_removed":["Strike_R"],"damage_healed":0,"gold_gain":0,"player_choice":"Card Removal","damage_taken":0,"max_hp_gain":0,"max_hp_loss":0,"event_name":"The Cleric","floor":11,"gold_loss":50},{"damage_healed":0,"gold_gain":0,"player_choice":"Bet on Owner","damage_taken":0,"max_hp_gain":0,"max_hp_loss":0,"event_name":"The Joust","floor":19,"gold_loss":50},{"damage_healed":0,"gold_gain":99,"player_choice":"Stole From Cult","damage_taken":0,"max_hp_gain":0,"max_hp_loss":0,"event_name":"Nest","floor":22,"gold_loss":0}],"is_beta":false,"boss_relics":[{"not_picked":["Fusion Hammer","Eternal Feather"],"picked":"Snecko Eye"}],"items_purged_floors":[10],"is_endless":false,"potions_floor_spawned":[1,5,12,14,20],"killed_by":"Gremlin Leader","ascension_level":0}