{"gold_per_floor":[118,133,308,50,65,65,99,115,141,141,141],"floor_reached":11,"playtime":741,"items_purged":[],"score":91,"play_id":"d46416f1-bdae-4e91-b506-c0d500e41492","local_time":"20190122194731","is_ascension_mode":true,"campfire_choices":[{"data":"Rage","floor":6,"key":"SMITH"}],"neow_cost":"NONE","seed_source_timestamp":990276683759733,"circlet_count":0,"master_deck":["Strike_R","Strike_R","Strike_R","Strike_R","Strike_R","Defend_R","Defend_R","Defend_R","Defend_R","Bash","Rage+1","Sword Boomerang","Spot Weakness","Brutality","Perfected Strike"],"relics":["Burning Blood","Question Card","Boot","Bag of Preparation"],"potions_floor_usage":[11,11],"damage_taken":[{"damage":8,"enemies":"Jaw Worm","floor":1,"turns":4},{"damage":10,"enemies":"Small Slimes","floor":2,"turns":5},{"damage":6,"enemies":"Cultist","floor":5,"turns":3},{"damage":45,"enemies":"3 Sentries","floor":7,"turns":8},{"damage":23,"enemies":"Large Slime","floor":8,"turns":6},{"damage":19,"enemies":"Lagavulin","floor":11,"turns":5}],"seed_played":"7129202742437405307","potions_obtained":[{"floor":5,"key":"LiquidBronze"},{"floor":8,"key":"Weak Potion"}],"is_trial":false,"path_per_floor":["?","?"],"character_chosen":"IRONCLAD","items_purchased":["Question Card"],"campfire_rested":0,"item_purchase_floors":[4],"current_hp_per_floor":[86,82,82,82,82,82,43,26,26,19,0],"gold":141,"neow_bonus":"TEN_PERCENT_HP_BONUS","is_prod":false,"is_daily":false,"chose_seed":false,"campfire_upgraded":1,"win_rate":0,"timestamp":1548215251,"path_taken":["M","M","?","$","M","R","E","M","T","?","E"],"build_version":"2019-01-22","purchased_purges":0,"victory":false,"max_hp_per_floor":[88,88,88,88,88,88,88,88,88,88,88],"card_choices":[{"not_picked":["Heavy Blade","Warcry"],"picked":"Rage","floor":1},{"not_picked":["Combust","Body Slam"],"picked":"Sword Boomerang","floor":2},{"not_picked":["Entrench","Clothesline","Iron Wave"],"picked":"Spot Weakness","floor":5},{"not_picked":["Impervious","Hemokinesis","Havoc"],"picked":"Brutality","floor":7},{"not_picked":["True Grit","Sentinel","Flex"],"picked":"Perfected Strike","floor":8}],"player_experience":228157,"relics_obtained":[{"floor":7,"key":"Boot"},{"floor":9,"key":"Bag of Preparation"}],"event_choices":[{"damage_healed":0,"gold_gain":175,"player_choice":"AGREE","damage_taken":0,"max_hp_gain":0,"max_hp_loss":0,"event_name":"Liars Game","floor":3,"gold_loss":0,"cards_obtained":["Doubt"]},{"cards_removed":["Doubt"],"damage_healed":0,"gold_gain":0,"player_choice":"Card Removal","damage_taken":7,"max_hp_gain":0,"max_hp_loss":0,"event_name":"Golden Wing","floor":10,"gold_loss":0}],"is_beta":true,"boss_relics":[],"items_purged_floors":[],"is_endless":false,"potions_floor_spawned":[5,8],"killed_by":"Lagavulin","ascension_level":5}