{"gold_per_floor":[13,24,43,43,63,63,97,97,97,97,117,130,230,242,242,344,344,359,375,387,405,423,423,443,443],"floor_reached":25,"playtime":1442,"items_purged":[],"score":211,"play_id":"64f3ba98-3d10-4b6a-8298-099c9301fcb3","local_time":"20190901125209","is_ascension_mode":false,"campfire_choices":[{"data":"Combust","floor":6,"key":"SMITH"},{"floor":8,"key":"REST"},{"data":"Spot Weakness","floor":10,"key":"SMITH"},{"data":"Limit Break","floor":15,"key":"SMITH"},{"floor":23,"key":"REST"}],"neow_cost":"NO_GOLD","seed_source_timestamp":83843361920129,"circlet_count":0,"master_deck":["Strike_R","Strike_R","Strike_R","Strike_R","Defend_R","Defend_R","Defend_R","Defend_R","Bash","Double Tap","Spot Weakness+1","Twin Strike","Combust+1","Thunderclap","Shrug It Off","Heavy Blade+1","Limit Break+1","Reaper+1","Heavy Blade+1","Clothesline+1","Iron Wave+1","Dual Wield","Twin Strike+1","Thunderclap+1"],"relics":["Burning Blood","Molten Egg 2","Calipers","Mark of Pain"],"potions_floor_usage":[2,3,16,19,22],"damage_taken":[{"damage":2,"enemies":"2 Louse","floor":1,"turns":6},{"damage":6,"enemies":"Cultist","floor":2,"turns":3},{"damage":6,"enemies":"Jaw Worm","floor":3,"turns":3},{"damage":18,"enemies":"Lots of Slimes","floor":5,"turns":4},{"damage":21,"enemies":"3 Sentries","floor":7,"turns":4},{"damage":13,"enemies":"Exordium Wildlife","floor":11,"turns":3},{"damage":10,"enemies":"Large Slime","floor":12,"turns":4},{"damage":13,"enemies":"2 Fungi Beasts","floor":14,"turns":3},{"damage":59,"enemies":"Hexaghost","floor":16,"turns":8},{"damage":17,"enemies":"Shell Parasite","floor":18,"turns":4},{"damage":16,"enemies":"Chosen","floor":19,"turns":4},{"damage":15,"enemies":"Snake Plant","floor":20,"turns":4},{"damage":44,"enemies":"Cultist and Chosen","floor":21,"turns":6},{"damage":13,"enemies":"Centurion and Healer","floor":22,"turns":3},{"damage":42,"enemies":"Shelled Parasite and Fungi","floor":24,"turns":3},{"damage":34,"enemies":"Slavers","floor":25,"turns":2}],"seed_played":"1846959901768698551","potions_obtained":[{"floor":1,"key":"Fire Potion"},{"floor":2,"key":"GamblersBrew"},{"floor":11,"key":"GamblersBrew"},{"floor":12,"key":"BloodPotion"},{"floor":18,"key":"PowerPotion"},{"floor":19,"key":"GamblersBrew"},{"floor":21,"key":"SkillPotion"},{"floor":22,"key":"Weak Potion"}],"is_trial":false,"path_per_floor":["M","M","M","?","M","R","E","R","T","R","M","M","?","M","R","B",null,"M","M","M","M","M","R","M","E"],"character_chosen":"IRONCLAD","items_purchased":[],"campfire_rested":2,"item_purchase_floors":[],"current_hp_per_floor":[80,80,80,80,68,68,53,77,77,77,70,66,66,59,59,26,80,72,67,73,47,40,64,33,0],"gold":443,"neow_bonus":"THREE_RARE_CARDS","is_prod":false,"is_daily":false,"chose_seed":false,"campfire_upgraded":3,"win_rate":0.0,"timestamp":1567367529,"path_taken":["M","M","M","?","?","R","E","R","T","R","M","M","?","M","R","BOSS","M","M","M","M","M","R","M","E"],"build_version":"2019-07-17","purchased_purges":0,"victory":false,"max_hp_per_floor":[80,80,80,80,80,80,80,80,80,80,80,80,80,80,80,80,80,80,80,80,80,80,80,80,80],"card_choices":[{"not_picked":["Fiend Fire","Offering"],"picked":"Double Tap","floor":0},{"not_picked":["Sword Boomerang","Thunderclap"],"picked":"Spot Weakness","floor":1},{"not_picked":["Body Slam","Clothesline"],"picked":"Twin Strike","floor":2},{"not_picked":["Headbutt","Anger"],"picked":"Combust","floor":3},{"not_picked":["Metallicize","Shockwave"],"picked":"Thunderclap","floor":5},{"not_picked":["Body Slam","Rampage","Sword Boomerang"],"picked":"SKIP","floor":7},{"not_picked":["Anger+1","Perfected Strike+1"],"picked":"Shrug It Off","floor":11},{"not_picked":["Sever Soul+1","Thunderclap+1"],"picked":"Heavy Blade+1","floor":12},{"not_picked":["Twin Strike+1","Disarm"],"picked":"Limit Break","floor":14},{"not_picked":["Dark Embrace","Juggernaut"],"picked":"Reaper+1","floor":16},{"not_picked":["Infernal Blade","Corruption+1"],"picked":"Heavy Blade+1","floor":18},{"not_picked":["Clash+1","Rage"],"picked":"Clothesline+1","floor":19},{"not_picked":["Body Slam+1","Flex"],"picked":"Iron Wave+1","floor":20},{"not_picked":["Clash+1","Dark Embrace"],"picked":"Dual Wield","floor":21},{"not_picked":["Warcry","True Grit"],"picked":"Twin Strike+1","floor":22},{"not_picked":["Sever Soul+1","True Grit"],"picked":"Thunderclap+1","floor":24}],"player_experience":23819,"relics_obtained":[{"floor":7,"key":"Molten Egg 2"},{"floor":9,"key":"Calipers"}],"event_choices":[{"cards_removed":["Strike_R"],"damage_healed":0,"gold_gain":0,"player_choice":"Card Removal","damage_taken":0,"max_hp_gain":0,"max_hp_loss":0,"event_name":"Wheel of Change","floor":4,"gold_loss":0},{"damage_healed":0,"gold_gain":100,"player_choice":"Pray","damage_taken":0,"max_hp_gain":0,"max_hp_loss":0,"event_name":"Golden Shrine","floor":13,"gold_loss":0}],"is_beta":false,"boss_relics":[{"not_picked":["Empty Cage","Black Blood"],"picked":"Mark of Pain"}],"items_purged_floors":[],"is_endless":false,"potions_floor_spawned":[1,2,11,12,18,19,21,22],"killed_by":"Slavers","ascension_level":0}