{"gold_per_floor":[114,39,55,55,55,55,80,80,103,130,144,168,180,25,25,123,123,140,340,359,373,38,38],"floor_reached":23,"playtime":1511,"items_purged":["Strike_G","Survivor"],"score":224,"play_id":"706ca0b4-4a18-4512-b6ce-6f848a2ec5c2","local_time":"20190902211818","is_ascension_mode":false,"campfire_choices":[{"floor":6.0,"key":"REST"},{"data":"Footwork","floor":8.0,"key":"SMITH"},{"data":"Infinite Blades","floor":15.0,"key":"SMITH"}],"neow_cost":"NONE","seed_source_timestamp":140829860236266,"circlet_count":0,"master_deck":["Strike_G","Strike_G+1","Strike_G","Strike_G","Defend_G","Defend_G","Defend_G+1","Defend_G","Defend_G+1","Neutralize","Dash","Footwork+1","Unload+1","All Out Attack","Infinite Blades+1","A Thousand Cuts","Blade Dance","Backstab","Infinite Blades","Infinite Blades+1"],"special_seed":0,"relics":["Ring of the Snake","NeowsBlessing","Matryoshka","Paper Crane","Pen Nib","Snake Skull","Ancient Tea Set","Whetstone","War Paint","Blood Vial","WristBlade","DollysMirror"],"potions_floor_usage":[],"damage_taken":[{"damage":0.0,"enemies":"Cultist","floor":1.0,"turns":1.0},{"damage":0.0,"enemies":"Jaw Worm","floor":3.0,"turns":1.0},{"damage":0.0,"enemies":"3 Sentries","floor":7.0,"turns":1.0},{"damage":7.0,"enemies":"Gremlin Nob","floor":10.0,"turns":4.0},{"damage":3.0,"enemies":"2 Louse","floor":11.0,"turns":2.0},{"damage":0.0,"enemies":"Red Slaver","floor":13.0,"turns":6.0},{"damage":24.0,"enemies":"Slime Boss","floor":16.0,"turns":12.0},{"damage":0.0,"enemies":"Chosen","floor":18.0,"turns":4.0},{"damage":0.0,"enemies":"Shell Parasite","floor":20.0,"turns":4.0},{"damage":35.0,"enemies":"Snake Plant","floor":21.0,"turns":5.0},{"damage":41,"enemies":"Slavers","floor":23,"turns":3}],"seed_played":"5486258090188604231","potions_obtained":[{"floor":1.0,"key":"LiquidBronze"},{"floor":3.0,"key":"Strength Potion"},{"floor":5.0,"key":"Ancient Potion"},{"floor":5.0,"key":"FearPotion"},{"floor":10.0,"key":"GhostInAJar"},{"floor":11.0,"key":"Poison Potion"},{"floor":16.0,"key":"Ancient Potion"}],"is_trial":false,"path_per_floor":["M","$","M","?","?","R","E","R","T","E","M","T","M","$","R","B",null,"M","?","M","M","$","E"],"character_chosen":"THE_SILENT","items_purchased":["Blood Vial","Infinite Blades","DollysMirror"],"campfire_rested":1,"item_purchase_floors":[14,22,22],"current_hp_per_floor":[70,70,70,37,37,58,58,58,58,51,48,48,48,48,48,26,70,70,70,70,35,35,0],"gold":38,"neow_bonus":"THREE_ENEMY_KILL","is_prod":false,"is_daily":false,"chose_seed":false,"campfire_upgraded":2,"win_rate":0.0,"timestamp":1567484298,"path_taken":["M","?","M","?","?","R","E","R","T","E","?","?","?","$","R","BOSS","M","?","M","?","$","E"],"build_version":"2019-07-17","purchased_purges":2,"victory":false,"max_hp_per_floor":[70,70,70,70,70,70,70,70,70,70,70,70,70,70,70,70,70,70,70,70,70,70,70],"card_choices":[{"not_picked":["Deadly Poison","Poisoned Stab"],"picked":"Dash","floor":1.0},{"not_picked":["Dash","Crippling Poison"],"picked":"Footwork","floor":3.0},{"not_picked":["Distraction","Prepared","Eviscerate"],"picked":"SKIP","floor":7.0},{"not_picked":["PiercingWail","Terror"],"picked":"Unload","floor":10.0},{"not_picked":["Dodge and Roll","Quick Slash"],"picked":"All Out Attack","floor":11.0},{"not_picked":["Flechettes","Dodge and Roll"],"picked":"Infinite Blades","floor":13.0},{"not_picked":["Malaise","Night Terror"],"picked":"A Thousand Cuts","floor":16.0},{"not_picked":["Prepared","Expertise"],"picked":"Blade Dance","floor":18.0},{"not_picked":["Deadly Poison","Prepared"],"picked":"Backstab","floor":20.0},{"not_picked":["Blur","Flying Knee+1","Quick Slash+1"],"picked":"SKIP","floor":21.0}],"player_experience":36892,"relics_obtained":[{"floor":7.0,"key":"Paper Crane"},{"floor":9.0,"key":"Pen Nib"},{"floor":9.0,"key":"Snake Skull"},{"floor":10.0,"key":"Ancient Tea Set"},{"floor":12.0,"key":"Whetstone"},{"floor":12.0,"key":"War Paint"}],"event_choices":[{"damage_healed":0.0,"max_hp_gain":0.0,"max_hp_loss":0.0,"gold_gain":0.0,"event_name":"Scrap Ooze","player_choice":"Success","floor":4.0,"gold_loss":0.0,"damage_taken":33.0,"relics_obtained":["Matryoshka"]},{"damage_healed":0.0,"max_hp_gain":0.0,"max_hp_loss":0.0,"gold_gain":0.0,"event_name":"Lab","player_choice":"Got Potions","floor":5.0,"gold_loss":0.0,"damage_taken":0.0},{"damage_healed":0.0,"max_hp_gain":0.0,"max_hp_loss":0.0,"gold_gain":250.0,"event_name":"The Joust","player_choice":"Bet on Owner","floor":19.0,"gold_loss":50.0,"damage_taken":0.0}],"is_beta":false,"boss_relics":[{"not_picked":["Velvet Choker","Snecko Eye"],"picked":"WristBlade"}],"items_purged_floors":[2,22],"is_endless":false,"potions_floor_spawned":[1,3,10,11,16],"killed_by":"Slavers","ascension_level":0}