{"gold_per_floor":[116,116,291,310,325,325,352,368,368,400,20,20,20,33,33,135,135,145,45,57,57,69,97,97,97,97,97,107,127,127,77,77,77],"floor_reached":33,"playtime":2121,"items_purged":["Strike_G","Doubt"],"score":344,"play_id":"26d3cc6a-3f2d-46f0-be0f-5320494ae5c0","local_time":"20190913004353","is_ascension_mode":true,"campfire_choices":[{"data":"Noxious Fumes","floor":6,"key":"SMITH"},{"floor":13,"key":"REST"},{"floor":15,"key":"REST"},{"data":"Envenom","floor":24,"key":"SMITH"},{"data":"Infinite Blades","floor":27,"key":"SMITH"},{"floor":30,"key":"REST"},{"floor":32,"key":"REST"}],"neow_cost":"NONE","seed_source_timestamp":325611507300800,"circlet_count":0,"master_deck":["Survivor","Neutralize+1","Deadly Poison","Bane","Noxious Fumes+1","Poisoned Stab","Infinite Blades+1","Catalyst","Caltrops","Backstab","Envenom+1","Outmaneuver","Caltrops","Adrenaline","Masterful Stab","Heel Hook","Expertise","All Out Attack","Poisoned Stab","Masterful Stab+1","Masterful Stab","Well Laid Plans","Slice","Backflip"],"relics":["Ring of the Snake","Ornamental Fan","HornCleat","Dodecahedron","Lantern","Pandora\u0027s Box","PreservedInsect","Vajra"],"potions_floor_usage":[20,23,23,23],"damage_taken":[{"damage":4,"enemies":"Jaw Worm","floor":1,"turns":5},{"damage":0,"enemies":"2 Louse","floor":4,"turns":3},{"damage":0,"enemies":"Small Slimes","floor":5,"turns":2},{"damage":24,"enemies":"Lagavulin","floor":7,"turns":8},{"damage":3,"enemies":"Blue Slaver","floor":8,"turns":3},{"damage":8,"enemies":"Gremlin Nob","floor":10,"turns":4},{"damage":6,"enemies":"Exordium Thugs","floor":14,"turns":5},{"damage":13,"enemies":"Slime Boss","floor":16,"turns":8},{"damage":6,"enemies":"Shell Parasite","floor":18,"turns":3},{"damage":0,"enemies":"Spheric Guardian","floor":20,"turns":3},{"damage":20,"enemies":"Cultist and Chosen","floor":22,"turns":4},{"damage":7,"enemies":"Slavers","floor":23,"turns":4},{"damage":11,"enemies":"Shelled Parasite and Fungi","floor":28,"turns":3},{"damage":0,"enemies":"3 Cultists","floor":29,"turns":3},{"damage":75,"enemies":"Collector","floor":33,"turns":7}],"seed_played":"5691225732072194161","potions_obtained":[{"floor":4,"key":"GhostInAJar"},{"floor":10,"key":"LiquidBronze"},{"floor":14,"key":"GhostInAJar"},{"floor":20,"key":"Ancient Potion"},{"floor":22,"key":"Energy Potion"}],"is_trial":false,"path_per_floor":["M","?","?","M","M","R","E","M","T","E","$","?","R","M","R","B",null,"M","$","M","$","M","E","R","?","T","R","M","M","R","$","R","B"],"character_chosen":"THE_SILENT","items_purchased":["Catalyst","Lantern","Caltrops","Backflip"],"campfire_rested":4,"item_purchase_floors":[11,11,11,31],"current_hp_per_floor":[66,59,59,59,59,59,35,32,32,24,24,24,45,39,60,47,64,58,58,58,58,38,31,31,31,31,31,20,20,41,41,62,0],"gold":77,"neow_bonus":"UPGRADE_CARD","is_prod":false,"is_daily":false,"chose_seed":false,"campfire_upgraded":3,"win_rate":0,"timestamp":1568360633,"path_taken":["M","?","?","M","M","R","E","M","T","E","$","?","R","M","R","BOSS","M","$","M","$","M","E","R","?","T","R","M","M","R","$","R","BOSS"],"build_version":"2019-09-12","purchased_purges":2,"victory":false,"max_hp_per_floor":[70,70,70,70,70,70,70,70,70,70,70,70,70,70,70,70,70,70,70,70,70,70,70,70,70,70,70,70,70,70,70,70,70],"card_choices":[{"not_picked":["PiercingWail","Cloak And Dagger"],"picked":"Deadly Poison","floor":1},{"not_picked":["Quick Slash","Calculated Gamble"],"picked":"Bane","floor":4},{"not_picked":["Heel Hook","Bane"],"picked":"Noxious Fumes","floor":5},{"not_picked":["Dagger Throw","Reflex"],"picked":"Poisoned Stab","floor":7},{"not_picked":["Outmaneuver","Dagger Throw"],"picked":"Infinite Blades","floor":8},{"not_picked":["Phantasmal Killer","Backflip","Outmaneuver"],"picked":"SKIP","floor":10},{"not_picked":["Backflip","Underhanded Strike"],"picked":"Backstab","floor":14},{"not_picked":["Adrenaline","Phantasmal Killer"],"picked":"Envenom","floor":16},{"not_picked":["All Out Attack","Blade Dance+1"],"picked":"Poisoned Stab","floor":18},{"not_picked":["Blade Dance","Reflex"],"picked":"Masterful Stab+1","floor":20},{"not_picked":["Masterful Stab","Quick Slash","Predator"],"picked":"SKIP","floor":22},{"not_picked":["Choke","Predator+1"],"picked":"Masterful Stab","floor":23},{"not_picked":["Noxious Fumes","Escape Plan"],"picked":"Well Laid Plans","floor":28},{"not_picked":["Underhanded Strike+1","Dagger Throw+1"],"picked":"Slice","floor":29}],"player_experience":346726,"relics_obtained":[{"floor":7,"key":"Ornamental Fan"},{"floor":9,"key":"HornCleat"},{"floor":10,"key":"Dodecahedron"},{"floor":23,"key":"PreservedInsect"},{"floor":26,"key":"Vajra"}],"event_choices":[{"cards_removed":["Strike_G"],"damage_healed":0,"gold_gain":0,"player_choice":"Card Removal","damage_taken":7,"max_hp_gain":0,"max_hp_loss":0,"event_name":"Golden Wing","floor":2,"gold_loss":0},{"damage_healed":0,"gold_gain":175,"player_choice":"AGREE","damage_taken":0,"max_hp_gain":0,"max_hp_loss":0,"event_name":"Liars Game","floor":3,"gold_loss":0,"cards_obtained":["Doubt"]},{"damage_healed":0,"gold_gain":0,"player_choice":"Fled","damage_taken":0,"max_hp_gain":0,"max_hp_loss":0,"event_name":"Scrap Ooze","floor":12,"gold_loss":0},{"cards_removed":["Underhanded Strike"],"damage_healed":0,"gold_gain":0,"player_choice":"Elegance","damage_taken":0,"max_hp_gain":0,"max_hp_loss":0,"event_name":"Back to Basics","floor":25,"gold_loss":0}],"is_beta":true,"boss_relics":[{"not_picked":["Philosopher\u0027s Stone","Velvet Choker"],"picked":"Pandora\u0027s Box"}],"items_purged_floors":[11,19],"is_endless":false,"potions_floor_spawned":[4,10,14,20,22],"killed_by":"Collector","ascension_level":5}