{"gold_per_floor":[118,118,293,308,112,140,140,159,232,251,251],"floor_reached":11,"playtime":581,"items_purged":[],"score":88,"play_id":"14bf80f7-4ff4-4772-a7ab-c29843222836","local_time":"20190914145014","is_ascension_mode":true,"campfire_choices":[{"floor":7,"key":"REST"}],"neow_cost":"NONE","seed_source_timestamp":254459079258100,"circlet_count":0,"master_deck":["Strike_G","Strike_G","Strike_G","Strike_G","Strike_G","Defend_G","Defend_G","Defend_G","Defend_G","Defend_G","Survivor","Neutralize","Cloak And Dagger","Footwork","Skewer","Bane","Backflip"],"relics":["Ring of the Snake","Juzu Bracelet","Omamori","Sling","Pantograph"],"potions_floor_usage":[11],"damage_taken":[{"damage":1,"enemies":"Small Slimes","floor":1,"turns":4},{"damage":2,"enemies":"Cultist","floor":4,"turns":4},{"damage":45,"enemies":"Gremlin Nob","floor":6,"turns":6},{"damage":8,"enemies":"Jaw Worm","floor":8,"turns":7},{"damage":4,"enemies":"2 Fungi Beasts","floor":10,"turns":4},{"damage":28,"enemies":"Lagavulin","floor":11,"turns":5}],"seed_played":"5431880464928617159","potions_obtained":[{"floor":8,"key":"Energy Potion"}],"is_trial":false,"path_per_floor":["M","?","?","M","$","E","R","M","T","M","E"],"character_chosen":"THE_SILENT","items_purchased":["Sling"],"campfire_rested":1,"item_purchase_floors":[5],"current_hp_per_floor":[69,57,57,55,55,10,31,23,23,19,0],"gold":251,"neow_bonus":"RANDOM_COMMON_RELIC","is_prod":false,"is_daily":false,"chose_seed":false,"campfire_upgraded":0,"win_rate":0,"timestamp":1568490614,"path_taken":["M","?","?","M","$","E","R","M","T","M","E"],"build_version":"2019-07-17","purchased_purges":0,"victory":false,"max_hp_per_floor":[70,70,70,70,70,70,70,70,70,70,70],"card_choices":[{"not_picked":["Deflect","Endless Agony"],"picked":"Cloak And Dagger","floor":1},{"not_picked":["Slice","Well Laid Plans"],"picked":"Footwork","floor":4},{"not_picked":["Deadly Poison","Outmaneuver"],"picked":"Skewer","floor":6},{"not_picked":["Riddle With Holes","Acrobatics"],"picked":"Bane","floor":8},{"not_picked":["Bane","Leg Sweep"],"picked":"Backflip","floor":10}],"player_experience":392678,"relics_obtained":[{"floor":6,"key":"Pantograph"}],"event_choices":[{"damage_healed":0,"gold_gain":0,"player_choice":"Success","damage_taken":12,"relics_obtained":["Omamori"],"max_hp_gain":0,"max_hp_loss":0,"event_name":"Scrap Ooze","floor":2,"gold_loss":0},{"damage_healed":0,"gold_gain":175,"player_choice":"AGREE","damage_taken":0,"max_hp_gain":0,"max_hp_loss":0,"event_name":"Liars Game","floor":3,"gold_loss":0,"cards_obtained":["Doubt"]}],"is_beta":false,"boss_relics":[],"items_purged_floors":[],"is_endless":false,"potions_floor_spawned":[8],"killed_by":"Lagavulin","ascension_level":4}