{"gold_per_floor":[117,117,67,43,43,43,77,90,114,114,146,146,168,200,200,301,301,319,319,307,321,32,32,67,67,148,148,178,178,191,191],"floor_reached":31,"playtime":2246,"items_purged":[],"score":384,"play_id":"2b46a915-e27d-4dc3-8727-5d60077cef40","local_time":"20190511202454","is_ascension_mode":true,"campfire_choices":[{"data":"Perfected Strike","floor":6,"key":"SMITH"},{"floor":12,"key":"REST"},{"floor":15,"key":"REST"},{"floor":23,"key":"REST"},{"floor":25,"key":"REST"},{"floor":27,"key":"DIG"},{"floor":29,"key":"REST"}],"neow_cost":"CURSE","seed_source_timestamp":346574111235015,"circlet_count":0,"master_deck":["Strike_R","Strike_R","Strike_R","Strike_R","Strike_R","Defend_R+1","Defend_R","Defend_R","Bash","Iron Wave","Perfected Strike+1","Power Through+1","Cleave","Flame Barrier","Armaments","Wild Strike","Reaper","Pommel Strike","Metallicize","Evolve+1","Ghostly Armor+1","Iron Wave"],"relics":["Burning Blood","Calipers","Pen Nib","Blue Candle","Red Skull","Shovel","Odd Mushroom","Dead Branch","Eternal Feather","Mango","Gambling Chip","Matryoshka","Strawberry","Pantograph"],"potions_floor_usage":[16,16,16,16,16,24,28,31],"damage_taken":[{"damage":7,"enemies":"Jaw Worm","floor":1,"turns":3},{"damage":35,"enemies":"Lagavulin","floor":7,"turns":6},{"damage":0,"enemies":"Small Slimes","floor":8,"turns":2},{"damage":11,"enemies":"Gremlin Nob","floor":11,"turns":3},{"damage":21,"enemies":"The Mushroom Lair","floor":13,"turns":4},{"damage":10,"enemies":"Lagavulin","floor":14,"turns":6},{"damage":29,"enemies":"The Guardian","floor":16,"turns":12},{"damage":52,"enemies":"Shell Parasite","floor":18,"turns":14},{"damage":12,"enemies":"2 Thieves","floor":20,"turns":4},{"damage":10,"enemies":"Chosen and Byrds","floor":21,"turns":6},{"damage":76,"enemies":"Book of Stabbing","floor":24,"turns":8},{"damage":78,"enemies":"Gremlin Leader","floor":28,"turns":10},{"damage":62,"enemies":"Centurion and Healer","floor":30,"turns":8},{"damage":25,"enemies":"Book of Stabbing","floor":31,"turns":4}],"seed_played":"-388426627983399473","potions_obtained":[{"floor":1,"key":"SneckoOil"},{"floor":8,"key":"EssenceOfSteel"},{"floor":14,"key":"EntropicBrew"},{"floor":21,"key":"Weak Potion"},{"floor":24,"key":"SkillPotion"}],"is_trial":false,"path_per_floor":["M","?","?","$","?","R","E","M","T","?","E","R","?","E","R","B",null,"M","?","M","M","$","R","E","R","T","R","E","R","M","E"],"character_chosen":"IRONCLAD","items_purchased":["Perfected Strike","Mango"],"campfire_rested":5,"item_purchase_floors":[4,22],"current_hp_per_floor":[79,79,79,79,79,79,50,56,56,40,35,59,44,40,64,41,70,24,24,32,34,48,85,15,55,55,74,23,65,23,0],"gold":191,"neow_bonus":"ONE_RARE_RELIC","is_prod":false,"is_daily":false,"chose_seed":false,"campfire_upgraded":1,"win_rate":0,"timestamp":1557631494,"path_taken":["M","?","?","$","?","R","E","M","T","?","E","R","?","E","R","BOSS","M","?","M","?","$","R","E","R","T","R","E","R","M","E"],"build_version":"2019-05-07","purchased_purges":0,"victory":false,"max_hp_per_floor":[80,80,80,80,80,80,80,80,80,80,80,80,80,80,80,80,80,80,80,80,80,94,94,94,94,94,101,101,101,101,101],"card_choices":[{"not_picked":["Warcry","Infernal Blade"],"picked":"Iron Wave","floor":1},{"not_picked":["Anger","Clash"],"picked":"Power Through","floor":7},{"not_picked":["Havoc","Pommel Strike"],"picked":"Cleave","floor":8},{"not_picked":["Rampage","Combust"],"picked":"Flame Barrier","floor":11},{"not_picked":["Warcry","Berserk"],"picked":"Armaments","floor":13},{"not_picked":["Clothesline","Headbutt"],"picked":"Wild Strike","floor":14},{"not_picked":["Bludgeon","Immolate"],"picked":"Reaper","floor":16},{"not_picked":["Thunderclap+1","Sword Boomerang+1"],"picked":"Pommel Strike","floor":18},{"not_picked":["Sever Soul","Searing Blow+1","Anger"],"picked":"SKIP","floor":20},{"not_picked":["Pommel Strike","Power Through"],"picked":"Metallicize","floor":21},{"not_picked":["Clash","Shockwave"],"picked":"Evolve+1","floor":24},{"not_picked":["Anger","Flex"],"picked":"Ghostly Armor+1","floor":28},{"not_picked":["Intimidate","Headbutt"],"picked":"Iron Wave","floor":30}],"player_experience":283475,"relics_obtained":[{"floor":7,"key":"Blue Candle"},{"floor":9,"key":"Red Skull"},{"floor":11,"key":"Shovel"},{"floor":13,"key":"Odd Mushroom"},{"floor":14,"key":"Dead Branch"},{"floor":24,"key":"Gambling Chip"},{"floor":26,"key":"Matryoshka"},{"floor":27,"key":"Strawberry"},{"floor":28,"key":"Pantograph"}],"event_choices":[{"damage_healed":0,"gold_gain":0,"player_choice":"Box","damage_taken":0,"relics_obtained":["Pen Nib"],"max_hp_gain":0,"max_hp_loss":0,"event_name":"Big Fish","floor":2,"gold_loss":0,"cards_obtained":["Regret"]},{"cards_removed":["Regret"],"damage_healed":0,"gold_gain":0,"player_choice":"Card Removal","damage_taken":0,"max_hp_gain":0,"max_hp_loss":0,"event_name":"The Cleric","floor":3,"gold_loss":50},{"cards_removed":["Shame"],"damage_healed":0,"gold_gain":0,"player_choice":"Forget","damage_taken":0,"max_hp_gain":0,"max_hp_loss":0,"event_name":"Living Wall","floor":5,"gold_loss":0},{"damage_healed":0,"gold_gain":0,"player_choice":"Entered Light","damage_taken":16,"max_hp_gain":0,"max_hp_loss":0,"event_name":"Shining Light","floor":10,"gold_loss":0,"cards_upgraded":["Defend_R","Power Through"]},{"damage_healed":0,"gold_gain":0,"player_choice":"Fought Mushrooms","damage_taken":0,"max_hp_gain":0,"max_hp_loss":0,"event_name":"Mushrooms","floor":13,"gold_loss":0},{"cards_removed":["Defend_R"],"damage_healed":0,"gold_gain":0,"player_choice":"Purged","damage_taken":0,"max_hp_gain":0,"max_hp_loss":0,"event_name":"Purifier","floor":19,"gold_loss":0}],"is_beta":true,"boss_relics":[{"not_picked":["Coffee Dripper","Runic Cube"],"picked":"Eternal Feather"}],"items_purged_floors":[],"is_endless":false,"potions_floor_spawned":[1,8,14,21,24],"killed_by":"Book of Stabbing","ascension_level":5}