{"path_per_floor":["M","M","$","?","$","E","M","E","T","$","M","M","E","M","R","B",null,"M","$","?","M","?","R","M","R","T","R","M","M","R","E","R","B",null,"M","?","M","$","M","E","R","E","T","M","E","R","$","M","R","B"],"character_chosen":"DEFECT","items_purchased":["Heatsinks","Vajra","Self Repair","Self Repair","Pantograph"],"gold_per_floor":[369,383,83,83,48,76,93,122,122,72,82,101,131,143,143,245,245,264,132,132,146,71,71,85,85,131,131,142,159,159,191,191,296,296,306,306,324,16,32,59,59,91,117,133,160,160,110,130,130,130],"floor_reached":51,"campfire_rested":2,"playtime":3893,"item_purchase_floors":[3,3,5,19,38],"current_hp_per_floor":[67,67,67,60,60,51,57,50,50,50,42,44,29,28,50,41,75,64,64,64,65,65,65,73,73,73,73,75,75,75,52,74,69,75,75,75,64,64,62,75,75,75,75,75,75,75,75,75,75,42],"items_purged":["Normality","Strike_B","Strike_B","Streamline","Sweeping Beam"],"gold":130,"score":1127,"play_id":"1146dd63-0266-4506-a4f0-39e541db905a","local_time":"20180622003057","is_prod":false,"is_daily":false,"chose_seed":false,"is_ascension_mode":true,"campfire_upgraded":7,"win_rate":0,"timestamp":1529652657,"campfire_choices":[{"floor":15,"key":"REST"},{"data":"Storm","floor":23,"key":"SMITH"},{"data":"Storm","floor":25,"key":"SMITH"},{"data":"Creative AI","floor":27,"key":"SMITH"},{"data":"Defragment","floor":30,"key":"SMITH"},{"floor":32,"key":"REST"},{"data":"Defragment","floor":41,"key":"SMITH"},{"data":"Loop","floor":46,"key":"SMITH"},{"data":"Loop","floor":49,"key":"SMITH"}],"path_taken":["M","M","$","?","?","E","M","E","T","$","M","M","E","M","R","BOSS","M","$","?","M","?","R","M","R","T","R","?","?","R","E","R","BOSS","M","?","?","$","M","E","R","E","T","M","E","R","$","M","R","BOSS"],"build_version":"2018-06-21","seed_source_timestamp":75820709466770,"purchased_purges":5,"circlet_count":0,"victory":true,"master_deck":["Zap","Dualcast","Darkness","Heatsinks","Self Repair","Go for the Eyes","Steam","Creative AI+1","Storm+1","Loop+1","Loop+1","Storm+1","Biased Cognition","Self Repair","Electrodynamics","Leap+1","Defragment+1","Go for the Eyes","Heatsinks","Double Energy+1","BootSequence+1","Defragment+1","Storm+1","Gash","Gash"],"max_hp_per_floor":[75,75,75,75,75,75,75,75,75,75,75,75,75,75,75,75,75,75,75,75,75,75,75,75,75,75,75,75,75,75,75,75,75,75,75,75,75,75,75,75,75,75,75,75,75,75,75,75,75,75],"relics":["Cracked Core","Vajra","Incense Burner","Smiling Mask","Gambling Chip","Art of War","Runic Pyramid","Bag of Preparation","Blood Vial","Pandora\u0027s Box","Sundial","Pantograph","Bottled Flame","Pen Nib","War Paint","Bronze Scales"],"card_choices":[{"not_picked":["Compile Driver","Barrage"],"picked":"Sweeping Beam","floor":1},{"not_picked":["Conserve Battery","Sunder"],"picked":"Darkness","floor":2},{"not_picked":["Cold Snap","Glacier"],"picked":"Go for the Eyes","floor":6},{"not_picked":["Leap","BootSequence"],"picked":"Steam","floor":7},{"not_picked":["Stack","Ball Lightning"],"picked":"Creative AI","floor":8},{"not_picked":["Leap","Gash"],"picked":"Storm","floor":11},{"not_picked":["Blizzard","Double Energy"],"picked":"Loop","floor":12},{"not_picked":["Scrape","Hologram"],"picked":"Loop","floor":13},{"not_picked":["Hologram","Gash"],"picked":"Storm","floor":14},{"not_picked":["Echo Form","Buffer"],"picked":"Biased Cognition","floor":16},{"not_picked":["Blizzard","Stack","Lockon+1"],"picked":"SKIP","floor":18},{"not_picked":["Streamline","Rebound","Cold Snap"],"picked":"SKIP","floor":21},{"not_picked":["Coolheaded","Ball Lightning"],"picked":"Electrodynamics","floor":24},{"not_picked":["Compile Driver+1","Stack"],"picked":"Leap","floor":28},{"not_picked":["Buffer","Beam Cell"],"picked":"Defragment","floor":29},{"not_picked":["Melter","Redo","Fission"],"picked":"SKIP","floor":31},{"not_picked":["Stack+1","Tempest+1"],"picked":"BootSequence+1","floor":35},{"not_picked":["Force Field+1","Hello World+1","Ball Lightning"],"picked":"SKIP","floor":37},{"not_picked":["Sunder+1","Cold Snap+1"],"picked":"Defragment","floor":39},{"not_picked":["Gash","Aggregate+1"],"picked":"Storm+1","floor":40},{"not_picked":["Doom and Gloom","Sweeping Beam","Leap+1"],"picked":"SKIP","floor":42},{"not_picked":["Consume","Chill+1"],"picked":"Gash","floor":44},{"not_picked":["Coolheaded","Stack","Cold Snap"],"picked":"SKIP","floor":45},{"not_picked":["Sweeping Beam","Stack+1"],"picked":"Gash","floor":48}],"player_experience":133672,"potions_floor_usage":[13,14,35,50,50,50],"damage_taken":[{"damage":8,"enemies":"Jaw Worm","floor":1,"turns":4},{"damage":0,"enemies":"Small Slimes","floor":2,"turns":2},{"damage":16,"enemies":"Lagavulin","floor":6,"turns":7},{"damage":1,"enemies":"Cultist","floor":7,"turns":3},{"damage":14,"enemies":"3 Sentries","floor":8,"turns":8},{"damage":15,"enemies":"Blue Slaver","floor":11,"turns":6},{"damage":5,"enemies":"2 Fungi Beasts","floor":12,"turns":4},{"damage":22,"enemies":"Gremlin Nob","floor":13,"turns":4},{"damage":8,"enemies":"3 Louse","floor":14,"turns":3},{"damage":16,"enemies":"Hexaghost","floor":16,"turns":6},{"damage":18,"enemies":"2 Thieves","floor":18,"turns":3},{"damage":13,"enemies":"Shell Parasite","floor":21,"turns":4},{"damage":6,"enemies":"Chosen and Byrds","floor":24,"turns":3},{"damage":1,"enemies":"Cultist and Chosen","floor":28,"turns":2},{"damage":0,"enemies":"3 Cultists","floor":29,"turns":2},{"damage":30,"enemies":"Slavers","floor":31,"turns":2},{"damage":20,"enemies":"Collector","floor":33,"turns":4},{"damage":1,"enemies":"Orb Walker","floor":35,"turns":2},{"damage":0,"floor":36,"turns":4},{"damage":18,"enemies":"3 Darklings","floor":37,"turns":2},{"damage":4,"enemies":"4 Shapes","floor":39,"turns":2},{"damage":1,"enemies":"Giant Head","floor":40,"turns":5},{"damage":3,"enemies":"2 Orb Walkers","floor":42,"turns":3},{"damage":10,"enemies":"Spire Growth","floor":44,"turns":3},{"damage":0,"enemies":"Giant Head","floor":45,"turns":5},{"damage":5,"enemies":"Flame Bruiser 2 Orb","floor":48,"turns":2},{"damage":61,"enemies":"Awakened One","floor":50,"turns":6}],"relics_obtained":[{"floor":6,"key":"Incense Burner"},{"floor":8,"key":"Smiling Mask"},{"floor":9,"key":"Gambling Chip"},{"floor":13,"key":"Art of War"},{"floor":26,"key":"Bag of Preparation"},{"floor":31,"key":"Blood Vial"},{"floor":36,"key":"Sundial"},{"floor":40,"key":"Bottled Flame"},{"floor":42,"key":"Pen Nib"},{"floor":43,"key":"War Paint"},{"floor":45,"key":"Bronze Scales"}],"event_choices":[{"event_name":"Golden Wing","player_choice":"Card Removal","floor":4,"damage_taken":0},{"event_name":"Vampires","player_choice":"Ignored","floor":20,"damage_taken":0},{"event_name":"Beggar","player_choice":"Gave Gold","floor":22,"damage_taken":0},{"event_name":"MindBloom","player_choice":"Fight","floor":36,"damage_taken":0}],"boss_relics":[{"not_picked":["Velvet Choker","Empty Cage"],"picked":"Runic Pyramid"},{"not_picked":["Runic Dome","Busted Crown"],"picked":"Pandora\u0027s Box"}],"items_purged_floors":[3,10,19,38,47],"is_endless":false,"potions_floor_spawned":[2,12,13,14,16,28,29,31,36,42,45],"seed_played":"-2836134742916778161","ascension_level":2,"potions_obtained":[{"floor":2,"key":"FocusPotion"},{"floor":12,"key":"Energy Potion"},{"floor":13,"key":"Swift Potion"},{"floor":14,"key":"Regen Potion"},{"floor":16,"key":"Fire Potion"},{"floor":28,"key":"FocusPotion"},{"floor":31,"key":"Energy Potion"},{"floor":36,"key":"SkillPotion"}],"is_trial":false}