{"gold_per_floor":[111,111,111,129,129,129,147,162,186,93,122,180,180,193,193,291,591,609,193,193,93,93,93,93],"floor_reached":24,"playtime":1672,"items_purged":["Normality","Decay"],"score":202,"play_id":"bd847378-96c9-4421-bcef-9c74f690ae5e","local_time":"20190908013551","is_ascension_mode":true,"campfire_choices":[{"data":"Deadly Poison","floor":6,"key":"SMITH"},{"data":"Terror","floor":15,"key":"SMITH"},{"floor":23,"key":"REST"}],"neow_cost":"NONE","seed_source_timestamp":1962727480067900,"circlet_count":0,"master_deck":["Strike_G","Strike_G","Strike_G","Strike_G","Strike_G","Defend_G","Defend_G","Defend_G","Defend_G","Defend_G","Survivor","Neutralize","Backflip","Deadly Poison+1","Blur","Backflip","Deflect","Noxious Fumes","Terror+1","Distraction","Burst","Injury","Acrobatics+1"],"relics":["Ring of the Snake","Snake Skull","Ornamental Fan","Orichalcum","Boot","Centennial Puzzle","Calling Bell","Lantern","Toxic Egg 2","Old Coin","PreservedInsect","TwistedFunnel","GremlinMask"],"potions_floor_usage":[16,16],"damage_taken":[{"damage":0,"enemies":"2 Louse","floor":1,"turns":4},{"damage":0,"enemies":"Jaw Worm","floor":4,"turns":7},{"damage":0,"enemies":"Cultist","floor":7,"turns":3},{"damage":4,"enemies":"Exordium Thugs","floor":8,"turns":7},{"damage":10,"enemies":"Lagavulin","floor":11,"turns":11},{"damage":22,"enemies":"Lagavulin Event","floor":12,"turns":8},{"damage":0,"enemies":"Looter","floor":14,"turns":4},{"damage":12,"enemies":"The Guardian","floor":16,"turns":10},{"damage":60,"enemies":"3 Byrds","floor":18,"turns":8},{"damage":42,"enemies":"Book of Stabbing","floor":24,"turns":6}],"seed_played":"-3825397734702605631","potions_obtained":[{"floor":11,"key":"GamblersBrew"},{"floor":12,"key":"FearPotion"},{"floor":14,"key":"Block Potion"}],"is_trial":false,"path_per_floor":["M","?","T","M","?","R","M","M","T","$","E","?","?","M","R","B",null,"M","$","?","$","$","R","E"],"character_chosen":"THE_SILENT","items_purchased":["Deflect","Noxious Fumes","PreservedInsect","TwistedFunnel"],"campfire_rested":1,"item_purchase_floors":[10,10,19,19],"current_hp_per_floor":[77,74,74,74,74,74,74,70,70,70,60,38,63,63,63,51,77,17,17,17,17,17,40,0],"gold":93,"neow_bonus":"TEN_PERCENT_HP_BONUS","is_prod":false,"is_daily":false,"chose_seed":false,"campfire_upgraded":2,"win_rate":0,"timestamp":1567920951,"path_taken":["M","?","?","?","?","R","M","M","T","?","E","?","?","?","R","BOSS","M","$","?","?","$","R","E"],"build_version":"2019-07-17","purchased_purges":2,"victory":false,"max_hp_per_floor":[77,77,77,77,77,77,77,77,77,77,77,77,77,77,77,77,77,77,77,77,77,77,77,77],"card_choices":[{"not_picked":["Acrobatics","Dagger Spray"],"picked":"Backflip","floor":1},{"not_picked":["Acrobatics","Underhanded Strike"],"picked":"Deadly Poison","floor":4},{"not_picked":["Dagger Spray","Dagger Throw"],"picked":"Blur","floor":7},{"not_picked":["Acrobatics","Slice"],"picked":"Backflip","floor":8},{"not_picked":["Caltrops","Outmaneuver"],"picked":"Terror","floor":11},{"not_picked":["Underhanded Strike","Accuracy"],"picked":"Distraction","floor":12},{"not_picked":["Bane","Dodge and Roll","All Out Attack"],"picked":"SKIP","floor":14},{"not_picked":["Venomology","Unload"],"picked":"Burst","floor":16},{"not_picked":["Underhanded Strike","Heel Hook+1"],"picked":"Acrobatics+1","floor":18}],"player_experience":46636,"relics_obtained":[{"floor":3,"key":"Ornamental Fan"},{"floor":9,"key":"Orichalcum"},{"floor":11,"key":"Boot"},{"floor":17,"key":"Lantern"},{"floor":17,"key":"Toxic Egg 2"},{"floor":17,"key":"Old Coin"}],"event_choices":[{"damage_healed":0,"gold_gain":0,"player_choice":"Success","damage_taken":3,"relics_obtained":["Snake Skull"],"max_hp_gain":0,"max_hp_loss":0,"event_name":"Scrap Ooze","floor":2,"gold_loss":0},{"damage_healed":0,"gold_gain":0,"player_choice":"Bought 0 Potions","damage_taken":0,"max_hp_gain":0,"max_hp_loss":0,"event_name":"The Woman in Blue","floor":5,"gold_loss":0},{"damage_healed":0,"gold_gain":0,"player_choice":"Searched \u00273\u0027 times","damage_taken":0,"relics_obtained":["Centennial Puzzle"],"max_hp_gain":0,"max_hp_loss":0,"event_name":"Dead Adventurer","floor":12,"gold_loss":0},{"damage_healed":25,"gold_gain":0,"player_choice":"Banana","damage_taken":0,"max_hp_gain":0,"max_hp_loss":0,"event_name":"Big Fish","floor":13,"gold_loss":0},{"damage_healed":0,"gold_gain":0,"player_choice":"Trade","damage_taken":0,"relics_obtained":["GremlinMask"],"max_hp_gain":0,"max_hp_loss":0,"event_name":"FaceTrader","floor":20,"gold_loss":0}],"is_beta":false,"boss_relics":[{"not_picked":["Tiny House","Busted Crown"],"picked":"Calling Bell"}],"items_purged_floors":[19,21],"is_endless":false,"potions_floor_spawned":[11,12,14],"killed_by":"Book of Stabbing","ascension_level":1}