{"gold_per_floor":[110,126,137,27,40,40,59,88,113,125,125,157,157,168,168,269,269,282,293,392,392,403,403,403],"floor_reached":24,"playtime":846,"items_purged":["Strike_B"],"score":231,"play_id":"bb2354ef-cd2e-45ff-bcc5-d2c49c64b947","local_time":"20190914084145","is_ascension_mode":true,"campfire_choices":[{"floor":6,"key":"REST"},{"floor":13,"key":"REST"},{"floor":15,"key":"REST"},{"floor":23,"key":"REST"}],"neow_cost":"NONE","seed_source_timestamp":3075449597580,"circlet_count":0,"master_deck":["Strike_B","Strike_B","Defend_B","Defend_B","Zap","Dualcast","Hello World","Defragment","Static Discharge","BootSequence","Doom and Gloom","FTL+1","Biased Cognition","Rip and Tear+1","Glacier","Seek","Aggregate","Creative AI","Genetic Algorithm+1","Steam+1","White Noise+1","Doom and Gloom+1","Jack Of All Trades","Melter+1","Hello World+1"],"relics":["Cracked Core","NeowsBlessing","Molten Egg 2","Toy Ornithopter","FaceOfCleric","Dream Catcher","Astrolabe"],"potions_floor_usage":[8,8,8,10,14,22],"damage_taken":[{"damage":0,"enemies":"Cultist","floor":1,"turns":1},{"damage":0,"enemies":"2 Louse","floor":2,"turns":1},{"damage":0,"enemies":"Jaw Worm","floor":3,"turns":1},{"damage":34,"enemies":"Exordium Thugs","floor":5,"turns":4},{"damage":14,"enemies":"Exordium Wildlife","floor":7,"turns":4},{"damage":12,"enemies":"3 Sentries","floor":8,"turns":4},{"damage":1,"enemies":"3 Louse","floor":10,"turns":2},{"damage":31,"enemies":"Lagavulin","floor":12,"turns":4},{"damage":4,"enemies":"Exordium Thugs","floor":14,"turns":3},{"damage":40,"enemies":"The Guardian","floor":16,"turns":11},{"damage":13,"enemies":"3 Byrds","floor":18,"turns":3},{"damage":18,"enemies":"Shell Parasite","floor":19,"turns":4},{"damage":17,"enemies":"Centurion and Healer","floor":22,"turns":5},{"damage":47,"enemies":"Book of Stabbing","floor":24,"turns":4}],"seed_played":"-2963210786611611905","potions_obtained":[{"floor":1,"key":"Fire Potion"},{"floor":2,"key":"Block Potion"},{"floor":5,"key":"SkillPotion"},{"floor":8,"key":"EssenceOfSteel"},{"floor":12,"key":"FearPotion"},{"floor":18,"key":"Ancient Potion"},{"floor":19,"key":"SkillPotion"}],"is_trial":false,"path_per_floor":["M","M","M","$","M","R","M","E","T","M","?","E","R","M","R","B",null,"M","M","?","?","M","R","E"],"character_chosen":"DEFECT","items_purchased":["Static Discharge"],"campfire_rested":4,"item_purchase_floors":[4],"current_hp_per_floor":[75,75,75,75,41,63,49,37,37,41,41,11,33,35,58,19,78,66,49,49,33,22,46,0],"gold":403,"neow_bonus":"THREE_ENEMY_KILL","is_prod":false,"is_daily":false,"chose_seed":false,"campfire_upgraded":0,"win_rate":0,"timestamp":1568475705,"path_taken":["M","M","M","$","M","R","M","E","T","M","?","E","R","?","R","BOSS","M","M","?","?","?","R","E"],"build_version":"2019-09-12","purchased_purges":1,"victory":false,"max_hp_per_floor":[75,75,75,75,75,75,75,75,75,75,75,76,76,77,77,78,78,79,80,80,80,81,81,81],"card_choices":[{"not_picked":["Coolheaded","Turbo"],"picked":"Hello World","floor":1},{"not_picked":["Coolheaded","Stack"],"picked":"Defragment","floor":2},{"not_picked":["Redo","Leap","Steam Power"],"picked":"SKIP","floor":3},{"not_picked":["Streamline","Tempest"],"picked":"BootSequence","floor":5},{"not_picked":["Steam Power","Chill"],"picked":"Doom and Gloom","floor":7},{"not_picked":["Go for the Eyes","Barrage"],"picked":"FTL","floor":8},{"not_picked":["Gash+1","Auto Shields"],"picked":"Biased Cognition","floor":10},{"not_picked":["Ball Lightning+1","Hello World"],"picked":"Rip and Tear+1","floor":12},{"not_picked":["Ball Lightning+1","Redo"],"picked":"Glacier","floor":13},{"not_picked":["Conserve Battery","Self Repair"],"picked":"Seek","floor":14},{"not_picked":["Rebound+1","Conserve Battery"],"picked":"Aggregate","floor":15},{"not_picked":["Hyperbeam+1","Meteor Strike+1"],"picked":"Creative AI","floor":16},{"not_picked":["Stack","Turbo","Go for the Eyes+1"],"picked":"SKIP","floor":18},{"not_picked":["Chaos","Stack"],"picked":"Doom and Gloom+1","floor":19},{"not_picked":["Conserve Battery+1","Beam Cell+1"],"picked":"Melter+1","floor":22},{"not_picked":["Conserve Battery","Compile Driver+1"],"picked":"Hello World+1","floor":23}],"player_experience":120242,"relics_obtained":[{"floor":8,"key":"Molten Egg 2"},{"floor":9,"key":"Toy Ornithopter"},{"floor":12,"key":"Dream Catcher"}],"event_choices":[{"damage_healed":0,"gold_gain":0,"player_choice":"Trade","damage_taken":0,"relics_obtained":["FaceOfCleric"],"max_hp_gain":0,"max_hp_loss":0,"event_name":"FaceTrader","floor":11,"gold_loss":0},{"damage_healed":0,"gold_gain":99,"player_choice":"Stole From Cult","damage_taken":0,"max_hp_gain":0,"max_hp_loss":0,"event_name":"Nest","floor":20,"gold_loss":0},{"damage_healed":0,"gold_gain":0,"player_choice":"CARD ","damage_taken":16,"max_hp_gain":0,"max_hp_loss":0,"event_name":"Knowing Skull","floor":21,"potions_obtained":[],"gold_loss":0,"cards_obtained":["Jack Of All Trades"]}],"is_beta":true,"boss_relics":[{"not_picked":["Pandora\u0027s Box","SacredBark"],"picked":"Astrolabe"}],"items_purged_floors":[4],"is_endless":false,"potions_floor_spawned":[1,2,5,8,12,18,19],"killed_by":"Book of Stabbing","ascension_level":2}