{"gold_per_floor":[113,113,113,125,145,145,176,176,201,201,23,23,35,53,53,156,156,173,191,46,79,7,7,36,36,62,91,190,190,208,208,208,310,310,327,227,227,241,260,289,289,318,318,349,349,364,364,414,414,414,414,414,22,49,49],"floor_reached":55,"playtime":4289,"items_purged":["Strike_R"],"score":986,"play_id":"1dbc3749-0521-4f93-af8f-e89fa0f8249a","local_time":"20190914042256","is_ascension_mode":true,"campfire_choices":[{"data":"Corruption","floor":6,"key":"SMITH"},{"floor":8,"key":"REST"},{"data":"Bash","floor":10,"key":"SMITH"},{"data":"Iron Wave","floor":12,"key":"SMITH"},{"floor":15,"key":"REST"},{"floor":23,"key":"REST"},{"data":"1","floor":25,"key":"LIFT"},{"data":"2","floor":29,"key":"LIFT"},{"data":"3","floor":32,"key":"LIFT"},{"floor":41,"key":"RECALL"},{"floor":49,"key":"REST"},{"data":"Double Tap","floor":52,"key":"SMITH"}],"neow_cost":"NONE","seed_source_timestamp":422979498466000,"circlet_count":0,"master_deck":["Strike_R","Strike_R","Strike_R+1","Strike_R","Defend_R","Defend_R","Defend_R","Defend_R","Bash+1","Feel No Pain+1","Corruption+1","Reckless Charge","Iron Wave+1","Rampage","Seeing Red","Reaper","Clash+1","Heavy Blade","Feel No Pain","Limit Break","Dark Embrace","Burning Pact","Iron Wave","Dark Shackles","Iron Wave","Double Tap+1","Twin Strike+1","Second Wind+1"],"relics":["Burning Blood","PreservedInsect","Blue Candle","Anchor","Brimstone","Runic Pyramid","Strange Spoon","Red Mask","Girya","Matryoshka","Mark of Pain","StoneCalendar","Bag of Marbles","Darkstone Periapt","Omamori","Blood Vial","Mango","Ornamental Fan","Centennial Puzzle"],"potions_floor_usage":[16,21,21,24,27,30,39,46,54,55,55,55],"damage_taken":[{"damage":6,"enemies":"Cultist","floor":1,"turns":4},{"damage":1,"enemies":"2 Louse","floor":4,"turns":3},{"damage":2,"enemies":"Jaw Worm","floor":5,"turns":4},{"damage":30,"enemies":"Gremlin Nob","floor":7,"turns":4},{"damage":12,"enemies":"Exordium Wildlife","floor":13,"turns":3},{"damage":4,"enemies":"Blue Slaver","floor":14,"turns":3},{"damage":30,"enemies":"Slime Boss","floor":16,"turns":6},{"damage":1,"enemies":"Spheric Guardian","floor":18,"turns":3},{"damage":0,"enemies":"Chosen","floor":19,"turns":4},{"damage":86,"enemies":"Masked Bandits","floor":21,"turns":6},{"damage":17,"enemies":"Gremlin Leader","floor":24,"turns":4},{"damage":40,"enemies":"Book of Stabbing","floor":27,"turns":4},{"damage":7,"enemies":"3 Cultists","floor":30,"turns":4},{"damage":12,"enemies":"Collector","floor":33,"turns":6},{"damage":28,"enemies":"3 Darklings","floor":35,"turns":7},{"damage":0,"enemies":"Orb Walker","floor":38,"turns":2},{"damage":25,"enemies":"Maw","floor":39,"turns":5},{"damage":21,"enemies":"Giant Head","floor":40,"turns":5},{"damage":30,"enemies":"Nemesis","floor":42,"turns":3},{"damage":10,"enemies":"Reptomancer","floor":44,"turns":5},{"damage":39,"enemies":"4 Shapes","floor":46,"turns":4},{"damage":32,"enemies":"2 Orb Walkers","floor":48,"turns":4},{"damage":102,"enemies":"Time Eater","floor":50,"turns":8},{"damage":30,"enemies":"Shield and Spear","floor":54,"turns":5},{"damage":156,"enemies":"The Heart","floor":55,"turns":6}],"seed_played":"-7059394762349209661","potions_obtained":[{"floor":7,"key":"SkillPotion"},{"floor":13,"key":"Poison Potion"},{"floor":14,"key":"Weak Potion"},{"floor":16,"key":"FearPotion"},{"floor":21,"key":"DuplicationPotion"},{"floor":27,"key":"Energy Potion"},{"floor":35,"key":"EssenceOfSteel"},{"floor":39,"key":"Energy Potion"},{"floor":54,"key":"Fire Potion"}],"is_trial":false,"path_per_floor":["M","?","?","M","M","R","E","R","T","R","$","R","M","M","R","B",null,"M","M","$","?","$","R","E","R","T","E","?","R","M","?","R","B",null,"M","$","?","M","M","E","R","E","T","E","?","M","?","?","R","B",null,"R","$","E","B"],"character_chosen":"IRONCLAD","items_purchased":["Brimstone","Iron Wave","Strange Spoon","Feel No Pain","Iron Wave","Weak Potion","Weak Potion","Ornamental Fan","Poison Potion"],"campfire_rested":4,"item_purchase_floors":[11,11,20,22,36,53,53,53,53],"current_hp_per_floor":[80,62,29,34,38,38,14,40,40,40,40,40,34,36,62,38,76,81,88,88,26,26,52,74,74,74,51,51,51,80,80,80,84,87,66,66,61,76,66,61,61,37,37,63,63,56,78,68,98,102,102,102,102,100,0],"gold":49,"neow_bonus":"TEN_PERCENT_HP_BONUS","is_prod":false,"is_daily":false,"chose_seed":false,"campfire_upgraded":4,"win_rate":0,"timestamp":1568460176,"path_taken":["M","?","?","M","M","R","E","R","T","R","$","R","M","M","R","BOSS","M","M","$","?","$","R","E","R","T","E","?","R","M","?","R","BOSS","M","$","?","M","M","E","R","E","T","E","?","M","?","?","R","BOSS","R","$","E","BOSS"],"build_version":"2019-09-12","purchased_purges":1,"victory":false,"max_hp_per_floor":[88,88,88,88,88,88,88,88,88,88,88,88,88,88,88,88,88,88,88,88,88,88,88,88,88,88,88,88,88,88,88,88,88,88,88,88,88,88,88,88,88,88,88,88,88,88,88,102,102,102,102,102,102,102,102],"card_choices":[{"not_picked":["Perfected Strike","Flex"],"picked":"Feel No Pain","floor":1},{"not_picked":["Wild Strike","Fire Breathing"],"picked":"Corruption","floor":4},{"not_picked":["Sword Boomerang","Fire Breathing","Anger"],"picked":"SKIP","floor":5},{"not_picked":["Cleave","Fiend Fire"],"picked":"Reckless Charge","floor":7},{"not_picked":["Thunderclap","Dual Wield"],"picked":"Rampage","floor":13},{"not_picked":["Pommel Strike","Havoc"],"picked":"Seeing Red","floor":14},{"not_picked":["Fiend Fire","Feed"],"picked":"Reaper","floor":16},{"not_picked":["Body Slam","Warcry"],"picked":"Clash+1","floor":18},{"not_picked":["Havoc","Armaments","Cleave"],"picked":"SKIP","floor":19},{"not_picked":["Flex","Perfected Strike+1"],"picked":"Heavy Blade","floor":21},{"not_picked":["Anger+1","Thunderclap","Bloodletting+1"],"picked":"SKIP","floor":24},{"not_picked":["Havoc+1","Thunderclap","Whirlwind"],"picked":"SKIP","floor":27},{"not_picked":["Thunderclap","Pommel Strike"],"picked":"Fire Breathing+1","floor":30},{"not_picked":["Fiend Fire","Juggernaut"],"picked":"Dark Embrace","floor":33},{"not_picked":["Shrug It Off+1","Havoc"],"picked":"Burning Pact","floor":35},{"not_picked":["Swift Strike","Good Instincts"],"picked":"Dark Shackles","floor":37},{"not_picked":["Blood for Blood+1","Wild Strike"],"picked":"Iron Wave","floor":38},{"not_picked":["Perfected Strike+1","Headbutt+1","Anger"],"picked":"SKIP","floor":39},{"not_picked":["Headbutt+1","True Grit"],"picked":"Double Tap","floor":40},{"not_picked":["Intimidate","Evolve+1","Uppercut+1"],"picked":"SKIP","floor":42},{"not_picked":["Ghostly Armor+1","Shrug It Off"],"picked":"Twin Strike+1","floor":44},{"not_picked":["Cleave+1","Wild Strike+1","True Grit+1"],"picked":"SKIP","floor":46},{"not_picked":["Uppercut+1","Spot Weakness+1"],"picked":"Second Wind+1","floor":54}],"player_experience":354585,"relics_obtained":[{"floor":7,"key":"Blue Candle"},{"floor":9,"key":"Anchor"},{"floor":21,"key":"Red Mask"},{"floor":24,"key":"Girya"},{"floor":27,"key":"Matryoshka"},{"floor":40,"key":"StoneCalendar"},{"floor":42,"key":"Bag of Marbles"},{"floor":43,"key":"Darkstone Periapt"},{"floor":43,"key":"Omamori"},{"floor":44,"key":"Blood Vial"},{"floor":48,"key":"Mango"},{"floor":54,"key":"Centennial Puzzle"}],"event_choices":[{"damage_healed":0,"gold_gain":0,"player_choice":"Entered Light","damage_taken":18,"max_hp_gain":0,"max_hp_loss":0,"event_name":"Shining Light","floor":2,"gold_loss":0,"cards_upgraded":["Strike_R","Feel No Pain"]},{"damage_healed":0,"gold_gain":0,"player_choice":"Success","damage_taken":33,"relics_obtained":["PreservedInsect"],"max_hp_gain":0,"max_hp_loss":0,"event_name":"Scrap Ooze","floor":3,"gold_loss":0},{"damage_healed":0,"gold_gain":0,"player_choice":"Fought Bandits","damage_taken":0,"max_hp_gain":0,"max_hp_loss":0,"event_name":"Masked Bandits","floor":21,"gold_loss":0},{"damage_healed":0,"gold_gain":99,"player_choice":"Stole From Cult","damage_taken":0,"max_hp_gain":0,"max_hp_loss":0,"event_name":"Nest","floor":28,"gold_loss":0},{"damage_healed":0,"gold_gain":0,"player_choice":"Read","damage_taken":0,"max_hp_gain":0,"max_hp_loss":0,"event_name":"The Library","floor":31,"gold_loss":0,"cards_obtained":["Limit Break"]},{"damage_healed":0,"gold_gain":0,"player_choice":"Memory 2","damage_taken":5,"max_hp_gain":0,"max_hp_loss":0,"event_name":"SensoryStone","floor":37,"gold_loss":0},{"cards_removed":["Fire Breathing"],"damage_healed":0,"gold_gain":0,"player_choice":"Removed Power","damage_taken":0,"max_hp_gain":0,"max_hp_loss":0,"event_name":"Falling","floor":45,"gold_loss":0},{"damage_healed":22,"gold_gain":0,"player_choice":"Writhe","damage_taken":0,"max_hp_gain":0,"max_hp_loss":0,"event_name":"Winding Halls","floor":47,"gold_loss":0,"cards_obtained":["Writhe"]},{"damage_healed":0,"gold_gain":0,"player_choice":"Fight","damage_taken":0,"max_hp_gain":0,"max_hp_loss":0,"event_name":"Mysterious Sphere","floor":48,"gold_loss":0}],"is_beta":true,"boss_relics":[{"not_picked":["Runic Dome","Coffee Dripper"],"picked":"Runic Pyramid"},{"not_picked":["Runic Cube","Black Star"],"picked":"Mark of Pain"}],"items_purged_floors":[36],"is_endless":false,"potions_floor_spawned":[7,13,14,16,19,21,27,35,39,54],"killed_by":"The Heart","ascension_level":6}