{"gold_per_floor":[364,439,439,439,389,389,400,400,400,420,420,436,462,338,338,440,440,440,440,440,440,270,270,270,270,270,270,270,270,270,270,270,270,270,270,220,220,0,0,0,0,0,0,0,0,0,0,0,0,0],"floor_reached":51,"playtime":3487,"items_purged":["Strike_B","Strike_B","Defend_B"],"score":783,"play_id":"e5c575ed-ba80-4507-875f-6bedd58d33bf","local_time":"20180806200334","is_ascension_mode":true,"campfire_choices":[{"data":"Zap","floor":6,"key":"SMITH"},{"data":"Storm","floor":8,"key":"SMITH"},{"floor":15,"key":"REST"},{"floor":23,"key":"REST"},{"data":"Creative AI","floor":25,"key":"SMITH"},{"floor":30,"key":"REST"},{"data":"Force Field","floor":32,"key":"SMITH"},{"data":"Thunder Strike","floor":40,"key":"SMITH"},{"data":"Force Field","floor":42,"key":"SMITH"},{"data":"Conserve Battery","floor":45,"key":"SMITH"},{"data":"Defragment","floor":49,"key":"SMITH"}],"neow_cost":"TEN_PERCENT_HP_LOSS","seed_source_timestamp":1540600660432669,"circlet_count":0,"master_deck":["Defend_B","Zap+1","Dualcast+1","Melter","Static Discharge","Storm+1","Creative AI+1","Force Field+1","Electrodynamics","Storm","Conserve Battery+1","Self Repair","Force Field+1","Hologram+1","Undo+1","Thunder Strike+1","Storm","Defragment+1","Panache","Defragment+1"],"relics":["Cracked Core","Smiling Mask","Turnip","Ectoplasm","Kunai","Incense Burner","Empty Cage","Red Mask","StoneCalendar","The Courier","Letter Opener"],"potions_floor_usage":[16,33,50,50,50],"damage_taken":[{"damage":1,"enemies":"2 Louse","floor":1,"turns":2},{"damage":0,"enemies":"Cultist","floor":7,"turns":3},{"damage":7,"enemies":"Jaw Worm","floor":10,"turns":3},{"damage":0,"enemies":"Large Slime","floor":12,"turns":4},{"damage":20,"enemies":"Lagavulin","floor":13,"turns":5},{"damage":43,"enemies":"Hexaghost","floor":16,"turns":7},{"damage":11,"enemies":"Shell Parasite","floor":18,"turns":3},{"damage":35,"enemies":"3 Byrds","floor":19,"turns":3},{"damage":6,"enemies":"3 Cultists","floor":24,"turns":3},{"damage":7,"enemies":"Cultist and Chosen","floor":27,"turns":4},{"damage":2,"enemies":"Snake Plant","floor":28,"turns":3},{"damage":28,"enemies":"Slavers","floor":29,"turns":3},{"damage":56,"enemies":"Champ","floor":33,"turns":8},{"damage":0,"enemies":"Flame Bruiser 1 Orb","floor":35,"turns":4},{"damage":16,"enemies":"3 Darklings","floor":37,"turns":4},{"damage":3,"floor":39,"turns":5},{"damage":18,"enemies":"4 Shapes","floor":47,"turns":4},{"damage":0,"enemies":"Maw","floor":48,"turns":5},{"damage":39,"enemies":"Awakened One","floor":50,"turns":6}],"seed_played":"-7258838976044592719","potions_obtained":[{"floor":10,"key":"FocusPotion"},{"floor":19,"key":"Weak Potion"},{"floor":28,"key":"SteroidPotion"},{"floor":33,"key":"Poison Potion"},{"floor":35,"key":"EssenceOfSteel"},{"floor":48,"key":"Poison Potion"}],"is_trial":false,"path_per_floor":["M","?","?","?","?","R","M","R","T","M","?","M","E","$","R","B",null,"M","M","?","?","$","R","M","R","T","M","M","E","R","?","R","B",null,"M","$","M","?","?","R","?","R","T","?","R","T","M","M","R","B"],"character_chosen":"DEFECT","items_purchased":["Force Field","Self Repair","Force Field"],"campfire_rested":3,"item_purchase_floors":[14,22,22],"current_hp_per_floor":[67,61,61,61,61,61,61,61,61,54,59,59,39,39,60,17,73,62,27,27,27,27,48,49,49,49,49,54,33,54,73,73,24,73,73,73,64,64,68,68,68,68,68,68,68,68,57,64,64,32],"gold":0,"neow_bonus":"TWO_FIFTY_GOLD","is_prod":false,"is_daily":false,"chose_seed":false,"campfire_upgraded":8,"win_rate":0,"timestamp":1533600214,"path_taken":["M","?","?","?","?","R","M","R","T","M","?","M","E","$","R","BOSS","M","M","?","?","?","R","M","R","T","?","M","E","R","?","R","BOSS","M","$","M","?","?","R","?","R","T","?","R","?","M","M","R","BOSS"],"build_version":"2018-08-02","purchased_purges":3,"victory":true,"max_hp_per_floor":[68,68,68,68,68,68,68,68,68,68,73,73,73,73,73,73,73,73,73,73,73,73,73,73,73,73,73,73,73,73,73,73,73,73,73,73,73,73,73,73,73,73,73,73,73,73,73,73,73,73],"card_choices":[{"not_picked":["Coolheaded","Sweeping Beam"],"picked":"Melter","floor":1},{"not_picked":["Hologram","Streamline"],"picked":"Storm","floor":7},{"not_picked":["Sweeping Beam","Leap","Stack"],"picked":"SKIP","floor":10},{"not_picked":["Rip and Tear","Consume","Compile Driver"],"picked":"SKIP","floor":12},{"not_picked":["Ball Lightning","Defragment"],"picked":"Creative AI","floor":13},{"not_picked":["Biased Cognition","Hyperbeam"],"picked":"Electrodynamics","floor":16},{"not_picked":["Ball Lightning","Rebound+1"],"picked":"Storm","floor":18},{"not_picked":["Turbo","Coolheaded+1"],"picked":"Conserve Battery","floor":19},{"not_picked":["Coolheaded","Rebound","Rip and Tear+1"],"picked":"SKIP","floor":24},{"not_picked":["Gash","Cold Snap"],"picked":"Hologram+1","floor":27},{"not_picked":["Rip and Tear+1","Cold Snap+1"],"picked":"Undo+1","floor":28},{"not_picked":["Compile Driver+1","Darkness","Aggregate+1"],"picked":"SKIP","floor":29},{"not_picked":["Amplify","Reboot"],"picked":"Thunder Strike","floor":33},{"not_picked":["Undo","Stack","Turbo+1"],"picked":"SKIP","floor":35},{"not_picked":["Streamline+1","Sunder+1"],"picked":"Storm","floor":37},{"not_picked":["Hologram","Redo"],"picked":"Defragment+1","floor":39},{"not_picked":["Madness","Trip"],"picked":"Panache","floor":41},{"not_picked":["Coolheaded+1","Force Field"],"picked":"Defragment","floor":47},{"not_picked":["Redo+1","Barrage","Conserve Battery"],"picked":"SKIP","floor":48}],"player_experience":191607,"relics_obtained":[{"floor":9,"key":"Smiling Mask"},{"floor":13,"key":"Turnip"},{"floor":26,"key":"Kunai"},{"floor":29,"key":"Incense Burner"},{"floor":39,"key":"StoneCalendar"},{"floor":43,"key":"The Courier"},{"floor":46,"key":"Letter Opener"}],"event_choices":[{"event_name":"FaceTrader","player_choice":"Touch","floor":2,"damage_taken":0},{"event_name":"Accursed Blacksmith","player_choice":"Forge","floor":3,"damage_taken":0},{"event_name":"Transmorgrifier","player_choice":"Transform","floor":4,"damage_taken":0},{"event_name":"The Cleric","player_choice":"Card Removal","floor":5,"damage_taken":0},{"event_name":"Big Fish","player_choice":"Donut","floor":11,"damage_taken":0},{"event_name":"Ghosts","player_choice":"Ignored","floor":20,"damage_taken":0},{"event_name":"The Mausoleum","player_choice":"No","floor":21,"damage_taken":0},{"event_name":"The Library","player_choice":"Heal","floor":31,"damage_taken":0},{"event_name":"Tomb of Lord Red Mask","player_choice":"Paid","floor":38,"damage_taken":0},{"event_name":"MindBloom","player_choice":"Fight","floor":39,"damage_taken":0},{"event_name":"SensoryStone","player_choice":"Memory 1","floor":41,"damage_taken":0},{"event_name":"Mysterious Sphere","player_choice":"Ignore","floor":44,"damage_taken":0}],"is_beta":false,"boss_relics":[{"not_picked":["Black Star","Runic Pyramid"],"picked":"Ectoplasm"},{"not_picked":["Eternal Feather","Astrolabe"],"picked":"Empty Cage"}],"items_purged_floors":[14,22,36],"is_endless":false,"potions_floor_spawned":[10,19,28,33,35,37,48],"ascension_level":4}