{"gold_per_floor":[119,134,134,27,44,44,9,29,29,63,63,76,76,107,107,181,181,192,192,19,19,39,39],"floor_reached":23,"playtime":2656,"items_purged":[],"score":378,"play_id":"f184930d-b4b9-4590-9615-cf9c458647c4","local_time":"20181026150153","is_ascension_mode":true,"campfire_choices":[{"data":"Zap","floor":6,"key":"SMITH"},{"data":"Barrage","floor":11,"key":"SMITH"},{"data":"Coolheaded","floor":15,"key":"SMITH"}],"neow_cost":"TEN_PERCENT_HP_LOSS","seed_source_timestamp":1440983661706955,"circlet_count":0,"master_deck":["Strike_B","Strike_B","Strike_B","Strike_B","Defend_B","Defend_B","Defend_B","Defend_B","Zap+1","Dualcast","AscendersBane","Deep Breath","Trip","Undo","Genetic Algorithm","Barrage+1","Coolheaded+1","Self Repair","Darkness","Compile Driver","Buffer","Steam","Chill","Heatsinks","FTL","Turbo+1"],"relics":["Cracked Core","The Courier","Bird Faced Urn","Ornamental Fan","Inserter"],"potions_floor_usage":[10,16,23,23],"damage_taken":[{"damage":7,"enemies":"Jaw Worm","floor":1,"turns":5},{"damage":0,"enemies":"2 Louse","floor":2,"turns":4},{"damage":3,"enemies":"Small Slimes","floor":5,"turns":4},{"damage":4,"enemies":"Looter","floor":8,"turns":3},{"damage":8,"enemies":"Lagavulin","floor":10,"turns":5},{"damage":10,"enemies":"Large Slime","floor":12,"turns":5},{"damage":24,"enemies":"3 Sentries","floor":14,"turns":11},{"damage":48,"enemies":"Hexaghost","floor":16,"turns":13},{"damage":23,"enemies":"Shell Parasite","floor":18,"turns":7},{"damage":21,"enemies":"Spheric Guardian","floor":22,"turns":9},{"damage":44,"enemies":"Slavers","floor":23,"turns":4}],"seed_played":"1387025255949082926","potions_obtained":[{"floor":14,"key":"Regen Potion"},{"floor":22,"key":"Energy Potion"}],"is_trial":false,"path_per_floor":["M","M","?","$","M","R","?","M","T","E","R","M","?","E","R","B",null,"M","?","$","?","M"],"character_chosen":"DEFECT","items_purchased":["Fire Potion","Explosive Potion","Chill","Heatsinks","FTL"],"campfire_rested":0,"item_purchase_floors":[4,4,20,20,20],"current_hp_per_floor":[57,57,62,62,59,59,69,65,65,57,57,56,56,41,41,17,56,44,44,44,44,36,0],"gold":39,"neow_bonus":"RANDOM_COLORLESS_2","is_prod":false,"is_daily":false,"chose_seed":false,"campfire_upgraded":3,"win_rate":0,"timestamp":1540580513,"path_taken":["M","M","?","$","M","R","?","M","T","E","R","M","?","E","R","BOSS","M","?","$","?","?","E"],"build_version":"2018-10-25v2","purchased_purges":0,"victory":false,"max_hp_per_floor":[64,64,69,69,69,69,69,69,69,69,69,69,69,69,69,69,69,69,69,69,69,69,69],"card_choices":[{"not_picked":["Consume","Redo"],"picked":"Undo","floor":1},{"not_picked":["Go for the Eyes","Rip and Tear"],"picked":"Genetic Algorithm","floor":2},{"not_picked":["Auto Shields","Scrape"],"picked":"Barrage","floor":5},{"not_picked":["Double Energy","Barrage"],"picked":"Coolheaded","floor":8},{"not_picked":["Redo","Leap"],"picked":"Self Repair","floor":10},{"not_picked":["Coolheaded","Go for the Eyes"],"picked":"Darkness","floor":12},{"not_picked":["Turbo","Reprogram"],"picked":"Compile Driver","floor":14},{"not_picked":["Thunder Strike","Amplify"],"picked":"Buffer","floor":16},{"not_picked":["Compile Driver","Coolheaded"],"picked":"Steam","floor":18},{"not_picked":["Stack","Reinforced Body"],"picked":"Turbo+1","floor":22}],"player_experience":612324,"relics_obtained":[{"floor":9,"key":"The Courier"},{"floor":10,"key":"Bird Faced Urn"},{"floor":14,"key":"Ornamental Fan"}],"event_choices":[{"damage_healed":0,"gold_gain":0,"player_choice":"Donut","damage_taken":0,"max_hp_gain":5,"max_hp_loss":0,"event_name":"Big Fish","floor":3,"gold_loss":0},{"damage_healed":17,"gold_gain":0,"player_choice":"Healed","damage_taken":0,"max_hp_gain":0,"max_hp_loss":0,"event_name":"The Cleric","floor":7,"gold_loss":35},{"damage_healed":0,"gold_gain":0,"player_choice":"Ignored","damage_taken":0,"max_hp_gain":0,"max_hp_loss":0,"event_name":"Shining Light","floor":13,"gold_loss":0},{"damage_healed":0,"gold_gain":0,"player_choice":"Ignored","damage_taken":0,"max_hp_gain":0,"max_hp_loss":0,"event_name":"The Mausoleum","floor":19,"gold_loss":0}],"is_beta":false,"boss_relics":[{"not_picked":["Pandora\u0027s Box","Fusion Hammer"],"picked":"Inserter"}],"items_purged_floors":[],"is_endless":false,"potions_floor_spawned":[8,14,22],"killed_by":"Slavers","ascension_level":18}