{"gold_per_floor":[365,365,365,129,148,148,181,181,207,57,83,83,113,113,113,187,187,202,218,218,93,113,113,148,148,175,175,225,225,235,32,32,32],"floor_reached":33,"playtime":848,"items_purged":["Strike_R","Strike_R","Strike_R","Strike_R"],"score":579,"play_id":"24c4db35-b9ef-4811-ba52-aba3978bef10","local_time":"20190811115305","is_ascension_mode":true,"campfire_choices":[{"data":"Carnage","floor":6.0,"key":"SMITH"},{"data":"Bash","floor":8.0,"key":"SMITH"},{"data":"True Grit","floor":12.0,"key":"SMITH"},{"data":"Power Through","floor":15.0,"key":"SMITH"},{"data":"Feed","floor":23.0,"key":"SMITH"},{"data":"Barricade","floor":27.0,"key":"SMITH"},{"data":"Feel No Pain","floor":32,"key":"SMITH"}],"neow_cost":"CURSE","seed_source_timestamp":1276824054870600,"circlet_count":0,"master_deck":["AscendersBane","Strike_R","Defend_R","Defend_R","Defend_R","Defend_R","Bash+1","Shrug It Off+1","Power Through+1","Carnage+1","Feel No Pain+1","True Grit+1","Feed+1","Barricade+1","Injury","Armaments+1"],"special_seed":0,"relics":["Burning Blood","Question Card","Red Skull","Art of War","Bag of Marbles","Cursed Key","Orichalcum"],"potions_floor_usage":[33],"damage_taken":[{"damage":13.0,"enemies":"2 Louse","floor":1.0,"turns":4.0},{"damage":7.0,"enemies":"Jaw Worm","floor":5.0,"turns":3.0},{"damage":7.0,"enemies":"3 Sentries","floor":7.0,"turns":10.0},{"damage":17.0,"enemies":"Lagavulin","floor":11.0,"turns":6.0},{"damage":17.0,"enemies":"Gremlin Nob","floor":13.0,"turns":4.0},{"damage":36.0,"enemies":"The Guardian","floor":16.0,"turns":13.0},{"damage":5.0,"enemies":"2 Thieves","floor":18.0,"turns":4.0},{"damage":1.0,"enemies":"Spheric Guardian","floor":19.0,"turns":5.0},{"damage":37.0,"enemies":"Chosen and Byrds","floor":22.0,"turns":8.0},{"damage":23.0,"enemies":"Book of Stabbing","floor":24.0,"turns":6.0},{"damage":8,"enemies":"Colosseum Slavers","floor":29,"turns":5},{"damage":2,"enemies":"Snake Plant","floor":30,"turns":5},{"damage":25,"enemies":"Collector","floor":33,"turns":9}],"seed_played":"-4440471245632840769","potions_obtained":[{"floor":5.0,"key":"Block Potion"},{"floor":13.0,"key":"Dexterity Potion"},{"floor":16.0,"key":"Weak Potion"},{"floor":18.0,"key":"GamblersBrew"},{"floor":24.0,"key":"Weak Potion"}],"is_trial":false,"path_per_floor":["M","?","?","$","M","R","E","R","T","$","E","R","E","$","R","B",null,"M","M","?","$","M","R","E","$","T","R","?","?","M","$","R","B"],"character_chosen":"IRONCLAD","items_purchased":["Power Through","Carnage","True Grit","PowerPotion"],"campfire_rested":0,"item_purchase_floors":[4,4,10,31],"current_hp_per_floor":[61,66,66,66,65,65,64,64,64,64,53,53,42,42,42,12,63,67,75,75,75,47,47,30,30,30,30,30,32,40,40,40,15],"gold":32,"neow_bonus":"TWO_FIFTY_GOLD","is_prod":false,"is_daily":false,"chose_seed":false,"campfire_upgraded":7,"win_rate":0,"timestamp":1565495585,"path_taken":["M","?","?","$","M","R","E","R","T","?","E","R","E","$","R","BOSS","M","M","?","$","M","R","E","?","T","R","?","?","M","$","R","BOSS"],"build_version":"2019-07-17","purchased_purges":4,"victory":false,"max_hp_per_floor":[75,80,80,80,80,80,80,80,80,80,80,80,80,80,80,80,80,83,86,86,86,89,89,89,89,89,89,89,93,97,97,97,97],"card_choices":[{"not_picked":["Pommel Strike","True Grit"],"picked":"Shrug It Off","floor":1.0},{"not_picked":["Flame Barrier","Wild Strike"],"picked":"Feel No Pain","floor":5.0},{"not_picked":["Whirlwind","Havoc","Barricade"],"picked":"SKIP","floor":7.0},{"not_picked":["Hemokinesis","Infernal Blade","Fire Breathing","Heavy Blade"],"picked":"SKIP","floor":11.0},{"not_picked":["Shrug It Off","Shockwave","Sever Soul","Rampage"],"picked":"SKIP","floor":13.0},{"not_picked":["Demon Form","Double Tap","Reaper"],"picked":"Feed","floor":16.0},{"not_picked":["Heavy Blade","Wild Strike","Disarm","Anger"],"picked":"SKIP","floor":18.0},{"not_picked":["Intimidate","Inflame","Clothesline","Whirlwind"],"picked":"SKIP","floor":19.0},{"not_picked":["Twin Strike","Entrench","Havoc+1","Clothesline"],"picked":"SKIP","floor":22.0},{"not_picked":["Feed","Uppercut","Burning Pact"],"picked":"Barricade","floor":24.0},{"not_picked":["Sword Boomerang","True Grit","Flex"],"picked":"Armaments+1","floor":30}],"player_experience":781813,"relics_obtained":[{"floor":7.0,"key":"Question Card"},{"floor":9.0,"key":"Red Skull"},{"floor":11.0,"key":"Art of War"},{"floor":13.0,"key":"Bag of Marbles"},{"floor":24.0,"key":"Orichalcum"}],"event_choices":[{"damage_healed":0.0,"max_hp_gain":5.0,"max_hp_loss":0.0,"gold_gain":0.0,"event_name":"Big Fish","player_choice":"Donut","floor":2.0,"gold_loss":0.0,"damage_taken":0.0},{"cards_removed":["Normality"],"damage_healed":0.0,"max_hp_gain":0.0,"max_hp_loss":0.0,"gold_gain":0.0,"event_name":"Living Wall","player_choice":"Forget","floor":3.0,"gold_loss":0.0,"damage_taken":0.0},{"damage_healed":0.0,"max_hp_gain":0.0,"max_hp_loss":0.0,"gold_gain":0.0,"event_name":"Upgrade Shrine","player_choice":"Upgraded","floor":20.0,"gold_loss":0.0,"damage_taken":0.0,"cards_upgraded":["Shrug It Off"]},{"damage_healed":0.0,"max_hp_gain":0.0,"max_hp_loss":0.0,"gold_gain":50.0,"event_name":"Nest","player_choice":"Stole From Cult","floor":28.0,"gold_loss":0.0,"damage_taken":0.0},{"damage_healed":0,"gold_gain":0,"player_choice":"Fight","damage_taken":0,"max_hp_gain":0,"max_hp_loss":0,"event_name":"Colosseum","floor":29,"gold_loss":0},{"damage_healed":0,"gold_gain":0,"player_choice":"Fled From Nobs","damage_taken":0,"max_hp_gain":0,"max_hp_loss":0,"event_name":"Colosseum","floor":29,"gold_loss":0}],"is_beta":false,"boss_relics":[{"not_picked":["Runic Cube","Lizard Tail"],"picked":"Cursed Key"}],"items_purged_floors":[4,10,21,31],"is_endless":false,"potions_floor_spawned":[5,13,16,18,24,29],"killed_by":"Collector","ascension_level":20}