{"gold_per_floor":[113,125,125,135,60,60,72,72,102,117,130,149,149,77,77,176,176,196,196,196,121,133,133,158,170,170,170],"floor_reached":27,"playtime":1696,"items_purged":["Defend_B"],"score":358,"play_id":"7518123c-ecd8-47d6-b787-fc5b4ef0b861","local_time":"20180808123853","is_ascension_mode":true,"campfire_choices":[{"data":"Consume","floor":6,"key":"SMITH"},{"data":"Biased Cognition","floor":13,"key":"SMITH"},{"floor":15,"key":"REST"},{"data":"Echo Form","floor":23,"key":"SMITH"}],"neow_cost":"NONE","seed_source_timestamp":1688518590157689,"circlet_count":0,"master_deck":["Strike_B","Strike_B","Defend_B+1","Defend_B","Defend_B+1","Zap","Dualcast","Consume+1","Chill","Cold Snap","Doom and Gloom","Go for the Eyes","Leap","Biased Cognition+1","Capacitor","Echo Form+1","Self Repair+1","Loop"],"relics":["Cracked Core","Ornamental Fan","Tiny Chest","Velvet Choker","Bag of Marbles","Turnip","Letter Opener"],"potions_floor_usage":[10,16,22],"damage_taken":[{"damage":2,"enemies":"Jaw Worm","floor":1,"turns":3},{"damage":1,"enemies":"2 Louse","floor":2,"turns":3},{"damage":0,"enemies":"Cultist","floor":4,"turns":3},{"damage":0,"enemies":"Blue Slaver","floor":7,"turns":4},{"damage":20,"enemies":"Gremlin Gang","floor":10,"turns":4},{"damage":0,"enemies":"Large Slime","floor":11,"turns":4},{"damage":1,"enemies":"Red Slaver","floor":12,"turns":4},{"damage":0,"enemies":"The Guardian","floor":16,"turns":10},{"damage":11,"enemies":"Shell Parasite","floor":18,"turns":5},{"damage":0,"enemies":"Spheric Guardian","floor":22,"turns":4},{"damage":38,"enemies":"Gremlin Leader","floor":24,"turns":8},{"damage":15,"enemies":"Snake Plant","floor":25,"turns":3},{"damage":13,"enemies":"Slavers","floor":27,"turns":1}],"seed_played":"1038543946788867701","potions_obtained":[{"floor":1,"key":"FocusPotion"},{"floor":2,"key":"Swift Potion"},{"floor":10,"key":"Swift Potion"},{"floor":24,"key":"SteroidPotion"},{"floor":25,"key":"Ancient Potion"}],"is_trial":false,"path_per_floor":["M","M","?","M","$","R","M","?","T","M","M","M","R","$","R","B",null,"M","?","T","?","M","R","E","M","T"],"character_chosen":"DEFECT","items_purchased":["Capacitor"],"campfire_rested":1,"item_purchase_floors":[14],"current_hp_per_floor":[66,65,50,50,50,50,50,50,50,30,30,29,29,29,51,51,69,58,58,58,58,58,58,20,5,5,0],"gold":170,"neow_bonus":"REMOVE_CARD","is_prod":false,"is_daily":false,"chose_seed":false,"campfire_upgraded":3,"win_rate":0,"timestamp":1533746333,"path_taken":["M","M","?","M","$","R","?","?","T","M","M","?","R","$","R","BOSS","M","?","?","?","?","R","E","M","T","E"],"build_version":"2018-08-02","purchased_purges":1,"victory":false,"max_hp_per_floor":[75,75,75,75,75,75,75,75,75,75,75,75,75,75,75,75,75,75,75,75,75,75,75,75,75,75,75],"card_choices":[{"not_picked":["Chaos","Hello World"],"picked":"Consume","floor":1},{"not_picked":["Cold Snap","Coolheaded"],"picked":"Chill","floor":2},{"not_picked":["Force Field","Barrage"],"picked":"Cold Snap","floor":4},{"not_picked":["Stack","Go for the Eyes"],"picked":"Doom and Gloom","floor":7},{"not_picked":["Steam Power","Turbo"],"picked":"Go for the Eyes","floor":10},{"not_picked":["Consume","Compile Driver"],"picked":"Leap","floor":11},{"not_picked":["Reinforced Body","Darkness"],"picked":"Biased Cognition","floor":12},{"not_picked":["Buffer","All For One"],"picked":"Echo Form","floor":16},{"not_picked":["Steam Power","Double Energy","Beam Cell"],"picked":"SKIP","floor":18},{"not_picked":["Cold Snap","Barrage","BootSequence"],"picked":"SKIP","floor":22},{"not_picked":["Redo","Steam Power+1"],"picked":"Self Repair+1","floor":24},{"not_picked":["Redo","Hologram"],"picked":"Loop","floor":25}],"player_experience":217798,"relics_obtained":[{"floor":9,"key":"Tiny Chest"},{"floor":20,"key":"Bag of Marbles"},{"floor":24,"key":"Turnip"},{"floor":26,"key":"Letter Opener"}],"event_choices":[{"event_name":"Shining Light","player_choice":"Entered Light","floor":3,"damage_taken":0},{"event_name":"Wheel of Change","player_choice":"Relic","floor":8,"damage_taken":0},{"event_name":"Drug Dealer","player_choice":"Ignored","floor":19,"damage_taken":0},{"event_name":"Beggar","player_choice":"Gave Gold","floor":21,"damage_taken":0}],"is_beta":false,"boss_relics":[{"not_picked":["FrozenCore","Black Star"],"picked":"Velvet Choker"}],"items_purged_floors":[5],"is_endless":false,"potions_floor_spawned":[1,2,10,24,25],"killed_by":"Slavers","ascension_level":6}