{"gold_per_floor":[117,137,212,137,157,157,157,189,269,331,357,182,193,193,193,267,267,285,318,318,288,117,149,149,180,180,191,201,201,121,138,138,215,215,234,234,234,252,266,266,294,311,311,330,362,35,55,75,75,75,75,75,75,20,55,55],"floor_reached":57,"playtime":3433,"items_purged":["Strike_G","Dash+1"],"score":3395,"play_id":"c829bcbb-1303-4def-9f56-4550c0bc80a0","local_time":"20190811112431","is_ascension_mode":true,"campfire_choices":[{"data":"Neutralize","floor":6.0,"key":"SMITH"},{"data":"Dash","floor":15.0,"key":"SMITH"},{"data":"Underhanded Strike","floor":24.0,"key":"SMITH"},{"data":"Tools of the Trade","floor":29.0,"key":"SMITH"},{"data":"Tactician","floor":32.0,"key":"SMITH"},{"data":"Acrobatics","floor":40.0,"key":"SMITH"},{"floor":49.0,"key":"RECALL"},{"data":"Evolve","floor":53.0,"key":"SMITH"}],"neow_cost":"NONE","seed_source_timestamp":1272422860361300,"circlet_count":0,"master_deck":["AscendersBane","Survivor","Neutralize+1","After Image+1","Backflip","Escape Plan","Underhanded Strike+1","Tools of the Trade+1","Footwork","Blur","Tactician+1","A Thousand Cuts","Acrobatics+1","Evolve+1"],"special_seed":0,"relics":["Astrolabe","Potion Belt","Letter Opener","Tingsha","Pandora\u0027s Box","Red Mask","Bag of Preparation","Mercury Hourglass","Singing Bowl","Empty Cage","Snake Skull","Omamori","PrismaticShard","Whetstone"],"potions_floor_usage":[56,56,56,56],"damage_taken":[{"damage":0.0,"enemies":"2 Louse","floor":1.0,"turns":3.0},{"damage":5.0,"enemies":"Small Slimes","floor":2.0,"turns":4.0},{"damage":0.0,"enemies":"Cultist","floor":5.0,"turns":4.0},{"damage":29.0,"enemies":"Gremlin Nob","floor":8.0,"turns":5.0},{"damage":6.0,"enemies":"Lagavulin","floor":11.0,"turns":5.0},{"damage":0.0,"enemies":"Looter","floor":13.0,"turns":4.0},{"damage":0.0,"enemies":"Hexaghost","floor":16.0,"turns":10.0},{"damage":11.0,"enemies":"2 Thieves","floor":18.0,"turns":4.0},{"damage":20.0,"enemies":"Masked Bandits","floor":19.0,"turns":5.0},{"damage":0.0,"enemies":"Gremlin Leader","floor":23.0,"turns":5.0},{"damage":0.0,"enemies":"Book of Stabbing","floor":25.0,"turns":6.0},{"damage":0.0,"enemies":"Chosen","floor":27.0,"turns":5.0},{"damage":0.0,"enemies":"Centurion and Healer","floor":28.0,"turns":6.0},{"damage":0.0,"enemies":"Snake Plant","floor":31.0,"turns":4.0},{"damage":0.0,"enemies":"Automaton","floor":33.0,"turns":11.0},{"damage":0.0,"enemies":"Orb Walker","floor":35.0,"turns":4.0},{"damage":0.0,"enemies":"3 Shapes","floor":38.0,"turns":3.0},{"damage":0.0,"enemies":"Transient","floor":39.0,"turns":6.0},{"damage":0.0,"enemies":"Nemesis","floor":41.0,"turns":1.0},{"damage":9.0,"enemies":"Writhing Mass","floor":42.0,"turns":2.0},{"damage":0.0,"enemies":"3 Darklings","floor":44.0,"turns":3.0},{"damage":18.0,"enemies":"Reptomancer","floor":45.0,"turns":7.0},{"damage":0.0,"enemies":"Jaw Worm Horde","floor":47.0,"turns":1.0},{"damage":9.0,"enemies":"4 Shapes","floor":48.0,"turns":2.0},{"damage":0.0,"enemies":"Awakened One","floor":50.0,"turns":3.0},{"damage":15.0,"enemies":"Time Eater","floor":51.0,"turns":12.0},{"damage":3,"enemies":"Shield and Spear","floor":55,"turns":2},{"damage":39,"enemies":"The Heart","floor":56,"turns":6}],"seed_played":"-7624127454049510711","potions_obtained":[{"floor":1.0,"key":"SkillPotion"},{"floor":5.0,"key":"GamblersBrew"},{"floor":13.0,"key":"EssenceOfSteel"},{"floor":16.0,"key":"LiquidBronze"},{"floor":18.0,"key":"SpeedPotion"},{"floor":21.0,"key":"LiquidBronze"},{"floor":21.0,"key":"Explosive Potion"},{"floor":25.0,"key":"GamblersBrew"},{"floor":31.0,"key":"FearPotion"},{"floor":35.0,"key":"Energy Potion"},{"floor":36.0,"key":"Weak Potion"},{"floor":36.0,"key":"SkillPotion"},{"floor":42.0,"key":"EssenceOfSteel"},{"floor":47.0,"key":"PowerPotion"},{"floor":48.0,"key":"FearPotion"},{"floor":55,"key":"LiquidBronze"}],"is_trial":false,"path_per_floor":["M","M","?","?","M","R","?","E","T","?","E","$","M","?","R","B",null,"M","?","?","?","$","E","R","E","T","M","M","R","$","M","R","B",null,"M","?","$","M","M","R","E","M","T","M","E","$","M","M","R","B","B",null,"R","$","E","B",null],"character_chosen":"THE_SILENT","items_purchased":["Caltrops","Swift Potion","Footwork","GamblersBrew","Tactician","PrismaticShard","Block Potion"],"campfire_rested":0,"item_purchase_floors":[12,12,22,22,30,46,54],"current_hp_per_floor":[59,54,43,43,43,43,43,14,14,14,8,8,8,8,8,8,52,41,21,21,21,21,21,21,21,21,23,25,25,25,27,27,27,61,61,61,61,63,65,65,67,60,60,62,46,46,48,39,39,39,24,71,71,71,70,31],"gold":55,"neow_bonus":"BOSS_RELIC","is_prod":false,"is_daily":false,"chose_seed":false,"campfire_upgraded":7,"win_rate":0,"timestamp":1565493871,"path_taken":["M","M","?","?","M","R","?","E","T","?","E","$","M","?","R","BOSS","M","?","?","?","$","E","R","E","T","?","M","R","$","M","R","BOSS","M","?","?","M","M","R","E","M","T","M","E","$","M","M","R","BOSS","BOSS","R","$","E","BOSS"],"build_version":"2019-07-17","purchased_purges":2,"victory":true,"max_hp_per_floor":[66,66,66,66,66,66,66,66,66,66,66,66,66,66,66,66,66,66,66,66,66,66,66,66,66,66,68,70,70,70,72,72,72,72,72,72,72,74,76,76,78,80,80,82,84,84,86,86,86,86,86,86,86,86,88,88],"card_choices":[{"not_picked":["Riddle With Holes","Blur","Underhanded Strike"],"picked":"SKIP","floor":1.0},{"not_picked":["Heel Hook","Poisoned Stab"],"picked":"Backflip","floor":2.0},{"not_picked":["Acrobatics","Footwork","Slice"],"picked":"SKIP","floor":5.0},{"not_picked":["Blur","Crippling Poison"],"picked":"Dash","floor":8.0},{"not_picked":["Blade Dance","Sucker Punch"],"picked":"Escape Plan","floor":11.0},{"not_picked":["Poisoned Stab","PiercingWail"],"picked":"Underhanded Strike","floor":13.0},{"not_picked":["Die Die Die","Phantasmal Killer"],"picked":"Tools of the Trade","floor":16.0},{"not_picked":["Accuracy","Prepared","Outmaneuver"],"picked":"SKIP","floor":18.0},{"not_picked":["Riddle With Holes","Corpse Explosion"],"picked":"Blur","floor":23.0},{"not_picked":["Noxious Fumes+1","Dodge and Roll","Slice"],"picked":"SKIP","floor":25.0},{"not_picked":["Acrobatics","Backstab+1","Flechettes"],"picked":"Singing Bowl","floor":27.0},{"not_picked":["Dash","Sucker Punch","Bouncing Flask"],"picked":"Singing Bowl","floor":28.0},{"not_picked":["PiercingWail","Footwork+1","Poisoned Stab"],"picked":"Singing Bowl","floor":31.0},{"not_picked":["Phantasmal Killer","Bullet Time"],"picked":"A Thousand Cuts","floor":33.0},{"not_picked":["Predator","Caltrops"],"picked":"Acrobatics","floor":35.0},{"not_picked":["Eviscerate","Outmaneuver","Crippling Poison"],"picked":"Singing Bowl","floor":38.0},{"not_picked":["Dodge and Roll+1","Sucker Punch","Leg Sweep"],"picked":"Singing Bowl","floor":39.0},{"not_picked":["Deflect","Underhanded Strike","Dagger Spray"],"picked":"Singing Bowl","floor":41.0},{"not_picked":["PiercingWail","Expertise","Tactician"],"picked":"Singing Bowl","floor":42.0},{"not_picked":["Heel Hook+1","Slice","Poisoned Stab"],"picked":"Singing Bowl","floor":44.0},{"not_picked":["Slice","Caltrops","Quick Slash"],"picked":"Singing Bowl","floor":45.0},{"not_picked":["Wild Strike","Backflip","Coolheaded"],"picked":"Singing Bowl","floor":47.0},{"not_picked":["Barrage","Doom and Gloom+1"],"picked":"Evolve","floor":48.0},{"not_picked":["Perfected Strike","PiercingWail+1","Demon Form"],"picked":"Singing Bowl","floor":55}],"player_experience":778380,"relics_obtained":[{"floor":8.0,"key":"Potion Belt"},{"floor":9.0,"key":"Letter Opener"},{"floor":11.0,"key":"Tingsha"},{"floor":19.0,"key":"Red Mask"},{"floor":23.0,"key":"Bag of Preparation"},{"floor":25.0,"key":"Mercury Hourglass"},{"floor":26.0,"key":"Singing Bowl"},{"floor":41.0,"key":"Snake Skull"},{"floor":45.0,"key":"Omamori"},{"floor":55,"key":"Whetstone"}],"event_choices":[{"damage_healed":0.0,"max_hp_gain":0.0,"max_hp_loss":0.0,"gold_gain":75.0,"event_name":"World of Goop","player_choice":"Gather Gold","floor":3.0,"gold_loss":0.0,"damage_taken":11.0},{"cards_removed":["Strike_G"],"damage_healed":0.0,"max_hp_gain":0.0,"max_hp_loss":0.0,"gold_gain":0.0,"event_name":"The Cleric","player_choice":"Card Removal","floor":4.0,"gold_loss":75.0,"damage_taken":0.0},{"damage_healed":0.0,"max_hp_gain":0.0,"max_hp_loss":0.0,"gold_gain":0.0,"event_name":"Liars Game","player_choice":"Ignored","floor":7.0,"gold_loss":0.0,"damage_taken":0.0},{"damage_healed":0.0,"max_hp_gain":0.0,"max_hp_loss":0.0,"gold_gain":62.0,"event_name":"Golden Wing","player_choice":"Gained Gold","floor":10.0,"gold_loss":0.0,"damage_taken":0.0},{"damage_healed":0.0,"max_hp_gain":0.0,"max_hp_loss":0.0,"gold_gain":0.0,"event_name":"Scrap Ooze","player_choice":"Fled","floor":14.0,"gold_loss":0.0,"damage_taken":0.0},{"damage_healed":0.0,"max_hp_gain":0.0,"max_hp_loss":0.0,"gold_gain":0.0,"event_name":"Masked Bandits","player_choice":"Fought Bandits","floor":19.0,"gold_loss":0.0,"damage_taken":0.0},{"cards_removed":["Caltrops"],"damage_healed":0.0,"max_hp_gain":0.0,"max_hp_loss":0.0,"gold_gain":0.0,"event_name":"Back to Basics","player_choice":"Elegance","floor":20.0,"gold_loss":0.0,"damage_taken":0.0},{"damage_healed":0.0,"max_hp_gain":0.0,"max_hp_loss":0.0,"gold_gain":0.0,"event_name":"The Woman in Blue","player_choice":"Bought 2 Potions","floor":21.0,"gold_loss":0.0,"damage_taken":0.0},{"damage_healed":0.0,"max_hp_gain":0.0,"max_hp_loss":0.0,"gold_gain":0.0,"event_name":"Lab","player_choice":"Got Potions","floor":36.0,"gold_loss":0.0,"damage_taken":0.0}],"is_beta":false,"boss_relics":[{"not_picked":["Cursed Key","Philosopher\u0027s Stone"],"picked":"Pandora\u0027s Box"},{"not_picked":["Snecko Eye","Lizard Tail"],"picked":"Empty Cage"}],"items_purged_floors":[12,46],"is_endless":false,"potions_floor_spawned":[1,5,13,16,18,25,31,35,38,42,47,48,55],"ascension_level":20}