{"gold_per_floor":[114,114,130,105,30,30,59,59,138,167,167,167,187,221,221,299,299,313,326,326,376,376,376,376,376,376,386,386,397,417,139,139,216,216,234,245,245,255,273,273,304,304,377,388,94,114,129,148,148,148],"floor_reached":51,"playtime":3543,"items_purged":["Strike_B","Strike_B","Strike_B"],"score":1580,"play_id":"e0b29b77-94a1-4fbf-a288-d87140836cf9","local_time":"20181103232852","is_ascension_mode":true,"campfire_choices":[{"data":"Loop","floor":6,"key":"SMITH"},{"data":"Hologram","floor":8,"key":"SMITH"},{"data":"Conserve Battery","floor":15,"key":"SMITH"},{"floor":23,"key":"REST"},{"floor":25,"key":"REST"},{"floor":28,"key":"REST"},{"data":"Doom and Gloom","floor":32,"key":"SMITH"},{"floor":40,"key":"REST"},{"data":"Seek","floor":42,"key":"SMITH"},{"data":"Force Field","floor":49,"key":"SMITH"}],"neow_cost":"NONE","seed_source_timestamp":210965382185599,"circlet_count":0,"master_deck":["AscendersBane","Strike_B","Defend_B","Defend_B","Defend_B","Defend_B","Zap+1","Dualcast","Loop+1","Conserve Battery+1","Cold Snap","Hologram+1","Doom and Gloom+1","Creative AI+1","Biased Cognition+1","Buffer+1","Defragment+1","Static Discharge+1","Force Field+1","Self Repair+1","Cold Snap","Chill","Compile Driver","Electrodynamics+1","Echo Form+1","Defragment+1","Defragment+1","Capacitor+1","Glacier","Seek+1"],"relics":["Cracked Core","NeowsBlessing","Unceasing Top","Question Card","Dream Catcher","Mummified Hand","Frozen Egg 2","Pear","Nilry\u0027s Codex","Nloth\u0027s Gift","StoneCalendar","Sozu","DataDisk","Matryoshka","Strawberry"],"potions_floor_usage":[16,33,50,50],"damage_taken":[{"damage":0,"enemies":"2 Louse","floor":1,"turns":1},{"damage":0,"enemies":"Cultist","floor":3,"turns":1},{"damage":0,"enemies":"Lagavulin","floor":7,"turns":1},{"damage":33,"enemies":"3 Sentries","floor":10,"turns":9},{"damage":3,"enemies":"Jaw Worm","floor":13,"turns":3},{"damage":2,"enemies":"Lagavulin","floor":14,"turns":4},{"damage":0,"enemies":"Hexaghost","floor":16,"turns":7},{"damage":4,"enemies":"3 Byrds","floor":18,"turns":1},{"damage":20,"enemies":"Shell Parasite","floor":19,"turns":4},{"damage":7,"enemies":"Centurion and Healer","floor":27,"turns":6},{"damage":13,"enemies":"Cultist and Chosen","floor":29,"turns":11},{"damage":0,"enemies":"Chosen and Byrds","floor":30,"turns":5},{"damage":28,"enemies":"Collector","floor":33,"turns":7},{"damage":10,"enemies":"Orb Walker","floor":35,"turns":4},{"damage":0,"enemies":"3 Shapes","floor":36,"turns":2},{"damage":0,"enemies":"Maw","floor":38,"turns":7},{"damage":42,"enemies":"Spire Growth","floor":39,"turns":5},{"damage":0,"enemies":"Reptomancer","floor":41,"turns":5},{"damage":0,"enemies":"Writhing Mass","floor":44,"turns":4},{"damage":12,"enemies":"Jaw Worm Horde","floor":46,"turns":3},{"damage":0,"enemies":"Spire Growth","floor":47,"turns":5},{"damage":0,"enemies":"4 Shapes","floor":48,"turns":5},{"damage":30,"enemies":"Time Eater","floor":50,"turns":15}],"seed_played":"-7962697884573712596","potions_obtained":[{"floor":1,"key":"Strength Potion"},{"floor":13,"key":"Swift Potion"},{"floor":19,"key":"EssenceOfSteel"},{"floor":33,"key":"EssenceOfSteel"}],"is_trial":false,"path_per_floor":["M","?","M","$","$","R","E","R","T","E","?","?","M","E","R","B",null,"M","M","?","?","?","R","?","R","T","M","R","M","M","$","R","B",null,"M","M","?","M","M","R","E","R","T","M","$","M","M","M","R","B",null],"character_chosen":"DEFECT","items_purchased":["Cold Snap","Electrodynamics+1","Strawberry"],"campfire_rested":4,"item_purchase_floors":[4,31,45],"current_hp_per_floor":[64,64,64,64,64,64,64,64,64,31,31,20,17,25,25,25,67,63,53,30,30,9,34,34,59,59,62,86,83,86,86,86,68,82,82,82,82,86,54,79,86,86,86,86,93,91,93,93,93,83],"gold":148,"neow_bonus":"THREE_ENEMY_KILL","is_prod":false,"is_daily":false,"chose_seed":false,"campfire_upgraded":6,"win_rate":0,"timestamp":1541302132,"path_taken":["M","?","?","?","$","R","E","R","T","E","?","?","M","E","R","BOSS","M","M","?","?","?","R","?","R","T","?","R","M","M","$","R","BOSS","M","?","?","M","?","R","E","R","T","M","$","?","?","M","R","BOSS"],"build_version":"2018-11-01","purchased_purges":3,"victory":true,"max_hp_per_floor":[71,71,71,71,71,71,71,71,71,71,71,71,71,81,81,81,81,81,81,86,86,86,86,86,86,86,86,86,86,86,86,86,86,86,86,86,86,86,86,86,86,86,86,86,93,93,93,93,93,93],"card_choices":[{"not_picked":["Heatsinks","Steam Power"],"picked":"Loop","floor":1},{"not_picked":["Leap","Stack"],"picked":"Conserve Battery","floor":3},{"not_picked":["Hello World","Scrape"],"picked":"Hologram","floor":7},{"not_picked":["White Noise","Beam Cell","Heatsinks"],"picked":"Doom and Gloom","floor":10},{"not_picked":["Stack","Barrage","Redo"],"picked":"Creative AI+1","floor":13},{"not_picked":["Barrage","Lockon","Multi-Cast"],"picked":"Biased Cognition+1","floor":14},{"not_picked":["Creative AI+1","Biased Cognition+1","Machine Learning+1"],"picked":"Buffer+1","floor":16},{"not_picked":["Doom and Gloom","Recycle","Coolheaded"],"picked":"Defragment+1","floor":17},{"not_picked":["Rebound","Beam Cell","Redo"],"picked":"Static Discharge+1","floor":17},{"not_picked":["Reinforced Body","Barrage","Skim"],"picked":"Force Field","floor":17},{"not_picked":["Chaos","Chill","Gash"],"picked":"Self Repair+1","floor":18},{"not_picked":["Double Energy","Redo","Consume","Static Discharge+1"],"picked":"SKIP","floor":19},{"not_picked":["Meteor Strike","Leap","Ball Lightning"],"picked":"Cold Snap","floor":23},{"not_picked":["Fusion+1","Go for the Eyes+1","Storm+1"],"picked":"Chill","floor":25},{"not_picked":["Aggregate","Turbo","Leap","Reinforced Body"],"picked":"SKIP","floor":27},{"not_picked":["Turbo+1","Machine Learning+1","Stack","Barrage"],"picked":"SKIP","floor":29},{"not_picked":["Skim","Go for the Eyes","Beam Cell"],"picked":"Compile Driver","floor":30},{"not_picked":["All For One","Hyperbeam","Meteor Strike"],"picked":"Echo Form+1","floor":33},{"not_picked":["Cold Snap","Steam","Ball Lightning"],"picked":"Defragment+1","floor":35},{"not_picked":["Leap+1","Cold Snap+1","Compile Driver","Sweeping Beam"],"picked":"SKIP","floor":36},{"not_picked":["Fusion","Leap","Electrodynamics+1"],"picked":"Capacitor+1","floor":38},{"not_picked":["Go for the Eyes","Storm+1","Redo+1","Rebound+1"],"picked":"SKIP","floor":39},{"not_picked":["Genetic Algorithm","Auto Shields","Redo"],"picked":"Glacier","floor":40},{"not_picked":["Cold Snap","Core Surge","Redo+1"],"picked":"Seek","floor":41},{"not_picked":["Turbo+1","Redo","Leap","Barrage"],"picked":"SKIP","floor":44},{"not_picked":["Steam Power+1","Stack","Meteor Strike","Redo"],"picked":"SKIP","floor":46},{"not_picked":["Chaos","Redo","Beam Cell","Steam"],"picked":"SKIP","floor":47},{"not_picked":["Double Energy","Steam Power","Scrape","Storm+1"],"picked":"SKIP","floor":48}],"player_experience":665615,"relics_obtained":[{"floor":7,"key":"Unceasing Top"},{"floor":9,"key":"Question Card"},{"floor":10,"key":"Dream Catcher"},{"floor":14,"key":"Pear"},{"floor":22,"key":"Nilry\u0027s Codex"},{"floor":26,"key":"StoneCalendar"},{"floor":41,"key":"DataDisk"},{"floor":43,"key":"Matryoshka"}],"event_choices":[{"damage_healed":0,"gold_gain":0,"player_choice":"Upgraded","damage_taken":0,"max_hp_gain":0,"max_hp_loss":0,"event_name":"Upgrade Shrine","floor":2,"gold_loss":0,"cards_upgraded":["Zap"]},{"damage_healed":0,"gold_gain":0,"player_choice":"Searched \u00271\u0027 times","damage_taken":0,"relics_obtained":["Mummified Hand"],"max_hp_gain":0,"max_hp_loss":0,"event_name":"Dead Adventurer","floor":11,"gold_loss":0},{"damage_healed":0,"gold_gain":0,"player_choice":"Success","damage_taken":11,"relics_obtained":["Frozen Egg 2"],"max_hp_gain":0,"max_hp_loss":0,"event_name":"Scrap Ooze","floor":12,"gold_loss":0},{"damage_healed":0,"gold_gain":0,"player_choice":"Shed Blood","damage_taken":28,"max_hp_gain":5,"max_hp_loss":0,"event_name":"Forgotten Altar","floor":20,"gold_loss":0},{"damage_healed":0,"gold_gain":50,"player_choice":"Stole From Cult","damage_taken":0,"max_hp_gain":0,"max_hp_loss":0,"event_name":"Nest","floor":21,"gold_loss":0},{"damage_healed":0,"gold_gain":0,"player_choice":"Obtained Book","damage_taken":21,"max_hp_gain":0,"max_hp_loss":0,"event_name":"Cursed Tome","floor":22,"gold_loss":0},{"damage_healed":0,"gold_gain":0,"player_choice":"Traded Relic","damage_taken":0,"relics_obtained":["Nloth\u0027s Gift"],"max_hp_gain":0,"max_hp_loss":0,"event_name":"N\u0027loth","floor":24,"relics_lost":["Orrery"],"gold_loss":0},{"damage_healed":0,"gold_gain":0,"player_choice":"Copied","damage_taken":0,"max_hp_gain":0,"max_hp_loss":0,"event_name":"Duplicator","floor":37,"gold_loss":0,"cards_obtained":["Defragment"]}],"is_beta":false,"boss_relics":[{"not_picked":["Empty Cage","Lizard Tail"],"picked":"Orrery"},{"not_picked":["Inserter","Calling Bell"],"picked":"Sozu"}],"items_purged_floors":[5,31,45],"is_endless":false,"potions_floor_spawned":[1,13,19,33,38,41,44,46],"ascension_level":19}