{"gold_per_floor":[114,132,132,207,225,225,225,239,239,252,284,133,149,49,49,126,126,145,70,95,95],"floor_reached":21,"playtime":507,"items_purged":["Strike_R","Strike_R"],"score":358,"play_id":"262ff068-7b97-4521-86c0-6461ce0229ab","local_time":"20190811153053","is_ascension_mode":true,"campfire_choices":[{"data":"Whirlwind","floor":6.0,"key":"SMITH"},{"data":"Armaments","floor":15,"key":"SMITH"}],"neow_cost":"TEN_PERCENT_HP_LOSS","seed_source_timestamp":1290683590383300,"circlet_count":0,"master_deck":["AscendersBane","Strike_R","Strike_R","Defend_R","Defend_R","Defend_R","Defend_R","Bash","Armaments+1","Whirlwind+1","Shrug It Off","Evolve","Feel No Pain","Limit Break","Flex"],"special_seed":0,"relics":["Burning Blood","Ginger","Mercury Hourglass","Pantograph","Coffee Dripper","Red Mask"],"potions_floor_usage":[16,20],"damage_taken":[{"damage":7.0,"enemies":"Jaw Worm","floor":1.0,"turns":3.0},{"damage":3.0,"enemies":"Small Slimes","floor":2.0,"turns":4.0},{"damage":2.0,"enemies":"Cultist","floor":5.0,"turns":4.0},{"damage":13.0,"enemies":"Lots of Slimes","floor":8.0,"turns":3.0},{"damage":3.0,"enemies":"Blue Slaver","floor":10.0,"turns":4.0},{"damage":15,"enemies":"3 Sentries","floor":11,"turns":4},{"damage":8,"enemies":"Looter","floor":13,"turns":4},{"damage":58,"enemies":"Slime Boss","floor":16,"turns":11},{"damage":28,"enemies":"2 Thieves","floor":18,"turns":4},{"damage":25,"enemies":"Masked Bandits","floor":20,"turns":3},{"damage":17,"enemies":"Spheric Guardian","floor":21,"turns":5}],"seed_played":"-1804266945490964164","potions_obtained":[{"floor":1.0,"key":"Regen Potion"},{"floor":10.0,"key":"SteroidPotion"},{"floor":13,"key":"EssenceOfSteel"},{"floor":18,"key":"PowerPotion"}],"is_trial":false,"path_per_floor":["M","M","?","?","M","R","?","M","T","M","E","$","M","$","R","B",null,"M","?","?","M"],"character_chosen":"IRONCLAD","items_purchased":["Evolve"],"campfire_rested":0,"item_purchase_floors":[12],"current_hp_per_floor":[67,68,73,62,66,66,66,59,59,62,53,53,51,51,51,21,60,38,38,19,2],"gold":95,"neow_bonus":"ONE_RARE_RELIC","is_prod":false,"is_daily":false,"chose_seed":false,"campfire_upgraded":2,"win_rate":0,"timestamp":1565508653,"path_taken":["M","M","?","?","M","R","?","?","T","M","E","?","M","$","R","BOSS","M","?","?","M"],"build_version":"2019-07-17","purchased_purges":2,"victory":false,"max_hp_per_floor":[68,68,73,73,73,73,73,73,73,73,73,73,73,73,73,73,73,73,73,73,73],"card_choices":[{"not_picked":["Rupture","Disarm"],"picked":"Armaments","floor":1.0},{"not_picked":["Warcry","Shrug It Off"],"picked":"Whirlwind","floor":2.0},{"not_picked":["Sword Boomerang","Thunderclap","Dropkick"],"picked":"SKIP","floor":5.0},{"not_picked":["Warcry","Sword Boomerang"],"picked":"Shrug It Off","floor":8.0},{"not_picked":["Sentinel","True Grit","Sword Boomerang"],"picked":"SKIP","floor":10.0},{"not_picked":["Juggernaut","Perfected Strike","Fire Breathing"],"picked":"SKIP","floor":11},{"not_picked":["Thunderclap","Clothesline"],"picked":"Feel No Pain","floor":13},{"not_picked":["Brutality","Feed"],"picked":"Limit Break","floor":16},{"not_picked":["Hemokinesis","Headbutt","Dropkick"],"picked":"SKIP","floor":18},{"not_picked":["Sentinel","Uppercut"],"picked":"Flex","floor":20}],"player_experience":782661,"relics_obtained":[{"floor":11,"key":"Pantograph"},{"floor":20,"key":"Red Mask"}],"event_choices":[{"damage_healed":0.0,"max_hp_gain":5.0,"max_hp_loss":0.0,"gold_gain":0.0,"event_name":"Big Fish","player_choice":"Donut","floor":3.0,"gold_loss":0.0,"damage_taken":0.0},{"damage_healed":0.0,"max_hp_gain":0.0,"max_hp_loss":0.0,"gold_gain":75.0,"event_name":"World of Goop","player_choice":"Gather Gold","floor":4.0,"gold_loss":0.0,"damage_taken":11.0},{"damage_healed":0.0,"max_hp_gain":0.0,"max_hp_loss":0.0,"gold_gain":0.0,"event_name":"WeMeetAgain","player_choice":"Gave Potion","floor":7.0,"gold_loss":0.0,"damage_taken":0.0,"relics_obtained":["Mercury Hourglass"]},{"cards_removed":["Strike_R"],"damage_healed":0,"gold_gain":0,"player_choice":"Gave Gold","damage_taken":0,"max_hp_gain":0,"max_hp_loss":0,"event_name":"Beggar","floor":19,"gold_loss":75},{"damage_healed":0,"gold_gain":0,"player_choice":"Fought Bandits","damage_taken":0,"max_hp_gain":0,"max_hp_loss":0,"event_name":"Masked Bandits","floor":20,"gold_loss":0}],"is_beta":false,"boss_relics":[{"not_picked":["Snecko Eye","Philosopher\u0027s Stone"],"picked":"Coffee Dripper"}],"items_purged_floors":[12,14],"is_endless":false,"potions_floor_spawned":[1,10,13,18],"killed_by":"Spheric Guardian","ascension_level":20}