{"gold_per_floor":[215,233,250,1,1,19,19,50,50,50,116,144,144,172,172,251,251,271,193,193,210,11,11,23,23,23,35,35,35],"floor_reached":29,"playtime":1487,"items_purged":["Strike_B"],"score":505,"play_id":"db5aadd5-3f7d-4b47-b040-8e32ac14716e","local_time":"20181026172413","is_ascension_mode":true,"campfire_choices":[{"data":"Loop","floor":7,"key":"SMITH"},{"floor":10,"key":"REST"},{"floor":15,"key":"REST"},{"floor":23,"key":"REST"},{"data":"Defragment","floor":25,"key":"SMITH"},{"floor":28,"key":"REST"}],"neow_cost":"NONE","seed_source_timestamp":1450693629523703,"circlet_count":0,"master_deck":["Strike_B","Strike_B","Strike_B","Defend_B","Defend_B","Defend_B","Defend_B","Zap+1","Dualcast","AscendersBane","Cold Snap","Coolheaded","Hologram","Loop+1","Sweeping Beam","Core Surge","FTL","Reinforced Body","Fission","Defragment+1","FTL","Conserve Battery","Steam"],"relics":["Cracked Core","Potion Belt","Shuriken","Symbiotic Virus","Bottled Lightning","Orichalcum","Inserter","Centennial Puzzle"],"potions_floor_usage":[8,14,16,24,29,29],"damage_taken":[{"damage":7,"enemies":"Jaw Worm","floor":1,"turns":4},{"damage":1,"enemies":"2 Louse","floor":2,"turns":2},{"damage":0,"enemies":"Cultist","floor":3,"turns":3},{"damage":2,"enemies":"Blue Slaver","floor":6,"turns":3},{"damage":28,"enemies":"3 Sentries","floor":8,"turns":7},{"damage":16,"enemies":"Lagavulin","floor":12,"turns":6},{"damage":3,"enemies":"3 Sentries","floor":14,"turns":8},{"damage":7,"enemies":"The Guardian","floor":16,"turns":8},{"damage":28,"enemies":"2 Thieves","floor":18,"turns":3},{"damage":16,"enemies":"Shell Parasite","floor":21,"turns":4},{"damage":33,"enemies":"Shelled Parasite and Fungi","floor":24,"turns":6},{"damage":12,"enemies":"Snake Plant","floor":27,"turns":3},{"damage":39,"enemies":"Slavers","floor":29,"turns":4}],"seed_played":"3785120244650343584","potions_obtained":[{"floor":2,"key":"EssenceOfSteel"},{"floor":3,"key":"Ancient Potion"},{"floor":12,"key":"SkillPotion"},{"floor":14,"key":"Weak Potion"},{"floor":24,"key":"Ancient Potion"}],"is_trial":false,"path_per_floor":["M","M","M","$","?","M","R","E","T","R","?","E","?","E","R","B",null,"M","$","?","M","$","R","M","R","T","M","R"],"character_chosen":"DEFECT","items_purchased":["Loop","Potion Belt","Defragment","FTL","Regen Potion"],"campfire_rested":4,"item_purchase_floors":[4,4,19,22,22],"current_hp_per_floor":[57,56,56,56,56,54,54,26,26,47,47,31,31,28,49,42,64,36,36,36,20,20,41,23,23,23,11,32,0],"gold":35,"neow_bonus":"HUNDRED_GOLD","is_prod":false,"is_daily":false,"chose_seed":false,"campfire_upgraded":2,"win_rate":0,"timestamp":1540589053,"path_taken":["M","M","M","$","?","M","R","E","T","R","?","E","?","E","R","BOSS","M","$","?","M","$","R","M","R","T","M","R","E"],"build_version":"2018-10-25v2","purchased_purges":1,"victory":false,"max_hp_per_floor":[71,71,71,71,71,71,71,71,71,71,71,71,71,71,71,71,71,71,71,71,71,71,71,71,71,71,71,71,71],"card_choices":[{"not_picked":["Stack","Auto Shields"],"picked":"Cold Snap","floor":1},{"not_picked":["Go for the Eyes","Stack"],"picked":"Coolheaded","floor":2},{"not_picked":["Cold Snap","Redo"],"picked":"Hologram","floor":3},{"not_picked":["Turbo","Consume"],"picked":"Sweeping Beam","floor":6},{"not_picked":["Ball Lightning","Barrage"],"picked":"Core Surge","floor":8},{"not_picked":["Genetic Algorithm","Hello World"],"picked":"FTL","floor":12},{"not_picked":["Darkness","Fusion"],"picked":"Reinforced Body","floor":14},{"not_picked":["Thunder Strike","Buffer"],"picked":"Fission","floor":16},{"not_picked":["Heatsinks","Stack","Fusion"],"picked":"SKIP","floor":18},{"not_picked":["Storm+1","Stack","Self Repair"],"picked":"SKIP","floor":21},{"not_picked":["Tempest","Heatsinks"],"picked":"Conserve Battery","floor":24},{"not_picked":["Meteor Strike","Cold Snap"],"picked":"Steam","floor":27}],"player_experience":618591,"relics_obtained":[{"floor":8,"key":"Shuriken"},{"floor":9,"key":"Symbiotic Virus"},{"floor":12,"key":"Bottled Lightning"},{"floor":14,"key":"Orichalcum"},{"floor":26,"key":"Centennial Puzzle"}],"event_choices":[{"damage_healed":0,"gold_gain":0,"player_choice":"Grow","damage_taken":0,"max_hp_gain":0,"max_hp_loss":0,"event_name":"Living Wall","floor":5,"gold_loss":0,"cards_upgraded":["Zap"]},{"damage_healed":0,"gold_gain":66,"player_choice":"Gained Gold","damage_taken":0,"max_hp_gain":0,"max_hp_loss":0,"event_name":"Golden Wing","floor":11,"gold_loss":0},{"damage_healed":0,"gold_gain":0,"player_choice":"Ignored","damage_taken":0,"max_hp_gain":0,"max_hp_loss":0,"event_name":"Shining Light","floor":13,"gold_loss":0},{"damage_healed":0,"gold_gain":0,"player_choice":"Ignored","damage_taken":0,"max_hp_gain":0,"max_hp_loss":0,"event_name":"The Mausoleum","floor":20,"gold_loss":0}],"is_beta":false,"boss_relics":[{"not_picked":["Orrery","Busted Crown"],"picked":"Inserter"}],"items_purged_floors":[22],"is_endless":false,"potions_floor_spawned":[2,3,12,14,24],"killed_by":"Slavers","ascension_level":18}