{"gold_per_floor":[111,125,125,135,135,135,153,153,178,219,231,243,266,310,322,406,418,418,418,418,418,418,418,418,418,418,418,418,418,418,418,418,418],"floor_reached":33,"playtime":2131,"items_purged":[],"score":460,"play_id":"0690a2e2-2b83-4d25-9870-6fab78995411","local_time":"20181004224905","is_ascension_mode":true,"campfire_choices":[{"data":"Streamline","floor":6.0,"key":"SMITH"},{"data":"Auto Shields","floor":8.0,"key":"SMITH"},{"floor":11.0,"key":"REST"},{"floor":15.0,"key":"REST"},{"floor":23,"key":"REST"},{"floor":28,"key":"REST"},{"floor":32,"key":"REST"}],"neow_cost":"NONE","seed_source_timestamp":0,"circlet_count":0,"master_deck":["Strike_B","Strike_B","Strike_B","Defend_B","Defend_B","Defend_B","Defend_B","Zap+1","Dualcast+1","AscendersBane","Auto Shields+1","Conserve Battery","Streamline+1","Darkness","Glacier","Hologram+1","Creative AI","Glacier","FTL","RitualDagger","Glacier","Chill","Coolheaded+1","Hologram"],"special_seed":0,"relics":["Cracked Core","MawBank","Orichalcum","StoneCalendar","Ectoplasm","Shuriken","War Paint"],"potions_floor_usage":[16,19,24,31],"damage_taken":[{"damage":0.0,"enemies":"2 Louse","floor":1.0,"turns":4.0},{"damage":2.0,"enemies":"Small Slimes","floor":2.0,"turns":3.0},{"damage":0.0,"enemies":"Jaw Worm","floor":4.0,"turns":4.0},{"damage":5.0,"enemies":"3 Louse","floor":7.0,"turns":3.0},{"damage":51.0,"enemies":"Gremlin Nob","floor":10.0,"turns":5.0},{"damage":1.0,"enemies":"Looter","floor":13.0,"turns":4.0},{"damage":10.0,"enemies":"Lagavulin","floor":14.0,"turns":6.0},{"damage":14,"enemies":"The Guardian","floor":16,"turns":14},{"damage":0,"enemies":"Shell Parasite","floor":18,"turns":6},{"damage":8,"enemies":"3 Byrds","floor":19,"turns":5},{"damage":11,"enemies":"3 Cultists","floor":21,"turns":6},{"damage":29,"enemies":"Book of Stabbing","floor":24,"turns":8},{"damage":7,"enemies":"Snake Plant","floor":27,"turns":7},{"damage":0,"enemies":"Shelled Parasite and Fungi","floor":29,"turns":7},{"damage":17,"enemies":"3 Cultists","floor":30,"turns":7},{"damage":22,"enemies":"Snake Plant","floor":31,"turns":6},{"damage":61,"enemies":"Collector","floor":33,"turns":6}],"seed_played":"3025619538101000648","potions_obtained":[{"floor":2.0,"key":"Energy Potion"},{"floor":13.0,"key":"SneckoOil"},{"floor":14.0,"key":"Swift Potion"},{"floor":18,"key":"PowerPotion"},{"floor":24,"key":"Ancient Potion"},{"floor":27,"key":"Dexterity Potion"}],"is_trial":false,"path_per_floor":["M","M","?","M","?","R","M","R","T","E","R","$","M","E","R","B",null,"M","M","?","M","$","R","E","?","T","M","R","M","M","M","R"],"character_chosen":"DEFECT","items_purchased":[],"campfire_rested":5,"item_purchase_floors":[],"current_hp_per_floor":[68,66,59,59,59,59,54,54,54,3,25,25,24,14,36,22,62,62,54,48,37,37,59,30,30,30,23,45,45,28,6,28,0],"gold":418,"neow_bonus":"UPGRADE_CARD","is_prod":false,"is_daily":false,"chose_seed":false,"campfire_upgraded":2,"win_rate":0,"timestamp":1538707745,"path_taken":["M","M","?","M","?","R","M","R","T","E","R","$","?","E","R","BOSS","M","?","?","M","$","R","E","?","T","M","R","?","?","M","R","BOSS"],"build_version":"2018-10-04","purchased_purges":0,"victory":false,"max_hp_per_floor":[75,75,75,75,75,75,75,75,75,75,75,75,75,75,75,75,75,75,75,75,75,75,75,75,75,75,75,75,75,75,75,75,75],"card_choices":[{"not_picked":["Gash","Doom and Gloom"],"picked":"Auto Shields","floor":1.0},{"not_picked":["Rebound","Gash"],"picked":"Conserve Battery","floor":2.0},{"not_picked":["Ball Lightning","Consume"],"picked":"Streamline","floor":4.0},{"not_picked":["Auto Shields","Heatsinks"],"picked":"Darkness","floor":7.0},{"not_picked":["Stack","Lockon","Barrage"],"picked":"SKIP","floor":10.0},{"not_picked":["Stack","Redo"],"picked":"Glacier","floor":13.0},{"not_picked":["Steam","Thunder Strike"],"picked":"Hologram","floor":14.0},{"not_picked":["Machine Learning","Core Surge"],"picked":"Creative AI","floor":16},{"not_picked":["Redo","Barrage"],"picked":"Glacier","floor":18},{"not_picked":["Go for the Eyes","Auto Shields+1"],"picked":"FTL","floor":19},{"not_picked":["Cold Snap","Gash","Darkness"],"picked":"SKIP","floor":21},{"not_picked":["Darkness","Sunder"],"picked":"Glacier","floor":24},{"not_picked":["Hello World","Conserve Battery+1"],"picked":"Chill","floor":27},{"not_picked":["Chaos","Sweeping Beam"],"picked":"Coolheaded+1","floor":29},{"not_picked":["Reprogram","Gash+1"],"picked":"Hologram","floor":30},{"not_picked":["Recycle","Darkness","Barrage"],"picked":"SKIP","floor":31}],"player_experience":471433,"relics_obtained":[{"floor":9.0,"key":"MawBank"},{"floor":10.0,"key":"Orichalcum"},{"floor":14.0,"key":"StoneCalendar"},{"floor":24,"key":"Shuriken"},{"floor":26,"key":"War Paint"}],"event_choices":[{"event_name":"Golden Wing","player_choice":"Card Removal","floor":3.0,"damage_taken":0.0},{"event_name":"Liars Game","player_choice":"disagreed","floor":5.0,"damage_taken":0.0},{"event_name":"Nest","player_choice":"Joined the Cult","floor":20,"damage_taken":0},{"event_name":"Ghosts","player_choice":"Ignored","floor":25,"damage_taken":0}],"is_beta":false,"boss_relics":[{"not_picked":["Coffee Dripper","Calling Bell"],"picked":"Ectoplasm"}],"items_purged_floors":[],"is_endless":false,"potions_floor_spawned":[2,13,14,18,24,27],"killed_by":"Collector","ascension_level":13}