{"gold_per_floor":[144,144,162,180,194,194,228,228,228,244,263,289,289,302,302,399,399,410,509,525,525,525,553,567,567],"floor_reached":25,"playtime":1780,"items_purged":[],"score":329,"play_id":"414ca53c-975f-453e-8ddf-1943f88effa5","local_time":"20180919215458","is_ascension_mode":true,"campfire_choices":[{"floor":6,"key":"REST"},{"data":"Streamline","floor":8,"key":"SMITH"},{"data":"Capacitor","floor":13,"key":"SMITH"},{"data":"Beam Cell","floor":15,"key":"SMITH"}],"neow_cost":"NONE","seed_source_timestamp":561455673152648,"circlet_count":0,"master_deck":["Strike_B","Strike_B","Strike_B","Strike_B","Defend_B","Defend_B","Defend_B+1","Defend_B","Zap","Dualcast","Coolheaded+1","Capacitor+1","Coolheaded","Leap","Streamline+1","Beam Cell+1","White Noise","Melter","Sunder","Core Surge","Coolheaded+1","Leap+1","Defragment","Coolheaded+1"],"relics":["Cracked Core","Tiny Chest","Question Card","Nunchaku","Odd Mushroom","Cursed Key","Torii"],"potions_floor_usage":[5,7,16,18,25,25],"damage_taken":[{"damage":7,"enemies":"Jaw Worm","floor":1,"turns":3},{"damage":0,"enemies":"2 Louse","floor":3,"turns":2},{"damage":0,"enemies":"Cultist","floor":4,"turns":4},{"damage":7,"enemies":"Looter","floor":5,"turns":3},{"damage":3,"enemies":"Lagavulin","floor":7,"turns":9},{"damage":3,"enemies":"Large Slime","floor":10,"turns":7},{"damage":1,"enemies":"Blue Slaver","floor":11,"turns":4},{"damage":14,"enemies":"The Mushroom Lair","floor":12,"turns":4},{"damage":1,"enemies":"3 Louse","floor":14,"turns":3},{"damage":29,"enemies":"Hexaghost","floor":16,"turns":12},{"damage":4,"enemies":"2 Thieves","floor":18,"turns":3},{"damage":15,"enemies":"3 Byrds","floor":20,"turns":7},{"damage":39,"enemies":"Book of Stabbing","floor":23,"turns":8},{"damage":24,"enemies":"Snake Plant","floor":24,"turns":5},{"damage":11,"enemies":"Slavers","floor":25,"turns":2}],"seed_played":"-6017004990177422968","potions_obtained":[{"floor":1,"key":"Energy Potion"},{"floor":3,"key":"FocusPotion"},{"floor":10,"key":"Regen Potion"},{"floor":16,"key":"AttackPotion"},{"floor":20,"key":"Dexterity Potion"},{"floor":24,"key":"PowerPotion"}],"is_trial":false,"path_per_floor":["M","?","M","M","M","R","E","R","T","M","M","?","R","M","R","B",null,"M","?","M","T","?","E","M"],"character_chosen":"DEFECT","items_purchased":[],"campfire_rested":1,"item_purchase_floors":[],"current_hp_per_floor":[61,46,46,46,39,61,58,58,58,55,54,40,40,39,39,22,62,58,58,43,43,68,29,5,0],"gold":567,"neow_bonus":"RANDOM_COMMON_RELIC","is_prod":false,"is_daily":false,"chose_seed":false,"campfire_upgraded":3,"win_rate":0,"timestamp":1537408498,"path_taken":["M","?","M","M","?","R","E","R","T","M","M","?","R","?","R","BOSS","M","?","?","?","?","E","M","E"],"build_version":"2018-09-06","purchased_purges":0,"victory":false,"max_hp_per_floor":[75,75,75,75,75,75,75,75,75,75,75,75,75,75,75,75,75,75,75,75,75,75,75,75,75],"card_choices":[{"not_picked":["Reinforced Body","Scrape"],"picked":"Coolheaded","floor":1},{"not_picked":["Fusion","Compile Driver"],"picked":"Capacitor","floor":3},{"not_picked":["Turbo","Rebound"],"picked":"Coolheaded","floor":4},{"not_picked":["Recycle","Redo"],"picked":"Leap","floor":5},{"not_picked":["Capacitor","Conserve Battery"],"picked":"Streamline","floor":7},{"not_picked":["Force Field","Barrage","Stack"],"picked":"Beam Cell","floor":10},{"not_picked":["Beam Cell","Reprogram","Fission"],"picked":"White Noise","floor":11},{"not_picked":["Gash","Rebound","Blizzard"],"picked":"Melter","floor":12},{"not_picked":["Redo","Self Repair","Steam"],"picked":"Sunder","floor":14},{"not_picked":["Biased Cognition","Hyperbeam","Rainbow"],"picked":"Core Surge","floor":16},{"not_picked":["Rebound+1","Cold Snap+1","Beam Cell"],"picked":"Coolheaded+1","floor":18},{"not_picked":["Cold Snap","Stack","Genetic Algorithm+1"],"picked":"Leap+1","floor":20},{"not_picked":["Sweeping Beam","Lockon","Melter+1"],"picked":"Defragment","floor":23},{"not_picked":["Turbo","FTL","Buffer"],"picked":"Coolheaded+1","floor":24}],"player_experience":370524,"relics_obtained":[{"floor":7,"key":"Question Card"},{"floor":9,"key":"Nunchaku"},{"floor":12,"key":"Odd Mushroom"},{"floor":23,"key":"Torii"}],"event_choices":[{"event_name":"Shining Light","player_choice":"Entered Light","floor":2,"damage_taken":0},{"event_name":"Mushrooms","player_choice":"Fought Mushrooms","floor":12,"damage_taken":0},{"event_name":"Nest","player_choice":"Stole From Cult","floor":19,"damage_taken":0},{"event_name":"The Library","player_choice":"Heal","floor":22,"damage_taken":0}],"is_beta":false,"boss_relics":[{"not_picked":["FrozenCore","Calling Bell"],"picked":"Cursed Key"}],"items_purged_floors":[],"is_endless":false,"potions_floor_spawned":[1,3,10,16,20,24],"killed_by":"Slavers","ascension_level":7}