{"gold_per_floor":[359,232,243,243,266,266,279,279,303,303,343,343,358,358,358,448,448,473,523,544,594,261,261],"floor_reached":23,"playtime":1134,"items_purged":["Doubt","Strike_B+1"],"score":350,"play_id":"b1c0609a-2383-4b45-80fd-b94ec061ea89","local_time":"20181018180724","is_ascension_mode":true,"campfire_choices":[{"data":"Sunder","floor":6,"key":"SMITH"},{"data":"Zap","floor":8,"key":"SMITH"},{"data":"Conserve Battery","floor":10,"key":"SMITH"},{"floor":15,"key":"REST"}],"neow_cost":"CURSE","seed_source_timestamp":762432759127542,"circlet_count":0,"master_deck":["Strike_B+1","Strike_B+1","Defend_B+1","Defend_B+1","Defend_B+1","Defend_B+1","Zap+1","Dualcast","AscendersBane","Sunder+1","Cold Snap","Auto Shields","Conserve Battery+1","Leap","Conserve Battery","Echo Form","Seek","Fission","Consume+1","Hologram","Defragment","Rainbow","Compile Driver"],"relics":["Cracked Core","Golden Idol","Smiling Mask","PreservedInsect","SsserpentHead","Fusion Hammer"],"potions_floor_usage":[11,11,16,19,23],"damage_taken":[{"damage":0,"enemies":"Cultist","floor":1,"turns":3},{"damage":2,"enemies":"Jaw Worm","floor":3,"turns":3},{"damage":0,"enemies":"2 Louse","floor":5,"turns":2},{"damage":6,"enemies":"Blue Slaver","floor":7,"turns":3},{"damage":12,"enemies":"Gremlin Nob","floor":11,"turns":4},{"damage":11,"enemies":"Lots of Slimes","floor":13,"turns":4},{"damage":6,"enemies":"The Guardian","floor":16,"turns":11},{"damage":13,"enemies":"Shell Parasite","floor":18,"turns":6},{"damage":0,"enemies":"Colosseum Slavers","floor":19,"turns":4},{"damage":39,"enemies":"3 Byrds","floor":20,"turns":7},{"damage":12,"enemies":"Gremlin Leader","floor":23,"turns":3}],"seed_played":"-6196291866748670377","potions_obtained":[{"floor":1,"key":"Regen Potion"},{"floor":7,"key":"FocusPotion"},{"floor":11,"key":"SpeedPotion"},{"floor":16,"key":"SteroidPotion"},{"floor":18,"key":"Fire Potion"},{"floor":20,"key":"Dexterity Potion"}],"is_trial":false,"path_per_floor":["M","$","M","?","M","R","M","R","T","R","E","?","M","?","R","B",null,"M","?","M","?","$"],"character_chosen":"DEFECT","items_purchased":["Cold Snap","Defragment","Rainbow","Compile Driver"],"campfire_rested":1,"item_purchase_floors":[2,22,22,22],"current_hp_per_floor":[64,64,62,38,38,38,32,32,32,32,32,32,21,21,42,36,62,49,49,10,10,10,0],"gold":261,"neow_bonus":"TWO_FIFTY_GOLD","is_prod":false,"is_daily":false,"chose_seed":false,"campfire_upgraded":3,"win_rate":0,"timestamp":1539900444,"path_taken":["M","$","?","?","M","R","M","R","T","R","E","?","?","?","R","BOSS","M","?","M","?","$","E"],"build_version":"2018-10-11","purchased_purges":2,"victory":false,"max_hp_per_floor":[71,71,71,71,71,71,71,71,71,71,71,71,71,71,71,71,71,71,71,71,71,71,71],"card_choices":[{"not_picked":["Steam Power","Sweeping Beam"],"picked":"Sunder","floor":1},{"not_picked":["Recycle","Compile Driver"],"picked":"Auto Shields","floor":3},{"not_picked":["Darkness","Stack"],"picked":"Conserve Battery","floor":5},{"not_picked":["Auto Shields","Heatsinks"],"picked":"Leap","floor":7},{"not_picked":["Steam","Aggregate"],"picked":"Conserve Battery","floor":11},{"not_picked":["Hologram","Rebound"],"picked":"Seek","floor":13},{"not_picked":["Echo Form","Reboot"],"picked":"Fission","floor":16},{"not_picked":["Self Repair","Loop"],"picked":"Consume+1","floor":18},{"not_picked":["Scrape","Fusion+1"],"picked":"Hologram","floor":20}],"player_experience":561154,"relics_obtained":[{"floor":9,"key":"Smiling Mask"},{"floor":11,"key":"PreservedInsect"}],"event_choices":[{"event_name":"Golden Idol","player_choice":"Take Damage","floor":4,"damage_taken":0},{"event_name":"Transmorgrifier","player_choice":"Transform","floor":12,"damage_taken":0},{"event_name":"FaceTrader","player_choice":"Trade","floor":14,"damage_taken":0},{"event_name":"Colosseum","player_choice":"Fight","floor":19,"damage_taken":0},{"event_name":"Colosseum","player_choice":"Fled From Nobs","floor":19,"damage_taken":0},{"event_name":"Back to Basics","player_choice":"Simplicity","floor":21,"damage_taken":0}],"is_beta":false,"boss_relics":[{"not_picked":["Philosopher\u0027s Stone","Runic Pyramid"],"picked":"Fusion Hammer"}],"items_purged_floors":[2,22],"is_endless":false,"potions_floor_spawned":[1,7,11,16,18,20],"killed_by":"Gremlin Leader","ascension_level":17}