{"gold_per_floor":[118,118,131,131,142,142,171,171,171,171,186,186,186,202,202,202],"floor_reached":16,"playtime":2555,"items_purged":[],"score":135,"play_id":"dfb90ad4-fcd6-49fe-9c68-f27578c7b253","local_time":"20180906201901","is_ascension_mode":true,"campfire_choices":[{"data":"Defragment","floor":6,"key":"SMITH"},{"data":"Dualcast","floor":8,"key":"SMITH"},{"floor":10,"key":"REST"},{"data":"Auto Shields","floor":12,"key":"SMITH"},{"floor":15,"key":"REST"}],"neow_cost":"NONE","seed_source_timestamp":0,"circlet_count":0,"master_deck":["Strike_B","Strike_B+1","Strike_B","Defend_B","Defend_B+1","Defend_B","Defend_B","Zap+1","Dualcast+1","Turbo","Auto Shields+1","Defragment+1"],"special_seed":0,"relics":["Runic Dome","WingedGreaves","Dead Branch"],"potions_floor_usage":[],"damage_taken":[{"damage":7,"enemies":"2 Louse","floor":1,"turns":3},{"damage":9,"enemies":"Jaw Worm","floor":3,"turns":4},{"damage":0,"enemies":"Cultist","floor":5,"turns":4},{"damage":17,"enemies":"Lagavulin","floor":7,"turns":8},{"damage":10,"enemies":"3 Louse","floor":11,"turns":4},{"damage":20,"enemies":"Exordium Thugs","floor":14,"turns":5},{"damage":35,"enemies":"Slime Boss","floor":16,"turns":8}],"seed_played":"4523177238663952714","potions_obtained":[],"is_trial":false,"path_per_floor":["M","?","M","?","M","R","E","R","T","R","M","R","?","M","R"],"character_chosen":"DEFECT","items_purchased":[],"campfire_rested":2,"item_purchase_floors":[],"current_hp_per_floor":[61,61,52,52,52,52,35,35,35,57,47,47,32,12,34,0],"gold":202,"neow_bonus":"BOSS_RELIC","is_prod":false,"is_daily":false,"chose_seed":false,"campfire_upgraded":3,"win_rate":0,"timestamp":1536279541,"path_taken":["M","?","?","?","M","R","E","R","T","R","M","R","?","M","R","BOSS"],"build_version":"2018-09-06","purchased_purges":0,"victory":false,"max_hp_per_floor":[75,75,75,75,75,75,75,75,75,75,75,75,75,75,75,75],"card_choices":[{"not_picked":["Stack","Compile Driver"],"picked":"Turbo","floor":1},{"not_picked":["Cold Snap","Rip and Tear"],"picked":"Auto Shields","floor":3},{"not_picked":["Ball Lightning","Redo"],"picked":"Defragment","floor":5},{"not_picked":["Sweeping Beam","Ball Lightning","Compile Driver"],"picked":"SKIP","floor":7},{"not_picked":["Steam","Cold Snap","Leap"],"picked":"SKIP","floor":11},{"not_picked":["Turbo","Compile Driver","Storm"],"picked":"SKIP","floor":14}],"player_experience":321467,"relics_obtained":[{"floor":7,"key":"WingedGreaves"},{"floor":9,"key":"Dead Branch"}],"event_choices":[{"event_name":"Living Wall","player_choice":"Forget","floor":2,"damage_taken":0},{"event_name":"Upgrade Shrine","player_choice":"Upgraded","floor":4,"damage_taken":0},{"event_name":"Shining Light","player_choice":"Entered Light","floor":13,"damage_taken":0}],"is_beta":false,"boss_relics":[],"items_purged_floors":[],"is_endless":false,"potions_floor_spawned":[],"killed_by":"Slime Boss","ascension_level":7}