{"gold_per_floor":[114,114,127,146,8,43,43,71,71,71,101,133,133,16,16,91,91,108,125,125,142,157,157,190,190,241,68,80,110,110,110,110,181,181,196,206,260,260,260,260,291,291,291,306,306,316,316,52,52,52,52],"floor_reached":52,"playtime":4753,"items_purged":["Strike_B"],"score":1818,"play_id":"086b59f3-ead3-48ca-a514-ff8ca2ebf851","local_time":"20181104221045","is_ascension_mode":true,"campfire_choices":[{"data":"Sunder","floor":7.0,"key":"SMITH"},{"floor":10.0,"key":"REST"},{"floor":15.0,"key":"REST"},{"floor":23.0,"key":"REST"},{"data":"Capacitor","floor":25.0,"key":"SMITH"},{"data":"Consume","floor":30.0,"key":"SMITH"},{"data":"Defragment","floor":32.0,"key":"SMITH"},{"floor":40,"key":"REST"},{"floor":47,"key":"REST"},{"floor":49,"key":"REST"}],"neow_cost":"NONE","seed_source_timestamp":0,"circlet_count":0,"master_deck":["AscendersBane","Strike_B","Strike_B","Strike_B","Defend_B","Defend_B","Defend_B","Defend_B","Zap","Dualcast","Cold Snap","Conserve Battery","Sunder+1","Hologram+1","Coolheaded+1","Creative AI+1","Capacitor+1","Hologram","Electrodynamics","Self Repair","Darkness+1","Conserve Battery","Compile Driver","Hologram+1","Consume+1","Defragment+1","Echo Form","Apotheosis","Defragment"],"special_seed":0,"relics":["Cracked Core","Centennial Puzzle","Sundial","Dream Catcher","Pear","Pantograph","Sozu","Omamori","Oddly Smooth Stone","Shuriken","Fusion Hammer","Bronze Scales","War Paint","Blue Candle","Runic Capacitor"],"potions_floor_usage":[46],"damage_taken":[{"damage":1.0,"enemies":"2 Louse","floor":1.0,"turns":2.0},{"damage":0.0,"enemies":"Small Slimes","floor":3.0,"turns":4.0},{"damage":5.0,"enemies":"Jaw Worm","floor":4.0,"turns":2.0},{"damage":9.0,"enemies":"3 Sentries","floor":6.0,"turns":6.0},{"damage":17.0,"enemies":"Lagavulin","floor":8.0,"turns":5.0},{"damage":50.0,"enemies":"Lagavulin Event","floor":11.0,"turns":7.0},{"damage":9.0,"enemies":"Gremlin Nob","floor":12.0,"turns":3.0},{"damage":26.0,"enemies":"Slime Boss","floor":16.0,"turns":8.0},{"damage":8.0,"enemies":"3 Byrds","floor":18.0,"turns":3.0},{"damage":22.0,"enemies":"Spheric Guardian","floor":19.0,"turns":4.0},{"damage":31.0,"enemies":"Centurion and Healer","floor":21.0,"turns":7.0},{"damage":22.0,"enemies":"Cultist and Chosen","floor":22.0,"turns":7.0},{"damage":18.0,"enemies":"Gremlin Leader","floor":24.0,"turns":5.0},{"damage":12.0,"enemies":"Sentry and Sphere","floor":28.0,"turns":5.0},{"damage":30.0,"enemies":"Slavers","floor":29.0,"turns":4.0},{"damage":37.0,"enemies":"Automaton","floor":33.0,"turns":13.0},{"damage":4,"enemies":"Orb Walker","floor":35,"turns":4},{"damage":0,"enemies":"3 Shapes","floor":36,"turns":4},{"damage":4,"enemies":"Giant Head","floor":41,"turns":10},{"damage":61,"enemies":"Transient","floor":44,"turns":6},{"damage":18,"enemies":"Spire Growth","floor":46,"turns":9},{"damage":28,"enemies":"Donu and Deca","floor":50,"turns":9},{"damage":68,"enemies":"Awakened One","floor":51,"turns":22}],"seed_played":"3163855754564930075","potions_obtained":[{"floor":3.0,"key":"Strength Potion"},{"floor":12.0,"key":"PowerPotion"},{"floor":16.0,"key":"FocusPotion"}],"is_trial":false,"path_per_floor":["M","?","M","M","$","E","R","E","T","R","?","E","?","$","R","B",null,"M","M","?","M","M","R","E","R","T","$","M","E","R","?","R","B",null,"M","M","T","?","?","R","E","?","T","M","?","M","R","$","R","B","B",null],"character_chosen":"DEFECT","items_purchased":["Sunder","Fire Potion","Capacitor","Oddly Smooth Stone","Runic Capacitor","Defragment"],"campfire_rested":6,"item_purchase_floors":[5,5,14,27,48,48],"current_hp_per_floor":[70,70,70,65,65,56,56,39,39,62,22,13,13,13,39,38,76,68,53,88,64,49,75,64,64,64,64,59,36,36,36,36,31,74,77,84,84,84,84,84,84,84,84,30,30,19,44,44,69,76,16],"gold":52,"neow_bonus":"TEN_PERCENT_HP_BONUS","is_prod":false,"is_daily":false,"chose_seed":false,"campfire_upgraded":4,"win_rate":0,"timestamp":1541387445,"path_taken":["M","?","M","M","$","E","R","E","T","R","?","E","?","$","R","BOSS","M","M","?","?","M","R","E","R","T","$","M","E","R","?","R","BOSS","M","M","?","?","?","R","E","?","T","M","?","M","R","$","R","BOSS","BOSS"],"build_version":"2018-11-01","purchased_purges":1,"victory":true,"max_hp_per_floor":[78,78,78,78,78,78,78,78,78,78,88,88,88,88,88,88,88,88,88,88,88,88,88,88,88,88,88,88,88,88,88,88,88,88,88,88,88,84,84,84,84,84,84,84,84,84,84,84,84,84,84],"card_choices":[{"not_picked":["Conserve Battery","Steam"],"picked":"Cold Snap","floor":1.0},{"not_picked":["Chaos","Compile Driver"],"picked":"Ball Lightning","floor":3.0},{"not_picked":["Rebound","Coolheaded"],"picked":"Conserve Battery","floor":4.0},{"not_picked":["Auto Shields","Rebound"],"picked":"Reinforced Body","floor":6.0},{"not_picked":["Double Energy","Fusion"],"picked":"Hologram","floor":8.0},{"not_picked":["Aggregate","Rebound"],"picked":"Coolheaded","floor":10.0},{"not_picked":["Recycle","Aggregate"],"picked":"Creative AI","floor":12.0},{"not_picked":["Rebound","Beam Cell"],"picked":"Hologram","floor":15.0},{"not_picked":["Creative AI","Core Surge"],"picked":"Electrodynamics","floor":16.0},{"not_picked":["Go for the Eyes","Stack+1"],"picked":"Self Repair","floor":18.0},{"not_picked":["Recycle","Compile Driver"],"picked":"Darkness+1","floor":19.0},{"not_picked":["Streamline","Redo"],"picked":"Conserve Battery","floor":21.0},{"not_picked":["Barrage","Steam"],"picked":"Compile Driver","floor":22.0},{"not_picked":["Gash+1","Hello World","Turbo"],"picked":"SKIP","floor":24.0},{"not_picked":["Beam Cell","Gash"],"picked":"Hologram+1","floor":28.0},{"not_picked":["Recycle","FTL"],"picked":"Consume","floor":29.0},{"not_picked":["Thunder Strike","Machine Learning"],"picked":"Echo Form","floor":33.0},{"not_picked":["Hello World","Leap","Ball Lightning"],"picked":"SKIP","floor":35},{"not_picked":["Doom and Gloom+1","Conserve Battery","Scrape"],"picked":"SKIP","floor":36},{"not_picked":["Auto Shields","Sweeping Beam","Hologram"],"picked":"SKIP","floor":41},{"not_picked":["Forethought","Sadistic Nature"],"picked":"Apotheosis","floor":42},{"not_picked":["Conserve Battery","Hologram","Beam Cell"],"picked":"SKIP","floor":44},{"not_picked":["Cold Snap+1","Gash","Coolheaded"],"picked":"SKIP","floor":46}],"player_experience":672774,"relics_obtained":[{"floor":6.0,"key":"Centennial Puzzle"},{"floor":8.0,"key":"Sundial"},{"floor":9.0,"key":"Dream Catcher"},{"floor":11.0,"key":"Pear"},{"floor":12.0,"key":"Pantograph"},{"floor":26.0,"key":"Omamori"},{"floor":29.0,"key":"Shuriken"},{"floor":37,"key":"Bronze Scales"},{"floor":41,"key":"War Paint"},{"floor":43,"key":"Blue Candle"}],"event_choices":[{"damage_healed":0.0,"max_hp_gain":0.0,"max_hp_loss":0.0,"gold_gain":0.0,"event_name":"Shining Light","player_choice":"Ignored","floor":2.0,"gold_loss":0.0,"damage_taken":0.0},{"damage_healed":0.0,"max_hp_gain":0.0,"max_hp_loss":0.0,"gold_gain":30.0,"event_name":"Dead Adventurer","player_choice":"Searched \u00272\u0027 times","floor":11.0,"gold_loss":0.0,"damage_taken":0.0},{"damage_healed":0.0,"max_hp_gain":0.0,"max_hp_loss":0.0,"gold_gain":0.0,"event_name":"Living Wall","player_choice":"Grow","floor":13.0,"gold_loss":0.0,"damage_taken":0.0,"cards_upgraded":["Creative AI"]},{"cards_removed":["Reinforced Body"],"damage_healed":35.0,"max_hp_gain":0.0,"max_hp_loss":0.0,"gold_gain":0.0,"event_name":"Bonfire Elementals","player_choice":"Offered Uncommon","floor":20.0,"gold_loss":0.0,"damage_taken":0.0},{"damage_healed":0.0,"max_hp_gain":0.0,"max_hp_loss":0.0,"gold_gain":0.0,"event_name":"Match and Keep!","player_choice":"2 cards matched","floor":31.0,"gold_loss":0.0,"damage_taken":0.0,"cards_obtained":["Decay","Defragment"]},{"damage_healed":0.0,"max_hp_gain":0.0,"max_hp_loss":0.0,"gold_gain":0.0,"event_name":"Match and Keep!","player_choice":"2 cards matched","floor":31.0,"gold_loss":0.0,"damage_taken":0.0,"cards_obtained":["Decay","Defragment"]},{"damage_healed":0,"gold_gain":0,"player_choice":"Max HP","damage_taken":0,"max_hp_gain":0,"max_hp_loss":4,"event_name":"Winding Halls","floor":38,"gold_loss":0},{"cards_removed":["Ball Lightning"],"damage_healed":0,"gold_gain":0,"player_choice":"Removed Attack","damage_taken":0,"max_hp_gain":0,"max_hp_loss":0,"event_name":"Falling","floor":39,"gold_loss":0},{"damage_healed":0,"gold_gain":0,"player_choice":"Memory 1","damage_taken":0,"max_hp_gain":0,"max_hp_loss":0,"event_name":"SensoryStone","floor":42,"gold_loss":0},{"damage_healed":0,"gold_gain":0,"player_choice":"Ignored","damage_taken":0,"max_hp_gain":0,"max_hp_loss":0,"event_name":"Mysterious Sphere","floor":45,"gold_loss":0}],"is_beta":false,"boss_relics":[{"not_picked":["Empty Cage","Orrery"],"picked":"Sozu"},{"not_picked":["White Beast Statue","Philosopher\u0027s Stone"],"picked":"Fusion Hammer"}],"items_purged_floors":[14],"is_endless":false,"potions_floor_spawned":[3,12,16,18,22,28,44,46],"ascension_level":20}