{"gold_per_floor":[115,134,146,162,174,174,206,206,206,268,268,268,107,136,136,215,215,234,234,254,254,154,174,174,174,174,208,218,168,188,238,238,315,315,330,205,222,222,444,463,463,480,551,13,59,59,78,97,97,97],"floor_reached":51,"playtime":3422,"items_purged":["Strike_B","Pain","Strike_B","Capacitor"],"score":1143,"play_id":"fc418cc8-9b35-450f-a972-36d063dde3ad","local_time":"20181016154737","is_ascension_mode":true,"campfire_choices":[{"data":"Zap","floor":6,"key":"SMITH"},{"data":"Hologram","floor":8,"key":"SMITH"},{"floor":12,"key":"REST"},{"data":"Sunder","floor":15,"key":"SMITH"},{"floor":24,"key":"REST"},{"floor":32,"key":"REST"},{"floor":49,"key":"REST"}],"neow_cost":"NONE","seed_source_timestamp":578946072944941,"circlet_count":0,"master_deck":["Strike_B","Strike_B","Defend_B","Defend_B","Defend_B","Zap+1","Dualcast","AscendersBane","Glacier","Cold Snap","Hologram+1","Genetic Algorithm","Ball Lightning","Sunder+1","Capacitor+1","Multi-Cast","Conserve Battery+1","Defragment+1","Compile Driver","Core Surge","Blizzard","Compile Driver+1","Tempest"],"relics":["Cracked Core","Singing Bowl","Du-Vu Doll","Incense Burner","Bottled Flame","Fusion Hammer","WarpedTongs","Dodecahedron","Red Mask","Sozu","Frozen Egg 2","Runic Capacitor","DataDisk","Centennial Puzzle"],"potions_floor_usage":[4,10,14,16,33,50,50],"damage_taken":[{"damage":2,"enemies":"Jaw Worm","floor":1,"turns":4},{"damage":0,"enemies":"2 Louse","floor":2,"turns":3},{"damage":0,"enemies":"Small Slimes","floor":3,"turns":4},{"damage":12,"enemies":"Exordium Thugs","floor":4,"turns":6},{"damage":3,"enemies":"Exordium Wildlife","floor":5,"turns":3},{"damage":10,"enemies":"3 Sentries","floor":7,"turns":15},{"damage":10,"enemies":"Gremlin Nob","floor":10,"turns":4},{"damage":11,"enemies":"Gremlin Nob","floor":14,"turns":4},{"damage":3,"enemies":"Slime Boss","floor":16,"turns":8},{"damage":15,"enemies":"3 Byrds","floor":18,"turns":6},{"damage":2,"enemies":"Spheric Guardian","floor":20,"turns":4},{"damage":17,"enemies":"Shelled Parasite and Fungi","floor":23,"turns":5},{"damage":2,"enemies":"Masked Bandits","floor":27,"turns":5},{"damage":3,"enemies":"Snecko","floor":28,"turns":5},{"damage":0,"enemies":"Centurion and Healer","floor":30,"turns":6},{"damage":5,"enemies":"Automaton","floor":33,"turns":12},{"damage":2,"enemies":"Orb Walker","floor":35,"turns":3},{"damage":11,"enemies":"3 Darklings","floor":37,"turns":6},{"damage":13,"enemies":"Spire Growth","floor":40,"turns":6},{"damage":4,"enemies":"4 Shapes","floor":42,"turns":8},{"damage":0,"enemies":"Transient","floor":47,"turns":5},{"damage":8,"enemies":"Reptomancer","floor":48,"turns":7},{"damage":24,"enemies":"Awakened One","floor":50,"turns":13}],"seed_played":"-7988286566433627075","potions_obtained":[{"floor":1,"key":"FearPotion"},{"floor":2,"key":"SteroidPotion"},{"floor":4,"key":"SmokeBomb"},{"floor":10,"key":"Poison Potion"},{"floor":14,"key":"Swift Potion"},{"floor":20,"key":"PowerPotion"},{"floor":27,"key":"FocusPotion"},{"floor":33,"key":"Poison Potion"}],"is_trial":false,"path_per_floor":["M","M","M","M","M","R","E","R","T","?","?","R","$","E","R","B",null,"M","?","M","?","$","M","R","$","T","?","M","?","M","?","R","B",null,"M","$","M","?","?","M","?","M","T","$","T","?","M","M","R","B"],"character_chosen":"DEFECT","items_purchased":["Sunder","Runic Capacitor","DataDisk"],"campfire_rested":4,"item_purchase_floors":[13,44,44],"current_hp_per_floor":[69,69,69,57,54,54,44,44,44,34,39,63,63,52,52,49,75,60,60,60,55,55,40,66,66,66,66,63,63,63,63,89,84,88,86,86,77,77,77,66,66,62,62,62,62,62,64,56,84,60],"gold":97,"neow_bonus":"TEN_PERCENT_HP_BONUS","is_prod":false,"is_daily":false,"chose_seed":false,"campfire_upgraded":3,"win_rate":0,"timestamp":1539719257,"path_taken":["M","M","M","M","M","R","E","R","T","?","?","R","$","E","R","BOSS","M","?","M","?","$","M","R","$","T","?","?","?","M","?","R","BOSS","M","$","M","?","?","M","?","M","T","$","?","?","M","M","R","BOSS"],"build_version":"2018-10-11","purchased_purges":4,"victory":true,"max_hp_per_floor":[78,78,78,78,78,78,78,78,78,78,83,83,83,83,83,83,83,83,83,85,85,85,87,87,87,87,89,89,89,89,89,89,89,89,89,89,91,91,91,93,93,93,93,93,93,93,95,95,95,95],"card_choices":[{"not_picked":["Turbo","Reinforced Body"],"picked":"Glacier","floor":1},{"not_picked":["Hello World","Beam Cell"],"picked":"Cold Snap","floor":2},{"not_picked":["Blizzard","Beam Cell","Recycle"],"picked":"SKIP","floor":3},{"not_picked":["Redo","Go for the Eyes","Rebound"],"picked":"SKIP","floor":4},{"not_picked":["Meteor Strike","Leap"],"picked":"Hologram","floor":5},{"not_picked":["Skim","Beam Cell"],"picked":"Genetic Algorithm","floor":7},{"not_picked":["Leap","Self Repair"],"picked":"Ball Lightning","floor":10},{"not_picked":["Redo","Streamline"],"picked":"Capacitor","floor":14},{"not_picked":["Buffer","Hyperbeam"],"picked":"Multi-Cast","floor":16},{"not_picked":["Leap","Steam Power"],"picked":"Conserve Battery+1","floor":18},{"not_picked":["Go for the Eyes","Ball Lightning","Streamline"],"picked":"Singing Bowl","floor":20},{"not_picked":["White Noise","Turbo","Double Energy"],"picked":"Singing Bowl","floor":23},{"not_picked":["Rip and Tear+1","Cold Snap","Scrape"],"picked":"Singing Bowl","floor":27},{"not_picked":["Force Field","Conserve Battery+1"],"picked":"Defragment+1","floor":28},{"not_picked":["Leap","Auto Shields"],"picked":"Compile Driver","floor":30},{"not_picked":["Hyperbeam","Multi-Cast"],"picked":"Core Surge","floor":33},{"not_picked":["Steam","Genetic Algorithm+1"],"picked":"Capacitor","floor":35},{"not_picked":["Turbo","Streamline","Hologram"],"picked":"Singing Bowl","floor":37},{"not_picked":["Cold Snap+1","Gash","Go for the Eyes"],"picked":"Singing Bowl","floor":40},{"not_picked":["Conserve Battery+1","Go for the Eyes"],"picked":"Compile Driver+1","floor":42},{"not_picked":["Ball Lightning","Cold Snap","Self Repair+1"],"picked":"Singing Bowl","floor":47},{"not_picked":["All For One","White Noise"],"picked":"Tempest","floor":48}],"player_experience":554108,"relics_obtained":[{"floor":7,"key":"Singing Bowl"},{"floor":9,"key":"Du-Vu Doll"},{"floor":10,"key":"Incense Burner"},{"floor":14,"key":"Bottled Flame"},{"floor":26,"key":"Dodecahedron"},{"floor":27,"key":"Red Mask"},{"floor":43,"key":"Frozen Egg 2"},{"floor":45,"key":"Centennial Puzzle"}],"event_choices":[{"event_name":"Dead Adventurer","player_choice":"Searched \u00271\u0027 times","floor":10,"damage_taken":0},{"event_name":"Big Fish","player_choice":"Donut","floor":11,"damage_taken":0},{"event_name":"Accursed Blacksmith","player_choice":"Rummage","floor":19,"damage_taken":0},{"event_name":"The Woman in Blue","player_choice":"Bought 0 Potions","floor":21,"damage_taken":0},{"event_name":"Masked Bandits","player_choice":"Fought Bandits","floor":27,"damage_taken":0},{"event_name":"Designer","player_choice":"Upgrade Card","floor":29,"damage_taken":0},{"event_name":"Nest","player_choice":"Stole From Cult","floor":31,"damage_taken":0},{"event_name":"Transmorgrifier","player_choice":"Transform","floor":38,"damage_taken":0},{"event_name":"Tomb of Lord Red Mask","player_choice":"Wore Mask","floor":39,"damage_taken":0},{"event_name":"SecretPortal","player_choice":"Rejected Portal.","floor":41,"damage_taken":0},{"event_name":"Mysterious Sphere","player_choice":"Ignore","floor":46,"damage_taken":0}],"is_beta":false,"boss_relics":[{"not_picked":["FrozenCore","White Beast Statue"],"picked":"Fusion Hammer"},{"not_picked":["Calling Bell","Lizard Tail"],"picked":"Sozu"}],"items_purged_floors":[13,22,36,44],"is_endless":false,"potions_floor_spawned":[1,2,4,10,14,20,27,33,37,40,47],"ascension_level":16}