{"gold_per_floor":[117,130,130,146,44,44,44,55,103,123,153,78,38,49,49,49],"floor_reached":16,"playtime":351,"items_purged":["Strike_G"],"score":184,"play_id":"e58ee716-d9ae-4a74-90e9-d8e3f5e4211a","local_time":"20190821133945","is_ascension_mode":true,"campfire_choices":[{"data":"Riddle With Holes","floor":6.0,"key":"SMITH"},{"data":"Tactician","floor":15.0,"key":"SMITH"}],"neow_cost":"PERCENT_DAMAGE","seed_source_timestamp":534127291082000,"circlet_count":0,"master_deck":["AscendersBane","Strike_G+1","Strike_G","Defend_G","Defend_G+1","Defend_G","Defend_G","Defend_G","Survivor","Neutralize","Riddle With Holes+1","Blur","Tactician+1","Acrobatics","Prepared"],"special_seed":0,"relics":["Ring of the Snake","Bronze Scales"],"potions_floor_usage":[16,16],"damage_taken":[{"damage":1.0,"enemies":"Cultist","floor":1.0,"turns":3.0},{"damage":1.0,"enemies":"Small Slimes","floor":2.0,"turns":3.0},{"damage":0.0,"enemies":"Jaw Worm","floor":4.0,"turns":4.0},{"damage":10.0,"enemies":"Lots of Slimes","floor":8.0,"turns":6.0},{"damage":6.0,"enemies":"Large Slime","floor":10.0,"turns":6.0},{"damage":0.0,"enemies":"Looter","floor":13.0,"turns":4.0},{"damage":0.0,"enemies":"Exordium Wildlife","floor":14.0,"turns":5.0},{"damage":6,"enemies":"The Guardian","floor":16,"turns":4}],"seed_played":"4953387663168541349","potions_obtained":[{"floor":8.0,"key":"Dexterity Potion"},{"floor":10.0,"key":"FearPotion"},{"floor":14.0,"key":"SteroidPotion"}],"is_trial":false,"path_per_floor":["M","M","?","M","$","R","$","M","T","M","?","$","M","M","R","B"],"character_chosen":"THE_SILENT","items_purchased":["Tactician","Acrobatics"],"campfire_rested":0,"item_purchase_floors":[5,5],"current_hp_per_floor":[43,42,22,22,22,22,22,12,12,6,6,6,6,6,6,0],"gold":49,"neow_bonus":"TRANSFORM_TWO_CARDS","is_prod":false,"is_daily":false,"chose_seed":false,"campfire_upgraded":2,"win_rate":0,"timestamp":1566365985,"path_taken":["M","?","?","M","?","R","$","M","T","?","?","$","M","M","R","BOSS"],"build_version":"2019-07-17","purchased_purges":1,"victory":false,"max_hp_per_floor":[66,66,66,66,66,66,66,66,66,66,66,66,66,66,66,66],"card_choices":[{"not_picked":["Acrobatics","Outmaneuver","Flying Knee"],"picked":"SKIP","floor":1.0},{"not_picked":["Prepared","Slice","Flying Knee"],"picked":"SKIP","floor":2.0},{"not_picked":["Acrobatics","Underhanded Strike","PiercingWail"],"picked":"SKIP","floor":4.0},{"not_picked":["Outmaneuver","Dagger Throw"],"picked":"Prepared","floor":8.0},{"not_picked":["Slice","Outmaneuver","Choke"],"picked":"SKIP","floor":10.0},{"not_picked":["Bane","Dodge and Roll","A Thousand Cuts"],"picked":"SKIP","floor":13.0},{"not_picked":["Acrobatics","Dodge and Roll","Outmaneuver"],"picked":"SKIP","floor":14.0}],"player_experience":859072,"relics_obtained":[{"floor":9.0,"key":"Bronze Scales"}],"event_choices":[{"damage_healed":0.0,"max_hp_gain":0.0,"max_hp_loss":0.0,"gold_gain":0.0,"event_name":"Shining Light","player_choice":"Entered Light","floor":3.0,"gold_loss":0.0,"damage_taken":20.0,"cards_upgraded":["Strike_G","Defend_G"]},{"damage_healed":0.0,"max_hp_gain":0.0,"max_hp_loss":0.0,"gold_gain":30.0,"event_name":"Dead Adventurer","player_choice":"Searched \u00271\u0027 times","floor":11.0,"gold_loss":0.0,"damage_taken":0.0}],"is_beta":false,"boss_relics":[],"items_purged_floors":[12],"is_endless":false,"potions_floor_spawned":[8,10,14],"killed_by":"The Guardian","ascension_level":20}