{"gold_per_floor":[114,114,114,114,114,114,146,146,169,169,186,221,235,1,1,76,76,95,113,128,128,146,146,146],"floor_reached":24,"playtime":1228,"items_purged":[],"score":388,"play_id":"7bdef5b6-a1b2-414d-8bc2-94720aaef3b5","local_time":"20181026152235","is_ascension_mode":true,"campfire_choices":[{"data":"Dualcast","floor":6,"key":"SMITH"},{"floor":8,"key":"REST"},{"data":"Capacitor","floor":15,"key":"SMITH"},{"floor":23,"key":"REST"}],"neow_cost":"NONE","seed_source_timestamp":1443654817271511,"circlet_count":0,"master_deck":["Defend_B+1","Defend_B","Defend_B","Defend_B+1","Zap+1","Dualcast+1","AscendersBane","Cold Snap","Compile Driver","Stack","Conserve Battery","Electrodynamics","Capacitor+1","Doom and Gloom+1","Lockon+1","Capacitor+1"],"relics":["Cracked Core","GremlinMask","Symbiotic Virus","War Paint","Potion Belt","Bag of Preparation","Astrolabe"],"potions_floor_usage":[19,22,22],"damage_taken":[{"damage":4,"enemies":"Small Slimes","floor":1,"turns":3},{"damage":30,"enemies":"Lagavulin","floor":7,"turns":8},{"damage":0,"enemies":"Cultist","floor":11,"turns":2},{"damage":6,"enemies":"Gremlin Nob","floor":12,"turns":3},{"damage":0,"enemies":"2 Louse","floor":13,"turns":3},{"damage":11,"enemies":"The Guardian","floor":16,"turns":13},{"damage":2,"enemies":"3 Byrds","floor":18,"turns":3},{"damage":0,"enemies":"Chosen","floor":19,"turns":3},{"damage":20,"enemies":"Snecko","floor":20,"turns":5},{"damage":28,"enemies":"Snake Plant","floor":22,"turns":5},{"damage":40,"enemies":"Book of Stabbing","floor":24,"turns":4}],"seed_played":"-6715519471223551349","potions_obtained":[{"floor":11,"key":"Swift Potion"},{"floor":12,"key":"PowerPotion"},{"floor":16,"key":"Ancient Potion"},{"floor":18,"key":"Explosive Potion"},{"floor":20,"key":"Ancient Potion"},{"floor":22,"key":"Explosive Potion"}],"is_trial":false,"path_per_floor":["M","?","?","?","?","R","E","R","T","?","M","E","M","$","R","B",null,"M","M","M","$","M","R"],"character_chosen":"DEFECT","items_purchased":["Capacitor","Bag of Preparation"],"campfire_rested":2,"item_purchase_floors":[14,14],"current_hp_per_floor":[60,60,60,65,65,65,35,57,57,57,57,51,51,51,51,40,67,65,65,45,45,17,39,0],"gold":146,"neow_bonus":"UPGRADE_CARD","is_prod":false,"is_daily":false,"chose_seed":false,"campfire_upgraded":2,"win_rate":0,"timestamp":1540581755,"path_taken":["M","?","?","?","?","R","E","R","T","?","?","E","M","?","R","BOSS","M","?","M","$","M","R","E"],"build_version":"2018-10-25v2","purchased_purges":0,"victory":false,"max_hp_per_floor":[71,71,71,76,76,76,76,76,76,76,76,76,76,76,76,76,76,76,76,76,76,76,76,76],"card_choices":[{"not_picked":["Loop","Darkness"],"picked":"Cold Snap","floor":1},{"not_picked":["Ball Lightning","Darkness"],"picked":"Compile Driver","floor":7},{"not_picked":["Beam Cell","Gash"],"picked":"Conserve Battery","floor":11},{"not_picked":["Redo","Static Discharge"],"picked":"Electrodynamics","floor":12},{"not_picked":["Leap","Stack","Compile Driver"],"picked":"SKIP","floor":13},{"not_picked":["Rip and Tear","Auto Shields","Chaos"],"picked":"SKIP","floor":18},{"not_picked":["Genetic Algorithm","Self Repair","Leap"],"picked":"SKIP","floor":19},{"not_picked":["Recycle","Gash","Rebound"],"picked":"SKIP","floor":20},{"not_picked":["Tempest","Steam Power","Reprogram"],"picked":"SKIP","floor":22}],"player_experience":614980,"relics_obtained":[{"floor":7,"key":"Symbiotic Virus"},{"floor":9,"key":"War Paint"},{"floor":12,"key":"Potion Belt"}],"event_choices":[{"damage_healed":0,"gold_gain":0,"cards_transformed":["Strike_B"],"player_choice":"Transformed","damage_taken":0,"max_hp_gain":0,"max_hp_loss":0,"event_name":"Transmorgrifier","floor":2,"gold_loss":0,"cards_obtained":["Skim"]},{"damage_healed":0,"gold_gain":0,"player_choice":"Trade","damage_taken":0,"relics_obtained":["GremlinMask"],"max_hp_gain":0,"max_hp_loss":0,"event_name":"FaceTrader","floor":3,"gold_loss":0},{"damage_healed":0,"gold_gain":0,"player_choice":"Donut","damage_taken":0,"max_hp_gain":5,"max_hp_loss":0,"event_name":"Big Fish","floor":4,"gold_loss":0},{"damage_healed":0,"gold_gain":0,"player_choice":"Ignored","damage_taken":0,"max_hp_gain":0,"max_hp_loss":0,"event_name":"Liars Game","floor":5,"gold_loss":0},{"damage_healed":0,"gold_gain":0,"cards_transformed":["Strike_B"],"player_choice":"Change","damage_taken":0,"max_hp_gain":0,"max_hp_loss":0,"event_name":"Living Wall","floor":10,"gold_loss":0,"cards_obtained":["Stack"]}],"is_beta":false,"boss_relics":[{"not_picked":["Eternal Feather","Empty Cage"],"picked":"Astrolabe"}],"items_purged_floors":[],"is_endless":false,"potions_floor_spawned":[11,12,16,18,20,22],"killed_by":"Book of Stabbing","ascension_level":18}