{"gold_per_floor":[130,142,154,190,222,234,259,314,383,426,456,468,480,528,540,645,657,687,718,780,345,358,358,358,358,358,389,389,405,438,454,454,543,543,557,557,573,906,930,930,186,186,239,239,273,273,273,303,303,303],"floor_reached":51,"playtime":3534,"items_purged":["Strike_B","Hello World"],"score":1461,"play_id":"c6fc8997-6a43-4a57-a7a8-5b9891093509","local_time":"20181020132349","is_ascension_mode":true,"campfire_choices":[{"data":"Defragment","floor":6,"key":"SMITH"},{"data":"Zap","floor":13,"key":"SMITH"},{"floor":15,"key":"REST"},{"data":"Defragment","floor":23,"key":"SMITH"},{"data":"Loop","floor":25,"key":"SMITH"},{"data":"Hologram","floor":28,"key":"SMITH"},{"data":"Echo Form","floor":32,"key":"SMITH"},{"data":"Coolheaded","floor":40,"key":"SMITH"},{"data":"Defragment","floor":47,"key":"SMITH"},{"data":"Loop","floor":49,"key":"SMITH"}],"neow_cost":"NONE","seed_source_timestamp":915803066048558,"circlet_count":0,"master_deck":["Defend_B","Defend_B","Defend_B","Defend_B","Zap+1","Dualcast","AscendersBane","Self Repair","Defragment+1","Auto Shields","Coolheaded+1","Echo Form+1","Defragment+1","Core Surge","Hologram+1","Loop+1","Machine Learning","Hyperbeam+1","Hello World+1","Hologram+1","Cold Snap+1","Loop+1","Defragment+1","Hello World","Heatsinks","Defragment+1","Capacitor+1"],"relics":["Cracked Core","MawBank","Art of War","Tiny Chest","PreservedInsect","Mummified Hand","Odd Mushroom","Eternal Feather","Matryoshka","Turnip","Torii","The Courier","Astrolabe","Pen Nib","Lantern","Vajra","Juzu Bracelet","Bag of Preparation","Bronze Scales","Strawberry","Happy Flower"],"potions_floor_usage":[7,8,16,27,30,31,33,50],"damage_taken":[{"damage":4,"enemies":"Jaw Worm","floor":1,"turns":4},{"damage":6,"enemies":"2 Louse","floor":4,"turns":4},{"damage":10,"enemies":"Small Slimes","floor":5,"turns":3},{"damage":12,"enemies":"3 Louse","floor":7,"turns":2},{"damage":16,"enemies":"Lagavulin","floor":8,"turns":8},{"damage":30,"enemies":"3 Sentries","floor":10,"turns":7},{"damage":0,"enemies":"2 Fungi Beasts","floor":11,"turns":4},{"damage":9,"enemies":"The Mushroom Lair","floor":14,"turns":4},{"damage":22,"enemies":"Hexaghost","floor":16,"turns":12},{"damage":7,"enemies":"Chosen","floor":18,"turns":6},{"damage":3,"enemies":"Spheric Guardian","floor":19,"turns":6},{"damage":24,"enemies":"Snecko","floor":22,"turns":7},{"damage":28,"enemies":"Book of Stabbing","floor":27,"turns":6},{"damage":14,"enemies":"Centurion and Healer","floor":29,"turns":8},{"damage":0,"enemies":"Gremlin Leader","floor":30,"turns":6},{"damage":25,"enemies":"Chosen and Byrds","floor":31,"turns":5},{"damage":26,"enemies":"Collector","floor":33,"turns":13},{"damage":9,"enemies":"3 Shapes","floor":35,"turns":7},{"damage":20,"enemies":"Orb Walker","floor":37,"turns":6},{"damage":0,"enemies":"Nemesis","floor":45,"turns":5},{"damage":7,"enemies":"Giant Head","floor":48,"turns":8},{"damage":54,"enemies":"Time Eater","floor":50,"turns":11}],"seed_played":"-856359704740439460","potions_obtained":[{"floor":4,"key":"EssenceOfSteel"},{"floor":5,"key":"AttackPotion"},{"floor":11,"key":"Weak Potion"},{"floor":19,"key":"SpeedPotion"},{"floor":27,"key":"Dexterity Potion"},{"floor":29,"key":"Poison Potion"},{"floor":30,"key":"Poison Potion"},{"floor":31,"key":"SkillPotion"},{"floor":35,"key":"Ancient Potion"}],"is_trial":false,"path_per_floor":["M","?","?","M","M","R","M","E","T","E","M","T","R","?","R","B",null,"M","M","?","$","M","R","?","R","T","E","R","M","E","M","R","B",null,"M","?","M","?","T","R","$","?","T","?","E","?","R","E","R","B"],"character_chosen":"DEFECT","items_purchased":["Matryoshka","Loop","Loop","Defragment","Vajra","Juzu Bracelet","Bag of Preparation","Hello World","Hello World","Heatsinks"],"campfire_rested":1,"item_purchase_floors":[21,21,41,41,41,41,41,41,41,41],"current_hp_per_floor":[60,60,60,61,58,58,53,44,44,21,21,21,21,19,38,23,54,54,58,58,58,41,53,53,64,64,50,62,55,62,51,63,44,59,57,57,44,44,44,56,56,56,56,56,68,68,68,68,68,28],"gold":303,"neow_bonus":"RANDOM_COMMON_RELIC","is_prod":false,"is_daily":false,"chose_seed":false,"campfire_upgraded":9,"win_rate":0,"timestamp":1540056229,"path_taken":["M","?","?","M","M","R","M","E","T","E","M","?","R","?","R","BOSS","M","M","?","$","M","R","?","R","T","E","R","?","E","M","R","BOSS","M","?","M","?","?","R","$","?","T","?","E","?","R","E","R","BOSS"],"build_version":"2018-10-18","purchased_purges":2,"victory":true,"max_hp_per_floor":[71,64,64,64,64,64,64,64,64,64,64,64,64,64,64,64,64,64,64,64,64,64,64,64,64,64,64,64,64,64,64,64,64,64,64,61,61,61,61,61,61,61,61,61,68,68,68,68,68,68],"card_choices":[{"not_picked":["Gash","Beam Cell"],"picked":"Self Repair","floor":1},{"not_picked":["Gash","Double Energy"],"picked":"Sweeping Beam","floor":4},{"not_picked":["Sweeping Beam","Streamline"],"picked":"Defragment","floor":5},{"not_picked":["Force Field","Skim"],"picked":"Auto Shields","floor":7},{"not_picked":["Turbo","Consume","Storm"],"picked":"SKIP","floor":8},{"not_picked":["Turbo","Consume","Storm"],"picked":"SKIP","floor":8},{"not_picked":["Aggregate","Undo"],"picked":"Coolheaded","floor":10},{"not_picked":["Hologram","Auto Shields"],"picked":"Echo Form","floor":11},{"not_picked":["Cold Snap","Go for the Eyes"],"picked":"Defragment","floor":14},{"not_picked":["Fission","Rainbow"],"picked":"Core Surge","floor":16},{"not_picked":["Sweeping Beam+1","Reprogram+1","Barrage"],"picked":"SKIP","floor":18},{"not_picked":["Darkness","Self Repair"],"picked":"Hologram","floor":19},{"not_picked":["Redo+1","Melter","Core Surge"],"picked":"SKIP","floor":22},{"not_picked":["Skim","Turbo","Undo"],"picked":"SKIP","floor":29},{"not_picked":["Sweeping Beam","Rip and Tear"],"picked":"Machine Learning","floor":30},{"not_picked":["Compile Driver","Leap","Steam"],"picked":"SKIP","floor":31},{"not_picked":["Redo","Coolheaded"],"picked":"Cold Snap+1","floor":35},{"not_picked":["Compile Driver+1","Barrage","Chaos+1"],"picked":"SKIP","floor":37},{"not_picked":["Amplify","Go for the Eyes","Scrape"],"picked":"SKIP","floor":45},{"not_picked":["White Noise","Reboot"],"picked":"Capacitor+1","floor":48}],"player_experience":578669,"relics_obtained":[{"floor":8,"key":"Art of War"},{"floor":9,"key":"Tiny Chest"},{"floor":10,"key":"PreservedInsect"},{"floor":12,"key":"Mummified Hand"},{"floor":14,"key":"Odd Mushroom"},{"floor":26,"key":"Turnip"},{"floor":27,"key":"Torii"},{"floor":30,"key":"The Courier"},{"floor":39,"key":"Pen Nib"},{"floor":39,"key":"Lantern"},{"floor":43,"key":"Bronze Scales"},{"floor":45,"key":"Strawberry"},{"floor":48,"key":"Happy Flower"}],"event_choices":[{"damage_healed":0,"gold_gain":0,"player_choice":"Lose Max HP","damage_taken":0,"relics_obtained":["Golden Idol"],"max_hp_gain":0,"max_hp_loss":7,"event_name":"Golden Idol","floor":2,"gold_loss":0},{"damage_healed":0,"gold_gain":0,"player_choice":"Ignored","damage_taken":0,"max_hp_gain":0,"max_hp_loss":0,"event_name":"Liars Game","floor":3,"gold_loss":0},{"damage_healed":0,"gold_gain":0,"player_choice":"Fought Mushrooms","damage_taken":0,"max_hp_gain":0,"max_hp_loss":0,"event_name":"Mushrooms","floor":14,"gold_loss":0},{"damage_healed":0,"gold_gain":50,"player_choice":"Stole From Cult","damage_taken":0,"max_hp_gain":0,"max_hp_loss":0,"event_name":"Nest","floor":20,"gold_loss":0},{"damage_healed":0,"gold_gain":0,"player_choice":"Ignored","damage_taken":0,"max_hp_gain":0,"max_hp_loss":0,"event_name":"The Mausoleum","floor":24,"gold_loss":0},{"damage_healed":0,"gold_gain":0,"player_choice":"Max HP","damage_taken":0,"max_hp_gain":0,"max_hp_loss":3,"event_name":"Winding Halls","floor":36,"gold_loss":0},{"damage_healed":0,"gold_gain":333,"player_choice":"Gave Idol","damage_taken":0,"max_hp_gain":0,"max_hp_loss":0,"event_name":"The Moai Head","floor":38,"relics_lost":["Golden Idol"],"gold_loss":0},{"cards_removed":["Sweeping Beam"],"damage_healed":0,"gold_gain":0,"player_choice":"Removed Attack","damage_taken":0,"max_hp_gain":0,"max_hp_loss":0,"event_name":"Falling","floor":42,"gold_loss":0},{"damage_healed":0,"gold_gain":0,"player_choice":"Ignored","damage_taken":0,"max_hp_gain":0,"max_hp_loss":0,"event_name":"Mysterious Sphere","floor":44,"gold_loss":0},{"damage_healed":0,"gold_gain":0,"player_choice":"Copied","damage_taken":0,"max_hp_gain":0,"max_hp_loss":0,"event_name":"Duplicator","floor":46,"gold_loss":0,"cards_obtained":["Defragment"]}],"is_beta":false,"boss_relics":[{"not_picked":["Tiny House","Runic Pyramid"],"picked":"Eternal Feather"},{"not_picked":["Lizard Tail","White Beast Statue"],"picked":"Astrolabe"}],"items_purged_floors":[21,41],"is_endless":false,"potions_floor_spawned":[4,5,11,19,27,29,30,31,35,45],"ascension_level":17}