{"gold_per_floor":[119,138,14,14,14,42,42,58,58,58,8,25,43,62,62,141,141,153,153,153,153,68,80,119,151,190,215,227,239,268,310,322,334],"floor_reached":33,"playtime":2012,"items_purged":["Strike_B"],"score":527,"play_id":"2e7998f4-14ea-4ce3-bd55-e8d5438648f2","local_time":"20181008215526","is_ascension_mode":true,"campfire_choices":[{"data":"Zap","floor":7,"key":"SMITH"},{"data":"Coolheaded","floor":10,"key":"SMITH"},{"floor":15,"key":"REST"},{"data":"Creative AI","floor":23,"key":"SMITH"},{"floor":29,"key":"REST"},{"floor":32,"key":"REST"}],"neow_cost":"NONE","seed_source_timestamp":641167751753703,"circlet_count":0,"master_deck":["Defend_B","Defend_B","Defend_B","Zap+1","Dualcast","AscendersBane","Conserve Battery","Compile Driver","Coolheaded+1","Reboot","BootSequence","Creative AI+1","Electrodynamics+1","Storm+1","Loop+1","Sunder","Writhe","Cold Snap","Self Repair+1","Leap+1","Loop"],"relics":["Cracked Core","NeowsBlessing","Dead Branch","Pocketwatch","Gambling Chip","Astrolabe","PreservedInsect","MawBank","Letter Opener","Boot","Lantern"],"potions_floor_usage":[4,24,25,31],"damage_taken":[{"damage":0,"enemies":"Small Slimes","floor":1,"turns":1},{"damage":0,"enemies":"2 Louse","floor":2,"turns":1},{"damage":0,"enemies":"Lagavulin","floor":6,"turns":1},{"damage":5,"enemies":"Jaw Worm","floor":8,"turns":3},{"damage":0,"enemies":"2 Fungi Beasts","floor":12,"turns":3},{"damage":1,"enemies":"Exordium Wildlife","floor":13,"turns":3},{"damage":14,"enemies":"Lots of Slimes","floor":14,"turns":5},{"damage":21,"enemies":"Slime Boss","floor":16,"turns":8},{"damage":3,"enemies":"Spheric Guardian","floor":18,"turns":4},{"damage":24,"enemies":"Book of Stabbing","floor":24,"turns":4},{"damage":13,"enemies":"2 Thieves","floor":25,"turns":3},{"damage":9,"enemies":"Centurion and Healer","floor":27,"turns":5},{"damage":0,"enemies":"Sentry and Sphere","floor":30,"turns":3},{"damage":12,"enemies":"Slavers","floor":31,"turns":3},{"damage":68,"enemies":"Automaton","floor":33,"turns":6}],"seed_played":"-6140077751253278926","potions_obtained":[{"floor":2,"key":"Fruit Juice"},{"floor":14,"key":"Energy Potion"},{"floor":16,"key":"Swift Potion"},{"floor":25,"key":"Strength Potion"},{"floor":27,"key":"SpeedPotion"}],"is_trial":false,"path_per_floor":["M","M","$","?","?","E","R","M","T","R","?","M","M","M","R","B",null,"M","?","$","?","?","R","E","M","T","M","?","R","M","E","R"],"character_chosen":"DEFECT","items_purchased":["Coolheaded"],"campfire_rested":3,"item_purchase_floors":[3],"current_hp_per_floor":[64,64,64,51,51,51,51,46,46,46,46,46,45,31,53,32,65,62,62,62,62,62,62,38,25,25,26,12,36,46,44,68,0],"gold":334,"neow_bonus":"THREE_ENEMY_KILL","is_prod":false,"is_daily":false,"chose_seed":false,"campfire_upgraded":3,"win_rate":0,"timestamp":1539050126,"path_taken":["M","M","$","?","?","E","R","M","T","R","?","M","M","?","R","BOSS","M","?","$","?","?","R","E","M","T","?","?","R","M","E","R","BOSS"],"build_version":"2018-10-04v2","purchased_purges":1,"victory":false,"max_hp_per_floor":[71,71,71,76,76,76,76,76,76,76,76,76,76,76,76,76,76,76,76,76,76,76,76,76,76,76,76,81,81,81,81,81,81],"card_choices":[{"not_picked":["Go for the Eyes","Leap"],"picked":"Conserve Battery","floor":1},{"not_picked":["Beam Cell","Self Repair"],"picked":"Compile Driver","floor":2},{"not_picked":["Turbo","Leap"],"picked":"Reboot","floor":6},{"not_picked":["Rip and Tear","Skim"],"picked":"BootSequence","floor":8},{"not_picked":["Steam","Redo","Compile Driver"],"picked":"SKIP","floor":12},{"not_picked":["Conserve Battery","Heatsinks","FTL"],"picked":"SKIP","floor":13},{"not_picked":["Coolheaded","Leap","Steam"],"picked":"SKIP","floor":14},{"not_picked":["Fission","Multi-Cast"],"picked":"Creative AI","floor":16},{"not_picked":["Ball Lightning","Stack","Auto Shields"],"picked":"SKIP","floor":18},{"not_picked":["Doom and Gloom","Leap"],"picked":"Cold Snap","floor":24},{"not_picked":["Barrage","Hologram+1"],"picked":"Self Repair+1","floor":25},{"not_picked":["Go for the Eyes","Coolheaded"],"picked":"Leap+1","floor":27},{"not_picked":["Hello World","Barrage"],"picked":"Loop","floor":30},{"not_picked":["Ball Lightning","FTL+1","Reboot"],"picked":"SKIP","floor":31}],"player_experience":500958,"relics_obtained":[{"floor":6,"key":"Pocketwatch"},{"floor":9,"key":"Gambling Chip"},{"floor":24,"key":"Letter Opener"},{"floor":26,"key":"Boot"},{"floor":31,"key":"Lantern"}],"event_choices":[{"event_name":"Scrap Ooze","player_choice":"success","floor":4,"damage_taken":18},{"event_name":"Liars Game","player_choice":"disagreed","floor":5,"damage_taken":0},{"event_name":"The Cleric","player_choice":"Card Removal","floor":11,"damage_taken":0},{"event_name":"The Library","player_choice":"Read","floor":19,"damage_taken":0},{"event_name":"The Mausoleum","player_choice":"Yes","floor":21,"damage_taken":0},{"event_name":"Addict","player_choice":"Obtained Relic","floor":22,"damage_taken":0},{"event_name":"Forgotten Altar","player_choice":"Shed Blood","floor":28,"damage_taken":0}],"is_beta":false,"boss_relics":[{"not_picked":["Philosopher\u0027s Stone","FrozenCore"],"picked":"Astrolabe"}],"items_purged_floors":[3],"is_endless":false,"potions_floor_spawned":[2,14,16,25,27,30],"killed_by":"Automaton","ascension_level":14}