{"gold_per_floor":[117,42,42,117,117,117,193,224,248,279,293,309,327,327,327,327],"floor_reached":16,"playtime":286,"items_purged":[],"score":316,"play_id":"b31e50ae-3231-4254-953b-b164917b7a38","local_time":"20190810170319","is_ascension_mode":true,"campfire_choices":[{"data":"Deadly Poison","floor":6.0,"key":"SMITH"},{"data":"Predator","floor":15.0,"key":"SMITH"}],"neow_cost":"NONE","seed_source_timestamp":1209458406858000,"circlet_count":0,"master_deck":["AscendersBane","Strike_G","Strike_G","Strike_G","Defend_G","Defend_G","Defend_G","Defend_G","Defend_G","Survivor","Neutralize","Deadly Poison+1","Calculated Gamble","Predator+1","Backflip"],"special_seed":0,"relics":["Ring of the Snake","NeowsBlessing","Meat on the Bone","Omamori","Happy Flower","Art of War"],"potions_floor_usage":[16,16],"damage_taken":[{"damage":0.0,"enemies":"Jaw Worm","floor":1.0,"turns":1.0},{"damage":0.0,"enemies":"Gremlin Nob","floor":8.0,"turns":1.0},{"damage":0.0,"enemies":"3 Sentries","floor":10.0,"turns":2.0},{"damage":0.0,"enemies":"2 Louse","floor":11.0,"turns":3.0},{"damage":1.0,"enemies":"Cultist","floor":12.0,"turns":3.0},{"damage":3.0,"enemies":"Looter","floor":13.0,"turns":3.0},{"damage":81,"enemies":"Slime Boss","floor":16,"turns":12}],"seed_played":"684866565759228438","potions_obtained":[{"floor":10.0,"key":"Regen Potion"},{"floor":13.0,"key":"Dexterity Potion"}],"is_trial":false,"path_per_floor":["M","?","$","?","?","R","T","E","T","E","M","M","M","?","R","B"],"character_chosen":"THE_SILENT","items_purchased":[],"campfire_rested":0,"item_purchase_floors":[],"current_hp_per_floor":[59,59,59,48,66,66,66,66,66,66,66,65,62,62,62,0],"gold":327,"neow_bonus":"THREE_ENEMY_KILL","is_prod":false,"is_daily":false,"chose_seed":false,"campfire_upgraded":2,"win_rate":0,"timestamp":1565427799,"path_taken":["M","?","$","?","?","R","?","E","T","E","M","M","?","?","R","BOSS"],"build_version":"2019-07-17","purchased_purges":0,"victory":false,"max_hp_per_floor":[66,66,66,66,66,66,66,66,66,66,66,66,66,66,66,66],"card_choices":[{"not_picked":["Cloak And Dagger","Blade Dance"],"picked":"Deadly Poison","floor":1.0},{"not_picked":["Wraith Form v2","Crippling Poison"],"picked":"Calculated Gamble","floor":8.0},{"not_picked":["Crippling Poison","Night Terror","Slice"],"picked":"SKIP","floor":10.0},{"not_picked":["Crippling Poison","Night Terror","Slice"],"picked":"SKIP","floor":10.0},{"not_picked":["Blade Dance","Bane"],"picked":"Predator","floor":11.0},{"not_picked":["Choke","All Out Attack"],"picked":"Backflip","floor":12.0},{"not_picked":["Sucker Punch","Slice","Underhanded Strike"],"picked":"SKIP","floor":13.0}],"player_experience":771397,"relics_obtained":[{"floor":7.0,"key":"Meat on the Bone"},{"floor":8.0,"key":"Omamori"},{"floor":9.0,"key":"Happy Flower"},{"floor":10.0,"key":"Art of War"}],"event_choices":[{"cards_removed":["Strike_G"],"damage_healed":0.0,"max_hp_gain":0.0,"max_hp_loss":0.0,"gold_gain":0.0,"event_name":"The Cleric","player_choice":"Card Removal","floor":2.0,"gold_loss":75.0,"damage_taken":0.0},{"damage_healed":0.0,"max_hp_gain":0.0,"max_hp_loss":0.0,"gold_gain":75.0,"event_name":"World of Goop","player_choice":"Gather Gold","floor":4.0,"gold_loss":0.0,"damage_taken":11.0},{"damage_healed":22.0,"max_hp_gain":0.0,"max_hp_loss":0.0,"gold_gain":0.0,"event_name":"Big Fish","player_choice":"Banana","floor":5.0,"gold_loss":0.0,"damage_taken":0.0},{"cards_removed":["Strike_G"],"damage_healed":0.0,"max_hp_gain":0.0,"max_hp_loss":0.0,"gold_gain":0.0,"event_name":"Purifier","player_choice":"Purged","floor":14.0,"gold_loss":0.0,"damage_taken":0.0}],"is_beta":false,"boss_relics":[],"items_purged_floors":[],"is_endless":false,"potions_floor_spawned":[10,13],"killed_by":"Slime Boss","ascension_level":20}