{"gold_per_floor":[14,25,41,6,18,18,43,43,100,100,100,100,100,20,20,20],"floor_reached":16,"playtime":461,"items_purged":[],"score":196,"play_id":"328516fa-eb0b-42e9-b411-ce9ea45d803a","local_time":"20190810133410","is_ascension_mode":true,"campfire_choices":[{"data":"Flechettes","floor":6.0,"key":"SMITH"},{"floor":8.0,"key":"REST"},{"data":"Acrobatics","floor":11.0,"key":"SMITH"},{"floor":13.0,"key":"REST"},{"data":"Neutralize","floor":15.0,"key":"SMITH"}],"neow_cost":"NO_GOLD","seed_source_timestamp":1197142208477600,"circlet_count":0,"master_deck":["AscendersBane","Strike_G","Strike_G","Strike_G","Strike_G","Defend_G","Defend_G","Defend_G","Defend_G","Defend_G+1","Survivor","Neutralize+1","Escape Plan","Backflip+1","Flechettes+1","Acrobatics+1","Well Laid Plans"],"special_seed":0,"relics":["Ring of the Snake","Prayer Wheel","Bag of Preparation","Tiny Chest","War Paint"],"potions_floor_usage":[16],"damage_taken":[{"damage":4.0,"enemies":"Cultist","floor":1.0,"turns":5.0},{"damage":1.0,"enemies":"2 Louse","floor":2.0,"turns":3.0},{"damage":15.0,"enemies":"Small Slimes","floor":3.0,"turns":5.0},{"damage":17.0,"enemies":"Blue Slaver","floor":5.0,"turns":5.0},{"damage":31.0,"enemies":"3 Sentries","floor":7.0,"turns":13.0},{"damage":23,"enemies":"Hexaghost","floor":16,"turns":11}],"seed_played":"-4423446522161451385","potions_obtained":[{"floor":3.0,"key":"Energy Potion"},{"floor":5.0,"key":"Explosive Potion"}],"is_trial":false,"path_per_floor":["M","M","M","?","M","R","E","R","T","?","R","?","R","$","R","B"],"character_chosen":"THE_SILENT","items_purchased":["Well Laid Plans"],"campfire_rested":2,"item_purchase_floors":[14],"current_hp_per_floor":[55,54,39,55,38,38,7,26,26,19,19,8,27,27,27,4],"gold":20,"neow_bonus":"ONE_RARE_RELIC","is_prod":false,"is_daily":false,"chose_seed":false,"campfire_upgraded":3,"win_rate":0,"timestamp":1565415250,"path_taken":["M","?","M","?","M","R","E","R","T","?","R","?","R","?","R","BOSS"],"build_version":"2019-07-17","purchased_purges":0,"victory":false,"max_hp_per_floor":[66,66,66,66,66,66,66,66,66,66,66,66,66,66,66,66],"card_choices":[{"not_picked":["PiercingWail","Underhanded Strike"],"picked":"Escape Plan","floor":1.0},{"not_picked":["Choke","Dodge and Roll","Flying Knee"],"picked":"SKIP","floor":1.0},{"not_picked":["Deflect","Poisoned Stab","Dagger Spray"],"picked":"SKIP","floor":2.0},{"not_picked":["Flying Knee","Flechettes","Choke"],"picked":"SKIP","floor":2.0},{"not_picked":["Footwork","Eviscerate"],"picked":"Backflip","floor":3.0},{"not_picked":["PiercingWail","Blade Dance"],"picked":"Flechettes","floor":3.0},{"not_picked":["Malaise","Slice"],"picked":"Acrobatics","floor":5.0},{"not_picked":["Sucker Punch","Poisoned Stab","Underhanded Strike"],"picked":"SKIP","floor":5.0},{"not_picked":["Backflip","Bane","Dagger Throw"],"picked":"SKIP","floor":7.0}],"player_experience":766304,"relics_obtained":[{"floor":7.0,"key":"Bag of Preparation"},{"floor":9.0,"key":"Tiny Chest"}],"event_choices":[{"damage_healed":16.0,"max_hp_gain":0.0,"max_hp_loss":0.0,"gold_gain":0.0,"event_name":"The Cleric","player_choice":"Healed","floor":4.0,"gold_loss":35.0,"damage_taken":0.0},{"cards_removed":["Strike_G"],"damage_healed":0.0,"max_hp_gain":0.0,"max_hp_loss":0.0,"gold_gain":0.0,"event_name":"Golden Wing","player_choice":"Card Removal","floor":10.0,"gold_loss":0.0,"damage_taken":7.0},{"damage_healed":0.0,"max_hp_gain":0.0,"max_hp_loss":0.0,"gold_gain":0.0,"event_name":"Scrap Ooze","player_choice":"Success","floor":12.0,"gold_loss":0.0,"damage_taken":11.0,"relics_obtained":["War Paint"]}],"is_beta":false,"boss_relics":[],"items_purged_floors":[],"is_endless":false,"potions_floor_spawned":[3,5],"killed_by":"Hexaghost","ascension_level":20}