{"gold_per_floor":[366,386,55,73,86,86,105,105,129,129,188,188,219,234,234,338,338,356,281,291,370,645,645,671,671,671,671,444,456,278,278,278,378,378,394,394,409,409,423,423,457,93,119,152,152,152,152,152,152,152],"floor_reached":51,"playtime":3999,"items_purged":["Strike_B","Strike_B","Auto Shields"],"score":1111,"play_id":"95e9527e-26a1-4e57-9638-01a6c7fdcf78","local_time":"20181002231154","is_ascension_mode":true,"campfire_choices":[{"data":"Zap","floor":6,"key":"SMITH"},{"data":"Coolheaded","floor":8,"key":"SMITH"},{"data":"Dualcast","floor":12,"key":"SMITH"},{"data":"Streamline","floor":15,"key":"SMITH"},{"data":"Hologram","floor":23,"key":"SMITH"},{"data":"Defragment","floor":25,"key":"SMITH"},{"floor":27,"key":"REST"},{"floor":32,"key":"REST"},{"data":"Creative AI","floor":40,"key":"SMITH"},{"data":"Loop","floor":45,"key":"SMITH"},{"data":"Force Field","floor":47,"key":"SMITH"},{"floor":49,"key":"REST"}],"neow_cost":"PERCENT_DAMAGE","seed_source_timestamp":125355312954709,"circlet_count":0,"master_deck":["Defend_B","Defend_B","Defend_B+1","Defend_B+1","Zap+1","Dualcast+1","AscendersBane","Coolheaded+1","Self Repair","Coolheaded","Ball Lightning","Streamline+1","Echo Form+1","Hologram+1","Defragment+1","Loop+1","Creative AI+1","Barrage+1","Force Field+1"],"relics":["Cracked Core","Omamori","Anchor","Oddly Smooth Stone","Tiny Chest","Centennial Puzzle","Sozu","Gremlin Horn","Lantern","Singing Bowl","DataDisk","Nuclear Battery","Molten Egg 2","Lee\u0027s Waffle","Happy Flower","War Paint","Dodecahedron"],"potions_floor_usage":[11,13,33,50],"damage_taken":[{"damage":1,"enemies":"2 Louse","floor":1,"turns":3},{"damage":4,"enemies":"Jaw Worm","floor":2,"turns":5},{"damage":4,"enemies":"Cultist","floor":4,"turns":4},{"damage":9,"enemies":"Exordium Wildlife","floor":5,"turns":6},{"damage":7,"enemies":"3 Louse","floor":7,"turns":5},{"damage":6,"enemies":"3 Sentries","floor":11,"turns":8},{"damage":2,"enemies":"Lagavulin","floor":13,"turns":6},{"damage":0,"enemies":"Large Slime","floor":14,"turns":5},{"damage":21,"enemies":"The Guardian","floor":16,"turns":11},{"damage":2,"enemies":"Spheric Guardian","floor":18,"turns":4},{"damage":4,"enemies":"Shell Parasite","floor":20,"turns":5},{"damage":52,"enemies":"Book of Stabbing","floor":24,"turns":7},{"damage":4,"enemies":"Snecko","floor":29,"turns":4},{"damage":10,"enemies":"Automaton","floor":33,"turns":9},{"damage":0,"enemies":"3 Shapes","floor":35,"turns":5},{"damage":6,"enemies":"3 Darklings","floor":37,"turns":6},{"damage":15,"enemies":"4 Shapes","floor":39,"turns":4},{"damage":10,"enemies":"Nemesis","floor":41,"turns":7},{"damage":10,"enemies":"2 Orb Walkers","floor":44,"turns":6},{"damage":1,"enemies":"Time Eater","floor":50,"turns":10}],"seed_played":"-8232633101268692939","potions_obtained":[{"floor":4,"key":"Ancient Potion"},{"floor":5,"key":"FocusPotion"},{"floor":11,"key":"Strength Potion"},{"floor":16,"key":"Swift Potion"}],"is_trial":false,"path_per_floor":["M","M","$","M","M","R","M","R","T","?","E","R","E","M","R","B",null,"M","?","M","T","?","R","E","R","T","R","$","M","$","?","R","B",null,"M","?","M","?","M","R","E","$","T","E","R","?","R","T","R","B"],"character_chosen":"DEFECT","items_purchased":["Omamori","Anchor","Self Repair","DataDisk","Loop","Force Field","Lee\u0027s Waffle"],"campfire_rested":3,"item_purchase_floors":[3,3,3,28,30,42,42],"current_hp_per_floor":[49,45,45,48,46,46,46,46,46,64,65,65,70,75,75,61,72,75,75,75,75,75,75,30,30,30,52,52,50,50,50,73,70,75,77,73,75,75,69,69,68,86,86,78,78,78,78,78,88,88],"gold":152,"neow_bonus":"TWO_FIFTY_GOLD","is_prod":false,"is_daily":false,"chose_seed":false,"campfire_upgraded":9,"win_rate":0,"timestamp":1538536314,"path_taken":["M","M","$","M","M","R","M","R","T","?","E","R","E","M","R","BOSS","M","?","?","?","?","R","E","R","T","R","$","M","$","?","R","BOSS","M","?","?","?","?","R","E","?","T","E","R","?","R","?","R","BOSS"],"build_version":"2018-09-27","purchased_purges":3,"victory":true,"max_hp_per_floor":[75,75,75,75,75,75,75,75,75,75,75,75,75,75,75,75,75,75,75,75,75,75,75,75,75,75,75,75,77,77,77,77,77,77,77,73,75,75,77,77,79,86,86,88,88,88,88,88,88,88],"card_choices":[{"not_picked":["Sweeping Beam","Scrape"],"picked":"Coolheaded","floor":1},{"not_picked":["Static Discharge","Doom and Gloom","Steam"],"picked":"SKIP","floor":2},{"not_picked":["Genetic Algorithm","Heatsinks"],"picked":"Coolheaded","floor":4},{"not_picked":["Tempest","Beam Cell","Scrape"],"picked":"SKIP","floor":5},{"not_picked":["Coolheaded","Stack"],"picked":"FTL","floor":7},{"not_picked":["Barrage","Chaos"],"picked":"Ball Lightning","floor":11},{"not_picked":["Darkness","Cold Snap"],"picked":"Auto Shields","floor":13},{"not_picked":["Barrage","Cold Snap"],"picked":"Streamline","floor":14},{"not_picked":["Biased Cognition","All For One"],"picked":"Echo Form","floor":16},{"not_picked":["Coolheaded","Genetic Algorithm","Steam Power"],"picked":"SKIP","floor":18},{"not_picked":["Reinforced Body","Go for the Eyes"],"picked":"Hologram","floor":20},{"not_picked":["Coolheaded","Conserve Battery"],"picked":"Defragment","floor":24},{"not_picked":["Force Field","Steam","Streamline"],"picked":"Singing Bowl","floor":29},{"not_picked":["Echo Form","Buffer"],"picked":"Creative AI","floor":33},{"not_picked":["Stack+1","Ball Lightning"],"picked":"Barrage+1","floor":35},{"not_picked":["BootSequence+1","White Noise","Darkness"],"picked":"Singing Bowl","floor":37},{"not_picked":["Beam Cell","Coolheaded","Compile Driver"],"picked":"Singing Bowl","floor":39},{"not_picked":["Cold Snap","Ball Lightning+1","Rainbow"],"picked":"Singing Bowl","floor":41},{"not_picked":["Redo","Steam","Stack"],"picked":"Singing Bowl","floor":44}],"player_experience":463076,"relics_obtained":[{"floor":9,"key":"Oddly Smooth Stone"},{"floor":11,"key":"Tiny Chest"},{"floor":13,"key":"Centennial Puzzle"},{"floor":21,"key":"Gremlin Horn"},{"floor":24,"key":"Lantern"},{"floor":26,"key":"Singing Bowl"},{"floor":41,"key":"Molten Egg 2"},{"floor":43,"key":"Happy Flower"},{"floor":44,"key":"War Paint"},{"floor":48,"key":"Dodecahedron"}],"event_choices":[{"event_name":"Mushrooms","player_choice":"Healed and dodged fight","floor":10,"damage_taken":0},{"event_name":"Beggar","player_choice":"Gave Gold","floor":19,"damage_taken":0},{"event_name":"Golden Shrine","player_choice":"Desecrate","floor":22,"damage_taken":0},{"event_name":"Purifier","player_choice":"One Purge","floor":31,"damage_taken":0},{"event_name":"Winding Halls","player_choice":"Max HP","floor":36,"damage_taken":0},{"event_name":"Falling","player_choice":"Removed Attack","floor":38,"damage_taken":0},{"event_name":"Upgrade Shrine","player_choice":"Upgraded","floor":46,"damage_taken":0}],"is_beta":false,"boss_relics":[{"not_picked":["Coffee Dripper","Cursed Key"],"picked":"Sozu"},{"not_picked":["Snecko Eye","Runic Dome"],"picked":"Nuclear Battery"}],"items_purged_floors":[28,30,42],"is_endless":false,"potions_floor_spawned":[4,5,7,11,16,20,29,39,44],"ascension_level":12}