{"gold_per_floor":[113,132,146,163,174,204,204,235,260,260,260,272,301,311,311,384,384,403,403,413,428,441,441,456,456,456,489,489,504,522,522],"floor_reached":31,"playtime":1014,"items_purged":[],"score":666,"play_id":"0ae185ee-24b5-444a-91e6-05126e528b09","local_time":"20190816233206","is_ascension_mode":true,"campfire_choices":[{"floor":7.0,"key":"REST"},{"data":"Dualcast","floor":10.0,"key":"SMITH"},{"data":"Tempest","floor":15.0,"key":"SMITH"},{"data":"Fission","floor":23.0,"key":"SMITH"},{"data":"Fission","floor":25.0,"key":"SMITH"}],"neow_cost":"TEN_PERCENT_HP_LOSS","seed_source_timestamp":104530088817800,"circlet_count":0,"master_deck":["AscendersBane","Zap+1","Dualcast+1","Streamline","Cold Snap","Leap","Conserve Battery","Conserve Battery","FTL","Tempest+1","Ball Lightning","Leap","Melter","Fission+1","Reboot","Melter","Fission+1","Consume","Undo","Machine Learning+1","Biased Cognition+1","Undo","Skim","Leap","Stack","Creative AI+1","Tempest","Coolheaded"],"special_seed":0,"relics":["Cracked Core","Calipers","Cables","Frozen Egg 2","PreservedInsect","War Paint","Pandora\u0027s Box","Bottled Lightning","Orichalcum"],"potions_floor_usage":[31],"damage_taken":[{"damage":1.0,"enemies":"Cultist","floor":1.0,"turns":3.0},{"damage":7.0,"enemies":"Jaw Worm","floor":2.0,"turns":3.0},{"damage":0.0,"enemies":"Small Slimes","floor":3.0,"turns":2.0},{"damage":0.0,"enemies":"Gremlin Gang","floor":4.0,"turns":1.0},{"damage":0.0,"enemies":"2 Fungi Beasts","floor":5.0,"turns":4.0},{"damage":45.0,"enemies":"Gremlin Nob","floor":6.0,"turns":5.0},{"damage":25.0,"enemies":"Lagavulin","floor":8.0,"turns":7.0},{"damage":3.0,"enemies":"Blue Slaver","floor":12.0,"turns":3.0},{"damage":1.0,"enemies":"Gremlin Nob","floor":13.0,"turns":3.0},{"damage":6.0,"enemies":"Looter","floor":14.0,"turns":2.0},{"damage":0.0,"enemies":"Hexaghost","floor":16.0,"turns":9.0},{"damage":5.0,"enemies":"2 Thieves","floor":18.0,"turns":4.0},{"damage":15.0,"enemies":"3 Byrds","floor":20.0,"turns":4.0},{"damage":5.0,"enemies":"Centurion and Healer","floor":21.0,"turns":5.0},{"damage":0.0,"enemies":"Sentry and Sphere","floor":22.0,"turns":2.0},{"damage":0.0,"enemies":"3 Cultists","floor":24.0,"turns":4.0},{"damage":11.0,"enemies":"Gremlin Leader","floor":27.0,"turns":6.0},{"damage":5.0,"enemies":"Cultist and Chosen","floor":29.0,"turns":4.0},{"damage":6.0,"enemies":"Snake Plant","floor":30.0,"turns":3.0},{"damage":4,"enemies":"Slavers","floor":31,"turns":1}],"seed_played":"1392893279939238765","potions_obtained":[{"floor":2.0,"key":"AttackPotion"},{"floor":5.0,"key":"Block Potion"},{"floor":6.0,"key":"Regen Potion"},{"floor":13.0,"key":"Swift Potion"},{"floor":14.0,"key":"SpeedPotion"},{"floor":21.0,"key":"SpeedPotion"},{"floor":24.0,"key":"EssenceOfSteel"},{"floor":30.0,"key":"Strength Potion"}],"is_trial":false,"path_per_floor":["M","M","M","M","M","E","R","E","T","R","T","M","E","M","R","B",null,"M","?","M","M","M","R","M","R","T","E","?","M","M","E"],"character_chosen":"DEFECT","items_purchased":[],"campfire_rested":1,"item_purchase_floors":[],"current_hp_per_floor":[63,56,56,56,56,11,30,20,20,20,20,17,16,10,10,10,51,46,46,31,26,26,26,26,26,26,15,15,10,4,0],"gold":522,"neow_bonus":"ONE_RARE_RELIC","is_prod":false,"is_daily":false,"chose_seed":false,"campfire_upgraded":4,"win_rate":0,"timestamp":1565965926,"path_taken":["M","M","M","M","M","E","R","E","T","R","?","M","E","M","R","BOSS","M","?","M","M","M","R","?","R","T","E","?","M","M","E"],"build_version":"2019-08-15","purchased_purges":0,"victory":false,"max_hp_per_floor":[64,64,64,64,64,64,64,64,64,64,64,64,64,64,64,64,64,64,64,64,64,64,64,64,64,64,64,64,64,64,64],"card_choices":[{"not_picked":["Gash","Fusion"],"picked":"Streamline","floor":1.0},{"not_picked":["Compile Driver","Stack"],"picked":"Cold Snap","floor":2.0},{"not_picked":["Undo","Barrage"],"picked":"Leap","floor":3.0},{"not_picked":["Scrape","Genetic Algorithm"],"picked":"Conserve Battery","floor":4.0},{"not_picked":["Leap","Barrage"],"picked":"Conserve Battery","floor":5.0},{"not_picked":["Go for the Eyes","Stack"],"picked":"FTL","floor":6.0},{"not_picked":["Compile Driver","Hologram"],"picked":"Tempest","floor":8.0},{"not_picked":["Rip and Tear","Barrage"],"picked":"Ball Lightning","floor":12.0},{"not_picked":["Melter","Recycle"],"picked":"Leap","floor":13.0},{"not_picked":["Conserve Battery","Turbo"],"picked":"Melter","floor":14.0},{"not_picked":["Rainbow","All For One"],"picked":"Fission","floor":16.0},{"not_picked":["Streamline","Cold Snap+1"],"picked":"Undo","floor":18.0},{"not_picked":["Doom and Gloom","Redo+1","Barrage"],"picked":"SKIP","floor":20.0},{"not_picked":["Cold Snap","Coolheaded"],"picked":"Leap","floor":21.0},{"not_picked":["Rip and Tear","Leap"],"picked":"Stack","floor":22.0},{"not_picked":["Cold Snap","Gash","Barrage"],"picked":"SKIP","floor":24.0},{"not_picked":["Heatsinks+1","Redo"],"picked":"Creative AI+1","floor":27.0},{"not_picked":["Sweeping Beam","Hologram"],"picked":"Tempest","floor":29.0},{"not_picked":["Leap","Beam Cell"],"picked":"Coolheaded","floor":30.0}],"player_experience":1488920,"relics_obtained":[{"floor":6.0,"key":"Cables"},{"floor":8.0,"key":"Frozen Egg 2"},{"floor":9.0,"key":"PreservedInsect"},{"floor":13.0,"key":"War Paint"},{"floor":26.0,"key":"Bottled Lightning"},{"floor":27.0,"key":"Orichalcum"}],"event_choices":[{"damage_healed":0.0,"max_hp_gain":0.0,"max_hp_loss":0.0,"gold_gain":0.0,"cards_transformed":["Consume"],"event_name":"Transmorgrifier","player_choice":"Transformed","floor":19.0,"gold_loss":0.0,"damage_taken":0.0,"cards_obtained":["Skim"]},{"damage_healed":0.0,"max_hp_gain":0.0,"max_hp_loss":0.0,"gold_gain":0.0,"event_name":"Beggar","player_choice":"Ignored","floor":28.0,"gold_loss":0.0,"damage_taken":0.0}],"is_beta":true,"boss_relics":[{"not_picked":["Runic Dome","White Beast Statue"],"picked":"Pandora\u0027s Box"}],"items_purged_floors":[],"is_endless":false,"potions_floor_spawned":[2,5,6,13,14,21,24,30],"killed_by":"Slavers","ascension_level":20}