{"gold_per_floor":[114,130,144,144,163,189,189,202,202,215,139,173,6,24,24,102,102,112,112,123,135,155,155],"floor_reached":23,"playtime":1145,"items_purged":[],"score":362,"play_id":"cbaaadb1-f098-487e-a582-15f1abcc3a79","local_time":"20190821125125","is_ascension_mode":true,"campfire_choices":[{"floor":7,"key":"REST"},{"data":"Apotheosis","floor":15,"key":"SMITH"}],"neow_cost":"NONE","seed_source_timestamp":0,"circlet_count":0,"master_deck":["AscendersBane","Strike_G","Strike_G","Strike_G","Strike_G","Strike_G","Defend_G","Defend_G","Defend_G","Defend_G","Defend_G","Survivor","Neutralize","Quick Slash","Unload","Sucker Punch","Flying Knee","Prepared","Heel Hook","Apotheosis+1","Leg Sweep","Venomology","Endless Agony+1","Leg Sweep+1","Blade Dance+1"],"special_seed":0,"relics":["Eternal Feather","Centennial Puzzle","Bronze Scales","Bag of Marbles","Meat on the Bone","WristBlade"],"potions_floor_usage":[16,18,20,22,23,23,23],"damage_taken":[{"damage":8.0,"enemies":"Small Slimes","floor":1.0,"turns":5.0},{"damage":1.0,"enemies":"Cultist","floor":2.0,"turns":5.0},{"damage":0.0,"enemies":"2 Louse","floor":3.0,"turns":3.0},{"damage":4.0,"enemies":"Blue Slaver","floor":5.0,"turns":4.0},{"damage":36.0,"enemies":"3 Sentries","floor":6.0,"turns":8.0},{"damage":4,"enemies":"Red Slaver","floor":8,"turns":4},{"damage":4,"enemies":"Exordium Thugs","floor":10,"turns":4},{"damage":30,"enemies":"Gremlin Nob","floor":12,"turns":4},{"damage":6,"enemies":"Looter","floor":14,"turns":2},{"damage":3,"enemies":"Slime Boss","floor":16,"turns":7},{"damage":6,"enemies":"Chosen","floor":18,"turns":6},{"damage":7,"enemies":"Spheric Guardian","floor":20,"turns":4},{"damage":20,"enemies":"Centurion and Healer","floor":21,"turns":6},{"damage":4,"enemies":"Chosen and Byrds","floor":22,"turns":5},{"damage":41,"enemies":"Book of Stabbing","floor":23,"turns":5}],"seed_played":"-4668105584123972920","potions_obtained":[{"floor":2.0,"key":"Regen Potion"},{"floor":5.0,"key":"PowerPotion"},{"floor":10,"key":"Explosive Potion"},{"floor":14,"key":"PowerPotion"},{"floor":22,"key":"Explosive Potion"}],"is_trial":false,"path_per_floor":["M","M","M","?","M","E","R","M","T","M","?","E","$","M","R","B",null,"M","$","M","M","M","E"],"character_chosen":"THE_SILENT","items_purchased":["Apotheosis"],"campfire_rested":1,"item_purchase_floors":[13],"current_hp_per_floor":[51,50,50,55,51,30,60,56,56,52,52,22,22,28,40,37,63,57,57,50,42,38,0],"gold":155,"neow_bonus":"BOSS_RELIC","is_prod":false,"is_daily":false,"chose_seed":false,"campfire_upgraded":1,"win_rate":0,"timestamp":1566363085,"path_taken":["M","M","M","?","M","E","R","M","T","M","?","E","$","M","R","BOSS","M","?","M","M","M","E"],"build_version":"2019-07-17","purchased_purges":0,"victory":false,"max_hp_per_floor":[66,66,66,71,71,71,71,71,71,71,71,71,71,71,71,71,71,71,71,71,71,71,71],"card_choices":[{"not_picked":["Dodge and Roll","PiercingWail"],"picked":"Quick Slash","floor":1.0},{"not_picked":["Deflect","Backstab"],"picked":"Unload","floor":2.0},{"not_picked":["Deflect","Quick Slash"],"picked":"Sucker Punch","floor":3.0},{"not_picked":["Riddle With Holes","Underhanded Strike","Outmaneuver"],"picked":"SKIP","floor":5.0},{"not_picked":["Dagger Throw","Flechettes"],"picked":"Flying Knee","floor":6},{"not_picked":["Quick Slash","Outmaneuver"],"picked":"Prepared","floor":8},{"not_picked":["Caltrops","Flechettes","Masterful Stab"],"picked":"SKIP","floor":10},{"not_picked":["Flying Knee","Blade Dance"],"picked":"Heel Hook","floor":12},{"not_picked":["PiercingWail","Sucker Punch"],"picked":"Leg Sweep","floor":14},{"not_picked":["Doppelganger","Unload"],"picked":"Venomology","floor":16},{"not_picked":["PiercingWail","Quick Slash"],"picked":"Endless Agony+1","floor":18},{"not_picked":["Sucker Punch","Flechettes","Dodge and Roll"],"picked":"SKIP","floor":20},{"not_picked":["Flying Knee","Backflip"],"picked":"Leg Sweep+1","floor":21},{"not_picked":["Noxious Fumes","Infinite Blades"],"picked":"Blade Dance+1","floor":22}],"player_experience":885930,"relics_obtained":[{"floor":6,"key":"Centennial Puzzle"},{"floor":9,"key":"Bronze Scales"},{"floor":12,"key":"Meat on the Bone"}],"event_choices":[{"damage_healed":0.0,"max_hp_gain":5.0,"max_hp_loss":0.0,"gold_gain":0.0,"event_name":"Big Fish","player_choice":"Donut","floor":4.0,"gold_loss":0.0,"damage_taken":0.0},{"damage_healed":0,"gold_gain":0,"player_choice":"Paid Gold","damage_taken":0,"relics_obtained":["Bag of Marbles"],"max_hp_gain":0,"max_hp_loss":0,"event_name":"WeMeetAgain","floor":11,"gold_loss":76}],"is_beta":false,"boss_relics":[{"not_picked":["Lizard Tail","Snecko Eye"],"picked":"WristBlade"}],"items_purged_floors":[],"is_endless":false,"potions_floor_spawned":[2,5,10,14,22],"killed_by":"Book of Stabbing","ascension_level":15}