{"gold_per_floor":[212,226,144,66,77,111,121,121,168,168,182,182],"floor_reached":12,"playtime":502,"items_purged":[],"score":140,"play_id":"47f6229b-966e-4d4d-93e0-68fe71839714","local_time":"20190821193540","is_ascension_mode":true,"campfire_choices":[{"floor":10.0,"key":"REST"}],"neow_cost":"NONE","seed_source_timestamp":292112486565200,"circlet_count":0,"master_deck":["AscendersBane","Strike_G","Strike_G","Strike_G","Strike_G","Strike_G","Defend_G","Defend_G","Defend_G","Defend_G","Defend_G","Survivor","Neutralize","Endless Agony","Blur","Well Laid Plans","Cloak And Dagger","Infinite Blades","All Out Attack","Cloak And Dagger","Leg Sweep","Deadly Poison"],"special_seed":0,"relics":["Ring of the Snake","Question Card","Bag of Preparation","Bag of Marbles"],"potions_floor_usage":[],"damage_taken":[{"damage":2.0,"enemies":"Cultist","floor":1.0,"turns":6.0},{"damage":2.0,"enemies":"Jaw Worm","floor":2.0,"turns":5.0},{"damage":1.0,"enemies":"Small Slimes","floor":5.0,"turns":4.0},{"damage":17.0,"enemies":"3 Sentries","floor":6.0,"turns":10.0},{"damage":4.0,"enemies":"Red Slaver","floor":7.0,"turns":4.0},{"damage":18,"enemies":"Exordium Thugs","floor":11,"turns":5},{"damage":47,"enemies":"Gremlin Nob","floor":12,"turns":4}],"seed_played":"1315447980525047012","potions_obtained":[{"floor":5.0,"key":"SneckoOil"},{"floor":6.0,"key":"Dexterity Potion"}],"is_trial":false,"path_per_floor":["M","M","$","$","M","E","M","?","T","R","M","E"],"character_chosen":"THE_SILENT","items_purchased":["Well Laid Plans","Cloak And Dagger","Infinite Blades"],"campfire_rested":1,"item_purchase_floors":[3,3,4],"current_hp_per_floor":[57,55,55,55,54,37,33,22,22,41,23,0],"gold":182,"neow_bonus":"HUNDRED_GOLD","is_prod":false,"is_daily":false,"chose_seed":false,"campfire_upgraded":0,"win_rate":0,"timestamp":1566387340,"path_taken":["M","M","?","$","M","E","M","?","T","R","M","E"],"build_version":"2019-07-17","purchased_purges":0,"victory":false,"max_hp_per_floor":[66,66,66,66,66,66,66,66,66,66,66,66],"card_choices":[{"not_picked":["Dagger Throw","Acrobatics"],"picked":"Endless Agony","floor":1.0},{"not_picked":["PiercingWail","Reflex"],"picked":"Blur","floor":2.0},{"not_picked":["Dagger Spray","Flying Knee"],"picked":"All Out Attack","floor":5.0},{"not_picked":["Endless Agony","Prepared"],"picked":"Cloak And Dagger","floor":6.0},{"not_picked":["Skewer","Heel Hook","Backstab"],"picked":"Leg Sweep","floor":7.0},{"not_picked":["Burst","Sucker Punch","Prepared"],"picked":"Deadly Poison","floor":11}],"player_experience":892655,"relics_obtained":[{"floor":6.0,"key":"Question Card"},{"floor":9.0,"key":"Bag of Marbles"}],"event_choices":[{"damage_healed":0.0,"max_hp_gain":0.0,"max_hp_loss":0.0,"gold_gain":0.0,"event_name":"Scrap Ooze","player_choice":"Success","floor":8.0,"gold_loss":0.0,"damage_taken":11.0,"relics_obtained":["Bag of Preparation"]}],"is_beta":false,"boss_relics":[],"items_purged_floors":[],"is_endless":false,"potions_floor_spawned":[5,6],"killed_by":"Gremlin Nob","ascension_level":15}