{"gold_per_floor":[113,113,188,188,201,201,219,251,251,277,277,296,248,248,248,350,350,361,631,646,658,672,672,672,322,322,322,335,353,353,366,366,467,467,478,31,0,10,10,10,110,110,135,135,135,146,146,160,160,160],"floor_reached":51,"playtime":2762,"items_purged":[],"score":697,"play_id":"5759daae-b435-4ccd-87be-7ced8a08e02a","local_time":"20181108212714","is_ascension_mode":false,"campfire_choices":[{"data":"Zap","floor":6,"key":"SMITH"},{"data":"Hologram","floor":11,"key":"SMITH"},{"data":"Zap","floor":15,"key":"SMITH"},{"floor":23,"key":"REST"},{"data":"Hologram","floor":27,"key":"SMITH"},{"data":"Coolheaded","floor":30,"key":"SMITH"},{"data":"Ball Lightning","floor":32,"key":"SMITH"},{"floor":40,"key":"REST"},{"floor":42,"key":"REST"},{"floor":47,"key":"REST"},{"floor":49,"key":"REST"}],"neow_cost":"TEN_PERCENT_HP_LOSS","seed_source_timestamp":640053552603437,"circlet_count":0,"master_deck":["Strike_B","Strike_B","Defend_B","Defend_B","Defend_B","Defend_B","Zap+1","Dualcast","Hologram+1","Coolheaded+1","Conserve Battery","Hologram+1","Ball Lightning+1","Zap+1","Conserve Battery+1","Conserve Battery","Compile Driver","Streamline+1","Hologram+1","Cold Snap","Streamline+1"],"relics":["Cracked Core","Thread and Needle","Cables","Gremlin Horn","Blue Candle","Omamori","Snecko Eye","WarpedTongs","Lee\u0027s Waffle","Bronze Scales","Dodecahedron","Fusion Hammer","Pen Nib","Nunchaku","Red Mask","Dead Branch","Ancient Tea Set"],"potions_floor_usage":[8,20,39,50,50],"damage_taken":[{"damage":2,"enemies":"Cultist","floor":1,"turns":3},{"damage":0,"enemies":"2 Louse","floor":5,"turns":3},{"damage":0,"enemies":"Small Slimes","floor":7,"turns":3},{"damage":7,"enemies":"Gremlin Nob","floor":8,"turns":4},{"damage":0,"enemies":"Exordium Thugs","floor":12,"turns":3},{"damage":16,"enemies":"Slime Boss","floor":16,"turns":7},{"damage":31,"enemies":"2 Thieves","floor":18,"turns":5},{"damage":1,"enemies":"Spheric Guardian","floor":20,"turns":3},{"damage":7,"enemies":"Cultist and Chosen","floor":21,"turns":5},{"damage":0,"enemies":"Snake Plant","floor":22,"turns":3},{"damage":1,"enemies":"Chosen and Byrds","floor":28,"turns":4},{"damage":0,"enemies":"Cultist and Chosen","floor":29,"turns":5},{"damage":3,"enemies":"Sentry and Sphere","floor":31,"turns":4},{"damage":66,"enemies":"Champ","floor":33,"turns":14},{"damage":0,"enemies":"Orb Walker","floor":35,"turns":3},{"damage":0,"enemies":"3 Darklings","floor":38,"turns":4},{"damage":0,"enemies":"Sphere and 2 Shapes","floor":39,"turns":2},{"damage":0,"enemies":"Mind Bloom Boss Battle","floor":41,"turns":3},{"damage":0,"enemies":"Transient","floor":46,"turns":5},{"damage":0,"enemies":"Jaw Worm Horde","floor":48,"turns":2},{"damage":23,"enemies":"Awakened One","floor":50,"turns":16}],"seed_played":"-1226733948154647004","potions_obtained":[{"floor":5,"key":"SmokeBomb"},{"floor":7,"key":"PowerPotion"},{"floor":12,"key":"EssenceOfSteel"},{"floor":18,"key":"SkillPotion"},{"floor":33,"key":"AttackPotion"},{"floor":35,"key":"LiquidBronze"}],"is_trial":false,"path_per_floor":["M","T","?","?","M","R","M","E","T","T","R","M","$","?","R","B",null,"M","?","M","M","M","R","?","$","T","R","M","M","R","M","R","B",null,"M","$","?","M","M","R","?","R","T","?","?","M","R","M","R","B",null],"character_chosen":"DEFECT","items_purchased":["FearPotion","Lee\u0027s Waffle","Bronze Scales","Pen Nib","Nunchaku"],"campfire_rested":5,"item_purchase_floors":[13,25,25,36,36],"current_hp_per_floor":[66,66,55,60,60,60,60,53,53,53,53,53,53,53,53,37,73,42,14,13,6,6,27,27,80,80,80,79,79,79,76,76,10,80,80,80,80,80,80,80,80,80,80,80,80,80,80,80,80,57],"gold":160,"neow_bonus":"ONE_RARE_RELIC","is_prod":false,"is_daily":false,"chose_seed":false,"campfire_upgraded":6,"win_rate":0,"timestamp":1541730434,"path_taken":["M","?","?","?","M","R","M","E","T","?","R","M","$","?","R","BOSS","M","?","M","?","M","R","?","$","T","R","?","M","R","M","R","BOSS","M","$","?","M","M","R","?","R","T","?","?","M","R","?","R","BOSS"],"build_version":"2018-11-08","purchased_purges":0,"victory":true,"max_hp_per_floor":[68,68,68,73,73,73,73,73,73,73,73,73,73,73,73,73,73,73,73,73,73,73,73,73,80,80,80,80,80,80,80,80,80,80,80,80,80,80,80,80,80,80,80,80,80,80,80,80,80,80],"card_choices":[{"not_picked":["Gash","Steam Power"],"picked":"Hologram","floor":1},{"not_picked":["Darkness","Steam Power","Force Field"],"picked":"SKIP","floor":5},{"not_picked":["Consume","Turbo"],"picked":"Coolheaded","floor":7},{"not_picked":["Reboot","Reinforced Body"],"picked":"Conserve Battery","floor":8},{"not_picked":["Beam Cell","Conserve Battery"],"picked":"Hologram","floor":12},{"not_picked":["Barrage","Redo+1"],"picked":"Conserve Battery+1","floor":18},{"not_picked":["Defragment","Barrage"],"picked":"Conserve Battery","floor":20},{"not_picked":["FTL+1","Heatsinks"],"picked":"Compile Driver","floor":21},{"not_picked":["Glacier","Doom and Gloom","Sunder"],"picked":"SKIP","floor":22},{"not_picked":["Double Energy","Conserve Battery"],"picked":"Streamline+1","floor":28},{"not_picked":["Biased Cognition","Beam Cell","Doom and Gloom"],"picked":"SKIP","floor":29},{"not_picked":["Chill","Consume"],"picked":"Hologram+1","floor":31},{"not_picked":["Auto Shields+1","Hello World+1"],"picked":"Cold Snap","floor":35},{"not_picked":["Aggregate+1","White Noise+1","Reprogram+1"],"picked":"SKIP","floor":38},{"not_picked":["Beam Cell+1","Go for the Eyes"],"picked":"Streamline+1","floor":41},{"not_picked":["Doom and Gloom+1","Darkness+1","Turbo"],"picked":"SKIP","floor":46},{"not_picked":["Static Discharge+1","Fission","Hello World+1"],"picked":"SKIP","floor":48}],"player_experience":679174,"relics_obtained":[{"floor":2,"key":"Cables"},{"floor":8,"key":"Gremlin Horn"},{"floor":9,"key":"Blue Candle"},{"floor":10,"key":"Omamori"},{"floor":26,"key":"Dodecahedron"},{"floor":41,"key":"Dead Branch"},{"floor":43,"key":"Ancient Tea Set"}],"event_choices":[{"damage_healed":0,"gold_gain":75,"player_choice":"Gather Gold","damage_taken":11,"max_hp_gain":0,"max_hp_loss":0,"event_name":"World of Goop","floor":3,"gold_loss":0},{"damage_healed":0,"gold_gain":0,"player_choice":"Donut","damage_taken":0,"max_hp_gain":5,"max_hp_loss":0,"event_name":"Big Fish","floor":4,"gold_loss":0},{"damage_healed":0,"gold_gain":0,"player_choice":"2 cards matched","damage_taken":0,"max_hp_gain":0,"max_hp_loss":0,"event_name":"Match and Keep!","floor":14,"gold_loss":0,"cards_obtained":["Ball Lightning","Zap"]},{"damage_healed":0,"gold_gain":270,"player_choice":"GOLD GOLD GOLD ","damage_taken":28,"max_hp_gain":0,"max_hp_loss":0,"event_name":"Knowing Skull","floor":19,"potions_obtained":[],"gold_loss":0,"cards_obtained":[]},{"damage_healed":0,"gold_gain":0,"player_choice":"Rummage","damage_taken":0,"relics_obtained":["WarpedTongs"],"max_hp_gain":0,"max_hp_loss":0,"event_name":"Accursed Blacksmith","floor":24,"gold_loss":0,"cards_obtained":["Pain"]},{"damage_healed":0,"gold_gain":0,"player_choice":"Paid","damage_taken":0,"relics_obtained":["Red Mask"],"max_hp_gain":0,"max_hp_loss":0,"event_name":"Tomb of Lord Red Mask","floor":37,"gold_loss":31},{"damage_healed":0,"gold_gain":0,"player_choice":"Fight","damage_taken":0,"max_hp_gain":0,"max_hp_loss":0,"event_name":"MindBloom","floor":41,"gold_loss":0},{"cards_removed":["Strike_B"],"damage_healed":0,"gold_gain":0,"player_choice":"Removed Attack","damage_taken":0,"max_hp_gain":0,"max_hp_loss":0,"event_name":"Falling","floor":44,"gold_loss":0},{"cards_removed":["Strike_B"],"damage_healed":0,"gold_gain":0,"player_choice":"Purged","damage_taken":0,"max_hp_gain":0,"max_hp_loss":0,"event_name":"Purifier","floor":45,"gold_loss":0}],"is_beta":false,"boss_relics":[{"not_picked":["Nuclear Battery","Tiny House"],"picked":"Snecko Eye"},{"not_picked":["Busted Crown","Astrolabe"],"picked":"Fusion Hammer"}],"items_purged_floors":[],"is_endless":false,"potions_floor_spawned":[5,7,12,18,33,35,39],"ascension_level":0}