{"gold_per_floor":[218,36,54,54,69,69,84,84,154,72,72,72,83,102,102,197,197,209,61,73,73,90,90,90],"floor_reached":24,"playtime":1195,"items_purged":["Strike_B"],"score":260,"play_id":"5b4d8b67-f98d-4d4f-9181-772a22e616ae","local_time":"20180807142812","is_ascension_mode":true,"campfire_choices":[{"data":"Zap","floor":6,"key":"SMITH"},{"data":"Dualcast","floor":8,"key":"SMITH"},{"data":"Storm","floor":12,"key":"SMITH"},{"data":"Heatsinks","floor":15,"key":"SMITH"},{"floor":23,"key":"REST"}],"neow_cost":"NONE","seed_source_timestamp":1609179234979705,"circlet_count":0,"master_deck":["Strike_B","Strike_B","Strike_B","Defend_B","Defend_B","Defend_B","Defend_B","Zap+1","Dualcast+1","Conserve Battery","Storm+1","Hello World","Self Repair","Skim","Heatsinks+1","Amplify","Ball Lightning","Defragment","Capacitor","Leap+1"],"relics":["Cracked Core","Bronze Scales","Bottled Flame","Cursed Key"],"potions_floor_usage":[3,16,24,24],"damage_taken":[{"damage":2,"enemies":"Jaw Worm","floor":1,"turns":3},{"damage":1,"enemies":"Small Slimes","floor":3,"turns":3},{"damage":0,"enemies":"Cultist","floor":5,"turns":3},{"damage":1,"enemies":"Looter","floor":7,"turns":3},{"damage":2,"enemies":"Large Slime","floor":13,"turns":4},{"damage":7,"enemies":"Red Slaver","floor":14,"turns":3},{"damage":16,"enemies":"The Guardian","floor":16,"turns":11},{"damage":2,"enemies":"Chosen","floor":18,"turns":4},{"damage":32,"enemies":"2 Thieves","floor":20,"turns":3},{"damage":22,"enemies":"Centurion and Healer","floor":22,"turns":4},{"damage":51,"enemies":"Slavers","floor":24,"turns":3}],"seed_played":"2175839271973674553","potions_obtained":[{"floor":1,"key":"Fruit Juice"},{"floor":7,"key":"Poison Potion"},{"floor":16,"key":"Strength Potion"},{"floor":22,"key":"LiquidBronze"}],"is_trial":false,"path_per_floor":["M","$","M","?","M","R","M","R","T","$","$","R","M","M","R","B",null,"M","$","M","?","M","R"],"character_chosen":"DEFECT","items_purchased":["Bronze Scales","Storm","Self Repair","Defragment"],"campfire_rested":1,"item_purchase_floors":[2,2,10,19],"current_hp_per_floor":[73,73,77,82,82,82,81,81,81,81,81,81,85,78,78,69,81,85,85,53,37,22,49,0],"gold":90,"neow_bonus":"HUNDRED_GOLD","is_prod":false,"is_daily":false,"chose_seed":false,"campfire_upgraded":4,"win_rate":0,"timestamp":1533666492,"path_taken":["M","$","M","?","M","R","M","R","T","?","$","R","M","M","R","BOSS","M","$","M","?","?","R","E"],"build_version":"2018-08-02","purchased_purges":1,"victory":false,"max_hp_per_floor":[75,75,80,85,85,85,85,85,85,85,85,85,85,85,85,85,85,85,85,85,90,90,90,90],"card_choices":[{"not_picked":["BootSequence","Barrage"],"picked":"Conserve Battery","floor":1},{"not_picked":["Gash","Go for the Eyes","Lockon"],"picked":"SKIP","floor":3},{"not_picked":["Beam Cell","Turbo","Compile Driver"],"picked":"SKIP","floor":5},{"not_picked":["Streamline","Rebound"],"picked":"Hello World","floor":7},{"not_picked":["All For One","Steam"],"picked":"Skim","floor":13},{"not_picked":["Rebound","Consume"],"picked":"Heatsinks","floor":14},{"not_picked":["Reboot","Seek"],"picked":"Amplify","floor":16},{"not_picked":["Barrage+1","Beam Cell"],"picked":"Ball Lightning","floor":18},{"not_picked":["Storm","Ball Lightning+1"],"picked":"Capacitor","floor":20},{"not_picked":["Cold Snap","Sweeping Beam"],"picked":"Leap+1","floor":22}],"player_experience":200959,"relics_obtained":[{"floor":9,"key":"Bottled Flame"}],"event_choices":[{"event_name":"Big Fish","player_choice":"Donut","floor":4,"damage_taken":0},{"event_name":"Forgotten Altar","player_choice":"Shed Blood","floor":21,"damage_taken":0}],"is_beta":false,"boss_relics":[{"not_picked":["Calling Bell","Philosopher\u0027s Stone"],"picked":"Cursed Key"}],"items_purged_floors":[19],"is_endless":false,"potions_floor_spawned":[1,7,16,22],"killed_by":"Slavers","ascension_level":5}