{"gold_per_floor":[14,14,27,77,88,88,106,106,106,106,106,134,152,170,170,241,241,251,86,86,86,86,86,115,115,165,165,179,22,22,41,41,113,113,129,129,129,99,111,143,143,143,168,168,43,62,77,77,77,77,77,77,77,77,106,106],"floor_reached":56,"playtime":2510,"items_purged":["Strike_G","Strike_G","Defend_G"],"score":1932,"play_id":"1227871c-615f-485f-85c7-91f677e943ec","local_time":"20190818164225","is_ascension_mode":true,"campfire_choices":[{"data":"Deadly Poison","floor":6.0,"key":"SMITH"},{"data":"Neutralize","floor":8.0,"key":"SMITH"},{"data":"Bane","floor":10.0,"key":"SMITH"},{"data":"Terror","floor":15.0,"key":"SMITH"},{"data":"Calculated Gamble","floor":23.0,"key":"SMITH"},{"floor":25.0,"key":"REST"},{"data":"Catalyst","floor":30.0,"key":"SMITH"},{"data":"Tactician","floor":32.0,"key":"SMITH"},{"data":"Acrobatics","floor":44.0,"key":"SMITH"},{"floor":49.0,"key":"RECALL"},{"data":"Acrobatics","floor":53.0,"key":"SMITH"}],"neow_cost":"NO_GOLD","seed_source_timestamp":281981008287400,"circlet_count":0,"master_deck":["AscendersBane","Defend_G","Defend_G","Defend_G","Survivor","Neutralize+1","Bane+1","Tactician+1","Deadly Poison+1","Terror+1","After Image","Footwork+1","Dodge and Roll+1","Calculated Gamble+1","Catalyst+1","Escape Plan","Backflip","Acrobatics+1","Adrenaline","Acrobatics+1"],"special_seed":0,"relics":["Ring of the Snake","PreservedInsect","Vajra","Matryoshka","Astrolabe","Pen Nib","Regal Pillow","Juzu Bracelet","Calling Bell","Ancient Tea Set","Pantograph","Unceasing Top","Potion Belt","Art of War","Kunai"],"potions_floor_usage":[56],"damage_taken":[{"damage":1.0,"enemies":"Cultist","floor":1.0,"turns":3.0},{"damage":0.0,"enemies":"Jaw Worm","floor":3.0,"turns":3.0},{"damage":1.0,"enemies":"2 Louse","floor":5.0,"turns":3.0},{"damage":0.0,"enemies":"Exordium Wildlife","floor":7.0,"turns":4.0},{"damage":0.0,"enemies":"Gremlin Nob","floor":12.0,"turns":2.0},{"damage":0.0,"enemies":"2 Fungi Beasts","floor":13.0,"turns":2.0},{"damage":2.0,"enemies":"Red Slaver","floor":14.0,"turns":3.0},{"damage":7.0,"enemies":"Hexaghost","floor":16.0,"turns":9.0},{"damage":16.0,"enemies":"3 Byrds","floor":18.0,"turns":8.0},{"damage":27.0,"enemies":"Slavers","floor":24.0,"turns":9.0},{"damage":9.0,"enemies":"Chosen","floor":28.0,"turns":5.0},{"damage":12.0,"enemies":"Snake Plant","floor":31.0,"turns":4.0},{"damage":30.0,"enemies":"Automaton","floor":33.0,"turns":9.0},{"damage":0.0,"enemies":"3 Shapes","floor":35.0,"turns":6.0},{"damage":0.0,"enemies":"Orb Walker","floor":39.0,"turns":3.0},{"damage":48.0,"enemies":"Nemesis","floor":40.0,"turns":9.0},{"damage":0.0,"enemies":"3 Darklings","floor":46.0,"turns":6.0},{"damage":14.0,"enemies":"Sphere and 2 Shapes","floor":47.0,"turns":5.0},{"damage":29.0,"enemies":"Awakened One","floor":50.0,"turns":24.0},{"damage":38.0,"enemies":"Time Eater","floor":51.0,"turns":10.0},{"damage":0.0,"enemies":"Shield and Spear","floor":55.0,"turns":5.0},{"damage":82,"enemies":"The Heart","floor":56,"turns":5}],"seed_played":"-5750545586219522812","potions_obtained":[{"floor":3.0,"key":"FearPotion"},{"floor":12.0,"key":"SkillPotion"},{"floor":14.0,"key":"Swift Potion"},{"floor":24.0,"key":"FearPotion"},{"floor":31.0,"key":"Dexterity Potion"},{"floor":55.0,"key":"Regen Potion"}],"is_trial":false,"path_per_floor":["M","$","M","?","M","R","M","R","T","R","T","E","M","M","R","B",null,"M","$","?","?","?","R","E","R","T","?","M","$","R","M","R","B",null,"M","$","?","$","M","E","?","?","T","R","$","M","M","?","R","B","B",null,"R","$","E","B"],"character_chosen":"THE_SILENT","items_purchased":["Catalyst","Backflip","Acrobatics"],"campfire_rested":1,"item_purchase_floors":[19,29,38],"current_hp_per_floor":[58,58,58,58,57,57,57,57,57,57,57,57,57,55,55,48,62,46,46,46,46,28,28,1,22,22,81,72,72,72,60,60,30,68,68,68,68,68,68,20,66,66,66,66,66,66,52,66,66,37,24,56,56,56,56,0],"gold":106,"neow_bonus":"TRANSFORM_TWO_CARDS","is_prod":false,"is_daily":false,"chose_seed":false,"campfire_upgraded":9,"win_rate":0,"timestamp":1566117745,"path_taken":["M","$","M","?","?","R","?","R","T","R","?","E","M","M","R","BOSS","M","$","?","?","?","R","E","R","T","?","M","?","R","M","R","BOSS","M","$","?","$","M","E","?","?","T","R","$","M","M","?","R","BOSS","BOSS","R","$","E","BOSS"],"build_version":"2019-07-17","purchased_purges":3,"victory":false,"max_hp_per_floor":[66,66,66,66,66,66,66,66,66,66,66,66,66,66,66,66,66,66,66,66,66,71,71,71,71,71,81,81,81,81,81,81,81,81,81,81,81,81,81,81,66,66,66,66,66,66,66,66,66,66,66,66,66,66,66,66],"card_choices":[{"not_picked":["Slice","Dagger Spray","Predator"],"picked":"SKIP","floor":1.0},{"not_picked":["Underhanded Strike","Quick Slash"],"picked":"Tactician","floor":3.0},{"not_picked":["Dagger Spray","Tactician"],"picked":"Deadly Poison","floor":5.0},{"not_picked":["Deadly Poison","Sucker Punch","Flechettes"],"picked":"SKIP","floor":7.0},{"not_picked":["Dagger Throw","Dash","Predator"],"picked":"SKIP","floor":12.0},{"not_picked":["Dagger Throw","Dash","Predator"],"picked":"SKIP","floor":12.0},{"not_picked":["Dagger Throw","Dash","Predator"],"picked":"SKIP","floor":12.0},{"not_picked":["All Out Attack","Dagger Spray","Terror"],"picked":"SKIP","floor":13.0},{"not_picked":["All Out Attack","Dagger Spray"],"picked":"Terror","floor":13.0},{"not_picked":["Accuracy","Outmaneuver"],"picked":"Escape Plan","floor":14.0},{"not_picked":["Burst","Envenom"],"picked":"After Image","floor":16.0},{"not_picked":["Blur","Cloak And Dagger"],"picked":"Calculated Gamble","floor":18.0},{"not_picked":["Skewer","Sucker Punch+1"],"picked":"Escape Plan","floor":24.0},{"not_picked":["Crippling Poison","Predator","Deflect"],"picked":"SKIP","floor":28.0},{"not_picked":["Tactician","Prepared"],"picked":"Acrobatics","floor":31.0},{"not_picked":["A Thousand Cuts","Envenom"],"picked":"Adrenaline","floor":33.0},{"not_picked":["Expertise","Dash","PiercingWail"],"picked":"SKIP","floor":35.0},{"not_picked":["Deadly Poison","Choke+1","Backstab"],"picked":"SKIP","floor":39.0},{"not_picked":["PiercingWail+1","Dagger Spray","Heel Hook+1"],"picked":"SKIP","floor":40.0},{"not_picked":["Slice","Sucker Punch","Riddle With Holes"],"picked":"SKIP","floor":46.0},{"not_picked":["Bane+1","PiercingWail","Blade Dance"],"picked":"SKIP","floor":47.0},{"not_picked":["Flying Knee+1","Masterful Stab","Dash"],"picked":"SKIP","floor":55.0}],"player_experience":831411,"relics_obtained":[{"floor":9.0,"key":"PreservedInsect"},{"floor":11.0,"key":"Vajra"},{"floor":12.0,"key":"Matryoshka"},{"floor":24.0,"key":"Pen Nib"},{"floor":26.0,"key":"Regal Pillow"},{"floor":26.0,"key":"Juzu Bracelet"},{"floor":34.0,"key":"Ancient Tea Set"},{"floor":34.0,"key":"Pantograph"},{"floor":34.0,"key":"Unceasing Top"},{"floor":40.0,"key":"Potion Belt"},{"floor":43.0,"key":"Art of War"},{"floor":55.0,"key":"Kunai"}],"event_choices":[{"damage_healed":0.0,"max_hp_gain":0.0,"max_hp_loss":0.0,"gold_gain":50.0,"event_name":"Golden Shrine","player_choice":"Pray","floor":4.0,"gold_loss":0.0,"damage_taken":0.0},{"damage_healed":0.0,"max_hp_gain":0.0,"max_hp_loss":0.0,"gold_gain":0.0,"event_name":"The Mausoleum","player_choice":"Ignored","floor":20.0,"gold_loss":0.0,"damage_taken":0.0},{"cards_removed":["Strike_G"],"damage_healed":0.0,"max_hp_gain":0.0,"max_hp_loss":0.0,"gold_gain":0.0,"event_name":"Back to Basics","player_choice":"Elegance","floor":21.0,"gold_loss":0.0,"damage_taken":0.0},{"damage_healed":0.0,"max_hp_gain":5.0,"max_hp_loss":0.0,"gold_gain":0.0,"event_name":"Forgotten Altar","player_choice":"Shed Blood","floor":22.0,"gold_loss":0.0,"damage_taken":23.0},{"cards_removed":["A Thousand Cuts"],"damage_healed":49.0,"max_hp_gain":10.0,"max_hp_loss":0.0,"gold_gain":0.0,"event_name":"Bonfire Elementals","player_choice":"Offered Rare","floor":27.0,"gold_loss":0.0,"damage_taken":0.0},{"damage_healed":0.0,"max_hp_gain":0.0,"max_hp_loss":0.0,"gold_gain":0.0,"event_name":"Mysterious Sphere","player_choice":"Ignored","floor":37.0,"gold_loss":0.0,"damage_taken":0.0},{"damage_healed":66.0,"max_hp_gain":0.0,"max_hp_loss":15.0,"gold_gain":0.0,"event_name":"The Moai Head","player_choice":"Heal","floor":41.0,"gold_loss":0.0,"damage_taken":0.0},{"damage_healed":0.0,"max_hp_gain":0.0,"max_hp_loss":0.0,"gold_gain":0.0,"event_name":"Tomb of Lord Red Mask","player_choice":"Ignored","floor":42.0,"gold_loss":0.0,"damage_taken":0.0},{"damage_healed":14.0,"max_hp_gain":0.0,"max_hp_loss":0.0,"gold_gain":0.0,"event_name":"Wheel of Change","player_choice":"Full Heal","floor":48.0,"gold_loss":0.0,"damage_taken":0.0}],"is_beta":false,"boss_relics":[{"not_picked":["Black Star","Coffee Dripper"],"picked":"Astrolabe"},{"not_picked":["Runic Dome","Velvet Choker"],"picked":"Calling Bell"}],"items_purged_floors":[19,29,45],"is_endless":false,"potions_floor_spawned":[3,12,13,14,24,31,35,55],"killed_by":"The Heart","ascension_level":20}