{"gold_per_floor":[113,113,113,73,87,122,138,138,163,179,209,221,221,240,240,315,315,334,8,23,35,35],"floor_reached":22,"playtime":468,"items_purged":["Strike_G"],"score":426,"play_id":"c2dd96c9-9ea7-4587-b3e0-39f9bc1f7a13","local_time":"20190816141939","is_ascension_mode":true,"campfire_choices":[{"data":"Well Laid Plans","floor":8.0,"key":"SMITH"},{"data":"Blade Dance","floor":15.0,"key":"SMITH"}],"neow_cost":"NONE","seed_source_timestamp":104454097848200,"circlet_count":0,"master_deck":["AscendersBane","Strike_G","Defend_G","Defend_G","Defend_G","Defend_G","Defend_G","Survivor","Neutralize+1","Catalyst","Slice","Well Laid Plans+1","Backstab","Choke","Blade Dance+1","Night Terror","Catalyst+1","Apotheosis"],"special_seed":0,"relics":["Ring of the Snake","NeowsBlessing","Bag of Marbles","Bronze Scales","Paper Crane","Empty Cage"],"potions_floor_usage":[],"damage_taken":[{"damage":0.0,"enemies":"2 Louse","floor":1.0,"turns":1.0},{"damage":0.0,"enemies":"Jaw Worm","floor":5.0,"turns":1.0},{"damage":0.0,"enemies":"Gremlin Nob","floor":6.0,"turns":1.0},{"damage":0.0,"enemies":"Cultist","floor":7.0,"turns":4.0},{"damage":0.0,"enemies":"Blue Slaver","floor":10.0,"turns":2.0},{"damage":0.0,"enemies":"Large Slime","floor":12.0,"turns":4.0},{"damage":1.0,"enemies":"Looter","floor":14.0,"turns":2.0},{"damage":20.0,"enemies":"Hexaghost","floor":16.0,"turns":9.0},{"damage":14.0,"enemies":"2 Thieves","floor":18.0,"turns":4.0},{"damage":7.0,"enemies":"Spheric Guardian","floor":20.0,"turns":5.0},{"damage":17,"enemies":"Cultist and Chosen","floor":21,"turns":5},{"damage":17,"enemies":"Sentry and Sphere","floor":22,"turns":5}],"seed_played":"2734312649377405999","potions_obtained":[{"floor":1.0,"key":"SteroidPotion"},{"floor":6.0,"key":"Block Potion"},{"floor":12.0,"key":"FearPotion"}],"is_trial":false,"path_per_floor":["M","?","?","$","M","E","M","R","T","M","?","M","T","M","R","B",null,"M","$","M","M","M"],"character_chosen":"THE_SILENT","items_purchased":["Well Laid Plans","Apotheosis","Block Potion"],"campfire_rested":0,"item_purchase_floors":[4,19,19],"current_hp_per_floor":[59,59,59,59,59,59,59,59,59,59,59,59,59,58,58,38,59,45,45,38,21,4],"gold":35,"neow_bonus":"THREE_ENEMY_KILL","is_prod":false,"is_daily":false,"chose_seed":false,"campfire_upgraded":2,"win_rate":0,"timestamp":1565936379,"path_taken":["M","?","?","$","M","E","?","R","T","M","?","M","?","M","R","BOSS","M","$","M","M","M"],"build_version":"2019-07-17","purchased_purges":1,"victory":false,"max_hp_per_floor":[66,66,66,66,66,66,66,66,66,66,66,66,66,66,66,66,66,66,66,66,66,66],"card_choices":[{"not_picked":["Expertise","Caltrops"],"picked":"Catalyst","floor":1.0},{"not_picked":["Slice","Caltrops","Dodge and Roll"],"picked":"SKIP","floor":5.0},{"not_picked":["Blade Dance","Acrobatics","Sucker Punch"],"picked":"SKIP","floor":6.0},{"not_picked":["Skewer","Riddle With Holes"],"picked":"Backstab","floor":7.0},{"not_picked":["Dagger Throw","Flechettes","Choke"],"picked":"SKIP","floor":10.0},{"not_picked":["Dagger Throw","Flechettes"],"picked":"Choke","floor":10.0},{"not_picked":["Accuracy","Underhanded Strike","Flying Knee"],"picked":"SKIP","floor":12.0},{"not_picked":["Dagger Spray","Well Laid Plans"],"picked":"Blade Dance","floor":14.0},{"not_picked":["Die Die Die","Storm of Steel"],"picked":"Night Terror","floor":16.0},{"not_picked":["Slice","Dodge and Roll"],"picked":"Catalyst+1","floor":18.0},{"not_picked":["Predator","Bane","Sucker Punch+1"],"picked":"SKIP","floor":20.0},{"not_picked":["Prepared","PiercingWail+1","Dodge and Roll"],"picked":"SKIP","floor":21}],"player_experience":808168,"relics_obtained":[{"floor":6.0,"key":"Bag of Marbles"},{"floor":9.0,"key":"Bronze Scales"},{"floor":13.0,"key":"Paper Crane"}],"event_choices":[{"damage_healed":0.0,"max_hp_gain":0.0,"max_hp_loss":0.0,"gold_gain":0.0,"cards_transformed":["Strike_G"],"event_name":"Living Wall","player_choice":"Change","floor":2.0,"gold_loss":0.0,"damage_taken":0.0,"cards_obtained":["Slice"]},{"damage_healed":0.0,"max_hp_gain":0.0,"max_hp_loss":0.0,"gold_gain":0.0,"event_name":"Accursed Blacksmith","player_choice":"Forge","floor":3.0,"gold_loss":0.0,"damage_taken":0.0,"cards_upgraded":["Neutralize"]},{"damage_healed":0.0,"max_hp_gain":0.0,"max_hp_loss":0.0,"gold_gain":30.0,"event_name":"Dead Adventurer","player_choice":"Searched \u00272\u0027 times","floor":11.0,"gold_loss":0.0,"damage_taken":0.0}],"is_beta":false,"boss_relics":[{"not_picked":["Ring of the Serpent","Black Star"],"picked":"Empty Cage"}],"items_purged_floors":[19],"is_endless":false,"potions_floor_spawned":[1,6,10,12],"killed_by":"Sentry and Sphere","ascension_level":20}