{"gold_per_floor":[114,12,27,42,57,57,57,57,57,65,80,95,147,177,177,277,277,292,307,307,307,322,322,337,337,362,392,88,103,118,118,118,218,218,233,248,263,278,108,108,138,153,178,178,178,193,153,168,168,168],"floor_reached":51,"playtime":5672,"items_purged":["Strike_B","Strike_B","Defend_B"],"score":703,"play_id":"b68a4234-4d2c-432c-b62b-67b5c498f3f7","local_time":"20180718021448","daily_mods":["Heirloom","Uncertain Future","Binary"],"is_ascension_mode":false,"campfire_choices":[{"data":"Ball Lightning","floor":6,"key":"SMITH"},{"data":"Steam","floor":8,"key":"SMITH"},{"data":"Conserve Battery","floor":15,"key":"SMITH"},{"data":"Machine Learning","floor":23,"key":"SMITH"},{"data":"Buffer","floor":25,"key":"SMITH"},{"floor":32,"key":"REST"},{"data":"Double Energy","floor":40,"key":"SMITH"},{"data":"Dualcast","floor":45,"key":"SMITH"},{"floor":49,"key":"REST"}],"neow_cost":"","seed_source_timestamp":0,"circlet_count":0,"master_deck":["Strike_B+1","Strike_B+1","Defend_B","Defend_B","Defend_B","Zap+1","Dualcast+1","Ball Lightning+1","BootSequence","Steam+1","Skim","Double Energy+1","Conserve Battery+1","Seek+1","Buffer+1","Turbo+1","Machine Learning+1","Panacea+1","Panache+1","Redo+1","All For One","Ball Lightning","Steam+1","Redo+1","Conserve Battery+1","Trip+1","Trip+1","Jack Of All Trades+1"],"special_seed":17730,"relics":["Cracked Core","Unceasing Top","Whetstone","Odd Mushroom","Bronze Scales","Toxic Egg 2","Nuclear Battery","Anchor","Vajra","Inserter","Juzu Bracelet","Boot"],"potions_floor_usage":[13,13,16,16,24,27,33,41,41,41,42,50,50,50],"damage_taken":[{"damage":3,"enemies":"Small Slimes","floor":1,"turns":3},{"damage":3,"enemies":"2 Louse","floor":3,"turns":3},{"damage":1,"enemies":"Jaw Worm","floor":4,"turns":3},{"damage":4,"enemies":"Blue Slaver","floor":5,"turns":4},{"damage":2,"floor":10,"turns":4},{"damage":2,"enemies":"Large Slime","floor":11,"turns":4},{"damage":0,"enemies":"3 Louse","floor":12,"turns":3},{"damage":15,"enemies":"3 Sentries","floor":13,"turns":5},{"damage":7,"enemies":"3 Sentries","floor":14,"turns":5},{"damage":13,"enemies":"The Guardian","floor":16,"turns":8},{"damage":0,"enemies":"Shell Parasite","floor":18,"turns":4},{"damage":2,"enemies":"2 Thieves","floor":19,"turns":3},{"damage":1,"enemies":"Snake Plant","floor":22,"turns":4},{"damage":0,"enemies":"3 Cultists","floor":24,"turns":4},{"damage":40,"enemies":"Gremlin Leader","floor":27,"turns":8},{"damage":0,"enemies":"Snecko","floor":29,"turns":4},{"damage":0,"enemies":"Centurion and Healer","floor":30,"turns":3},{"damage":2,"enemies":"Champ","floor":33,"turns":9},{"damage":0,"enemies":"3 Darklings","floor":35,"turns":2},{"damage":15,"enemies":"Orb Walker","floor":36,"turns":3},{"damage":0,"enemies":"4 Shapes","floor":37,"turns":3},{"damage":0,"enemies":"Spire Growth","floor":38,"turns":2},{"damage":0,"enemies":"Nemesis","floor":41,"turns":7},{"damage":0,"enemies":"Transient","floor":42,"turns":5},{"damage":0,"enemies":"Sphere and 2 Shapes","floor":46,"turns":3},{"damage":0,"enemies":"4 Shapes","floor":48,"turns":5},{"damage":59,"enemies":"Time Eater","floor":50,"turns":9}],"seed_played":"-3893125077617489196","potions_obtained":[{"floor":1,"key":"Regen Potion"},{"floor":5,"key":"Poison Potion"},{"floor":11,"key":"SkillPotion"},{"floor":13,"key":"EssenceOfSteel"},{"floor":14,"key":"SpeedPotion"},{"floor":16,"key":"FearPotion"},{"floor":18,"key":"Dexterity Potion"},{"floor":19,"key":"Dexterity Potion"},{"floor":22,"key":"Regen Potion"},{"floor":33,"key":"Dexterity Potion"},{"floor":35,"key":"LiquidBronze"},{"floor":38,"key":"Poison Potion"},{"floor":41,"key":"FocusPotion"},{"floor":47,"key":"LiquidBronze"},{"floor":47,"key":"FearPotion"},{"floor":47,"key":"Dexterity Potion"},{"floor":48,"key":"PowerPotion"}],"is_trial":false,"path_per_floor":["M","$","M","M","M","R","?","R","T","?","M","M","?","E","R","B",null,"M","M","?","?","M","R","M","R","T","E","$","M","M","?","R","B",null,"M","M","M","M","$","R","E","M","T","?","R","M","?","M","R","B"],"character_chosen":"DEFECT","items_purchased":["Ball Lightning","Panache","Redo+1"],"campfire_rested":2,"item_purchase_floors":[2,28,39],"current_hp_per_floor":[72,72,69,68,64,64,64,64,64,62,60,60,59,52,52,39,75,75,73,59,59,58,58,70,70,70,30,30,30,30,30,54,52,80,80,65,65,65,65,65,65,65,65,55,55,55,55,55,79,20],"gold":168,"neow_bonus":"","is_prod":false,"is_daily":true,"chose_seed":false,"campfire_upgraded":7,"win_rate":0,"timestamp":1531894488,"path_taken":["M","$","M","M","M","R","?","R","T","?","M","M","?","E","R","BOSS","M","M","?","?","M","R","M","R","T","E","$","M","M","?","R","BOSS","M","M","M","?","$","R","E","M","T","?","R","M","?","M","R","BOSS"],"build_version":"2018-07-12","purchased_purges":3,"victory":true,"max_hp_per_floor":[75,75,75,75,75,75,75,75,75,75,75,75,75,75,75,75,75,75,75,80,80,80,80,80,80,80,80,80,80,80,80,80,80,80,80,80,80,80,80,80,80,80,80,80,80,80,80,80,80,80],"card_choices":[{"not_picked":["Darkness","Recycle"],"picked":"SKIP","floor":1},{"not_picked":["Heatsinks","Gash"],"picked":"SKIP","floor":3},{"not_picked":["Gash"],"picked":"BootSequence","floor":4},{"not_picked":["Gash"],"picked":"Steam","floor":5},{"not_picked":["Self Repair"],"picked":"Skim","floor":10},{"not_picked":["Reprogram"],"picked":"Double Energy","floor":11},{"not_picked":["Redo"],"picked":"Conserve Battery","floor":12},{"not_picked":["Beam Cell"],"picked":"Seek","floor":14},{"not_picked":["Meteor Strike"],"picked":"Buffer","floor":16},{"not_picked":["Loop"],"picked":"Turbo+1","floor":18},{"not_picked":["Cold Snap","Sweeping Beam"],"picked":"SKIP","floor":19},{"not_picked":["Streamline+1","Leap+1"],"picked":"SKIP","floor":22},{"not_picked":["Recycle+1","Darkness+1"],"picked":"SKIP","floor":24},{"not_picked":["Consume+1","Recycle+1"],"picked":"SKIP","floor":27},{"not_picked":["Static Discharge"],"picked":"Redo+1","floor":29},{"not_picked":["Blizzard","Sweeping Beam"],"picked":"SKIP","floor":30},{"not_picked":["Machine Learning"],"picked":"All For One","floor":33},{"not_picked":["Darkness+1"],"picked":"Ball Lightning","floor":35},{"not_picked":["Leap+1"],"picked":"Steam+1","floor":36},{"not_picked":["Cold Snap+1","Rebound"],"picked":"SKIP","floor":37},{"not_picked":["Cold Snap","Sweeping Beam"],"picked":"SKIP","floor":38},{"not_picked":["Auto Shields+1","Genetic Algorithm+1"],"picked":"SKIP","floor":41},{"not_picked":["Glacier+1"],"picked":"Conserve Battery+1","floor":42},{"not_picked":["Bandage Up+1"],"picked":"Trip+1","floor":44},{"not_picked":["Mind Blast"],"picked":"Trip+1","floor":44},{"not_picked":["Panacea+1"],"picked":"Jack Of All Trades+1","floor":44},{"not_picked":["Streamline+1","Turbo+1"],"picked":"SKIP","floor":46},{"not_picked":["Compile Driver+1","Rebound"],"picked":"SKIP","floor":48}],"player_experience":109921,"relics_obtained":[{"floor":9,"key":"Whetstone"},{"floor":10,"key":"Odd Mushroom"},{"floor":13,"key":"Bronze Scales"},{"floor":14,"key":"Toxic Egg 2"},{"floor":26,"key":"Anchor"},{"floor":27,"key":"Vajra"},{"floor":41,"key":"Juzu Bracelet"},{"floor":43,"key":"Boot"}],"event_choices":[{"event_name":"Living Wall","player_choice":"Grow","floor":7,"damage_taken":0},{"event_name":"Mushrooms","player_choice":"Fought Mushrooms","floor":10,"damage_taken":0},{"event_name":"Dead Adventurer","player_choice":"Searched \u00271\u0027 times","floor":13,"damage_taken":0},{"event_name":"Forgotten Altar","player_choice":"Shed Blood","floor":20,"damage_taken":0},{"event_name":"Match and Keep!","player_choice":"2 cards matched","floor":21,"damage_taken":0},{"event_name":"Upgrade Shrine","player_choice":"Upgraded","floor":31,"damage_taken":0},{"event_name":"SensoryStone","player_choice":"Memory 3","floor":44,"damage_taken":0},{"event_name":"The Woman in Blue","player_choice":"Bought 3 Potions","floor":47,"damage_taken":0}],"boss_relics":[{"not_picked":["Runic Pyramid","Coffee Dripper"],"picked":"Nuclear Battery"},{"not_picked":["Black Star","Velvet Choker"],"picked":"Inserter"}],"items_purged_floors":[2,28,39],"is_endless":false,"potions_floor_spawned":[1,5,11,13,14,16,18,19,22,33,35,38,41,48],"ascension_level":0}