{"gold_per_floor":[111,111,111,9,27,57,57,83,83,83,102,102,82,97,97,170,170,188,188,203,163,163,163,188,188,188,188,207,257,257,271,271,342,342,358,358,370,386,402,434,434,464,489,504,504,532,206,220,220,220,220,220,220,0,32,32],"floor_reached":57,"playtime":2332,"items_purged":["Choke+1"],"score":3186,"play_id":"c22f0213-07c4-4a69-8c30-9464ba0e07bf","local_time":"20190818123531","is_ascension_mode":true,"campfire_choices":[{"data":"Blade Dance","floor":7.0,"key":"SMITH"},{"data":"Accuracy","floor":10.0,"key":"SMITH"},{"data":"Choke","floor":12.0,"key":"SMITH"},{"data":"Neutralize","floor":15.0,"key":"SMITH"},{"data":"Tactician","floor":23.0,"key":"SMITH"},{"data":"Accuracy","floor":27.0,"key":"SMITH"},{"data":"Cloak And Dagger","floor":32.0,"key":"SMITH"},{"floor":41.0,"key":"RECALL"},{"data":"Neutralize","floor":45.0,"key":"SMITH"},{"data":"Ghostly","floor":49.0,"key":"SMITH"},{"data":"Ghostly","floor":53,"key":"SMITH"}],"neow_cost":"NONE","seed_source_timestamp":0,"circlet_count":0,"master_deck":["AscendersBane","Survivor","Neutralize+1","Blade Dance+1","Accuracy+1","Tactician+1","Escape Plan","Cloak And Dagger+1","Accuracy+1","Ghostly+1","Ghostly+1","Ghostly","Backflip","Cloak And Dagger+1","Neutralize+1","Calculated Gamble+1","Acrobatics+1","After Image"],"special_seed":0,"relics":["Ring of the Snake","NeowsBlessing","Meat on the Bone","Ornamental Fan","Pandora\u0027s Box","Omamori","Kunai","MutagenicStrength","Black Star","Vajra","Pear","Nunchaku","Bottled Lightning","Happy Flower","Anchor","Gremlin Horn","Bag of Preparation","OrangePellets","Strawberry","Shuriken"],"potions_floor_usage":[56,56],"damage_taken":[{"damage":0.0,"enemies":"Small Slimes","floor":1.0,"turns":2.0},{"damage":0.0,"enemies":"Jaw Worm","floor":5.0,"turns":1.0},{"damage":0.0,"enemies":"3 Sentries","floor":6.0,"turns":2.0},{"damage":29.0,"enemies":"Lagavulin","floor":8.0,"turns":9.0},{"damage":6.0,"enemies":"Cultist","floor":11.0,"turns":3.0},{"damage":1.0,"enemies":"3 Louse","floor":14.0,"turns":4.0},{"damage":25.0,"enemies":"Hexaghost","floor":16.0,"turns":11.0},{"damage":0.0,"enemies":"Spheric Guardian","floor":18.0,"turns":3.0},{"damage":5.0,"enemies":"Chosen","floor":20.0,"turns":3.0},{"damage":11.0,"enemies":"Gremlin Leader","floor":24.0,"turns":5.0},{"damage":9.0,"enemies":"Sentry and Sphere","floor":28.0,"turns":4.0},{"damage":0.0,"enemies":"3 Cultists","floor":31.0,"turns":4.0},{"damage":0.0,"enemies":"Champ","floor":33.0,"turns":8.0},{"damage":0.0,"enemies":"Orb Walker","floor":35.0,"turns":4.0},{"damage":0.0,"enemies":"3 Darklings","floor":37.0,"turns":5.0},{"damage":0.0,"enemies":"Sphere and 2 Shapes","floor":38.0,"turns":5.0},{"damage":0.0,"enemies":"Writhing Mass","floor":39.0,"turns":7.0},{"damage":0.0,"enemies":"Reptomancer","floor":40.0,"turns":6.0},{"damage":0.0,"enemies":"Nemesis","floor":42.0,"turns":7.0},{"damage":0.0,"enemies":"Jaw Worm Horde","floor":44.0,"turns":3.0},{"damage":0.0,"enemies":"Reptomancer","floor":46.0,"turns":2.0},{"damage":1.0,"enemies":"Transient","floor":48.0,"turns":6.0},{"damage":5,"enemies":"Time Eater","floor":50,"turns":11},{"damage":0,"enemies":"Awakened One","floor":51,"turns":8},{"damage":0,"enemies":"Shield and Spear","floor":55,"turns":5},{"damage":10,"enemies":"The Heart","floor":56,"turns":9}],"seed_played":"-6241634518342569260","potions_obtained":[{"floor":5.0,"key":"Poison Potion"},{"floor":11.0,"key":"Weak Potion"},{"floor":13.0,"key":"EntropicBrew"},{"floor":16.0,"key":"Weak Potion"},{"floor":24.0,"key":"EssenceOfSteel"},{"floor":33.0,"key":"Swift Potion"},{"floor":55,"key":"GhostInAJar"}],"is_trial":false,"path_per_floor":["M","?","?","$","M","E","R","E","T","R","M","R","?","M","R","B",null,"M","$","M","$","?","R","E","?","T","R","M","?","?","M","R","B",null,"M","?","M","M","M","E","R","E","T","M","R","E","$","M","R","B","B",null,"R","$","E","B",null],"character_chosen":"THE_SILENT","items_purchased":["Blade Dance","Accuracy","Accuracy","Bag of Preparation","GhostInAJar","OrangePellets"],"campfire_rested":0,"item_purchase_floors":[4,4,21,47,47,54],"current_hp_per_floor":[59,52,52,52,52,52,52,35,35,35,41,41,41,40,40,27,56,56,56,51,51,33,33,22,43,43,43,34,34,34,34,34,34,41,41,41,41,41,41,51,51,51,51,51,51,51,51,50,50,45,45,51,51,51,58,48],"gold":32,"neow_bonus":"THREE_ENEMY_KILL","is_prod":false,"is_daily":false,"chose_seed":false,"campfire_upgraded":10,"win_rate":0,"timestamp":1566102931,"path_taken":["M","?","?","$","M","E","R","E","T","R","?","R","?","?","R","BOSS","M","$","M","$","?","R","E","?","T","R","?","?","?","M","R","BOSS","M","?","M","M","?","E","R","E","T","M","R","E","$","M","R","BOSS","BOSS","R","$","E","BOSS"],"build_version":"2019-07-17","purchased_purges":1,"victory":true,"max_hp_per_floor":[66,66,66,66,66,66,66,66,66,66,66,66,66,66,66,66,66,66,66,66,66,33,33,33,43,43,43,43,43,43,43,43,43,43,43,43,43,43,43,53,53,53,53,53,53,53,53,53,53,53,53,53,53,53,60,60],"card_choices":[{"not_picked":["Dodge and Roll","Outmaneuver","Riddle With Holes"],"picked":"SKIP","floor":1.0},{"not_picked":["Footwork","Expertise"],"picked":"Choke","floor":5.0},{"not_picked":["Sucker Punch","Bane"],"picked":"Tactician","floor":6.0},{"not_picked":["Finisher","Skewer","Choke"],"picked":"SKIP","floor":8.0},{"not_picked":["Sucker Punch","Flying Knee"],"picked":"Escape Plan","floor":11.0},{"not_picked":["Expertise","Prepared","Venomology"],"picked":"SKIP","floor":14.0},{"not_picked":["Malaise","Venomology"],"picked":"Night Terror","floor":16.0},{"not_picked":["Prepared","Bane","Deadly Poison"],"picked":"SKIP","floor":18.0},{"not_picked":["Die Die Die","Catalyst"],"picked":"Cloak And Dagger+1","floor":20.0},{"not_picked":["Prepared","Dodge and Roll","Slice"],"picked":"SKIP","floor":24.0},{"not_picked":["Poisoned Stab","PiercingWail"],"picked":"Backflip","floor":28.0},{"not_picked":["Underhanded Strike","Quick Slash"],"picked":"Cloak And Dagger","floor":31.0},{"not_picked":["Quick Slash","Dagger Throw+1","Flying Knee"],"picked":"SKIP","floor":35.0},{"not_picked":["Caltrops","Catalyst+1"],"picked":"Calculated Gamble+1","floor":37.0},{"not_picked":["Catalyst","PiercingWail+1","Dash"],"picked":"SKIP","floor":38.0},{"not_picked":["Dodge and Roll","Concentrate","Noxious Fumes"],"picked":"SKIP","floor":39.0},{"not_picked":["Poisoned Stab","Accuracy","Deflect"],"picked":"SKIP","floor":40.0},{"not_picked":["Prepared","Footwork"],"picked":"Acrobatics+1","floor":42.0},{"not_picked":["Bouncing Flask","Endless Agony","Quick Slash"],"picked":"SKIP","floor":44.0},{"not_picked":["Sucker Punch","Tactician"],"picked":"After Image","floor":46.0},{"not_picked":["Heel Hook+1","Quick Slash","Slice"],"picked":"SKIP","floor":48.0},{"not_picked":["Catalyst","Burst","Dagger Throw"],"picked":"SKIP","floor":55}],"player_experience":826181,"relics_obtained":[{"floor":6.0,"key":"Meat on the Bone"},{"floor":8.0,"key":"Ornamental Fan"},{"floor":24.0,"key":"Omamori"},{"floor":26.0,"key":"Kunai"},{"floor":40.0,"key":"Vajra"},{"floor":40.0,"key":"Pear"},{"floor":42.0,"key":"Nunchaku"},{"floor":42.0,"key":"Bottled Lightning"},{"floor":43.0,"key":"Happy Flower"},{"floor":46.0,"key":"Anchor"},{"floor":46.0,"key":"Gremlin Horn"},{"floor":55,"key":"Strawberry"},{"floor":55,"key":"Shuriken"}],"event_choices":[{"cards_removed":["Strike_G"],"damage_healed":0.0,"max_hp_gain":0.0,"max_hp_loss":0.0,"gold_gain":0.0,"event_name":"Golden Wing","player_choice":"Card Removal","floor":2.0,"gold_loss":0.0,"damage_taken":7.0},{"cards_removed":["Strike_G"],"damage_healed":0.0,"max_hp_gain":0.0,"max_hp_loss":0.0,"gold_gain":0.0,"event_name":"Purifier","player_choice":"Purged","floor":3.0,"gold_loss":0.0,"damage_taken":0.0},{"damage_healed":0.0,"max_hp_gain":0.0,"max_hp_loss":0.0,"gold_gain":0.0,"event_name":"The Woman in Blue","player_choice":"Bought 1 Potion","floor":13.0,"gold_loss":0.0,"damage_taken":0.0},{"damage_healed":0.0,"max_hp_gain":0.0,"max_hp_loss":33.0,"gold_gain":0.0,"event_name":"Ghosts","player_choice":"Became a Ghost","floor":22.0,"gold_loss":0.0,"damage_taken":0.0,"cards_obtained":["Ghostly","Ghostly","Ghostly"]},{"cards_removed":["Night Terror"],"damage_healed":11.0,"max_hp_gain":10.0,"max_hp_loss":0.0,"gold_gain":0.0,"event_name":"Bonfire Elementals","player_choice":"Offered Rare","floor":25.0,"gold_loss":0.0,"damage_taken":0.0},{"damage_healed":0.0,"max_hp_gain":0.0,"max_hp_loss":0.0,"gold_gain":50.0,"event_name":"Nest","player_choice":"Stole From Cult","floor":29.0,"gold_loss":0.0,"damage_taken":0.0},{"damage_healed":0.0,"max_hp_gain":0.0,"max_hp_loss":0.0,"gold_gain":0.0,"event_name":"Drug Dealer","player_choice":"Inject Mutagens","floor":30.0,"gold_loss":0.0,"damage_taken":0.0,"relics_obtained":["MutagenicStrength"]},{"damage_healed":0.0,"max_hp_gain":0.0,"max_hp_loss":0.0,"gold_gain":0.0,"event_name":"Match and Keep!","player_choice":"1 cards matched","floor":36.0,"gold_loss":0.0,"damage_taken":0.0,"cards_obtained":["Neutralize"]}],"is_beta":false,"boss_relics":[{"not_picked":["Snecko Eye","Ring of the Serpent"],"picked":"Pandora\u0027s Box"},{"not_picked":["Empty Cage","White Beast Statue"],"picked":"Black Star"}],"items_purged_floors":[47],"is_endless":false,"potions_floor_spawned":[5,11,14,16,24,31,33,35,37,39,42,55],"ascension_level":20}