{"gold_per_floor":[119,139,139,157,157,157,192,192,243,243,13,13,40,52,52,150,150,165,90,90,109,109,124,124],"floor_reached":24,"playtime":919,"items_purged":[],"score":262,"play_id":"f4cc7a17-0a0d-4fb5-a7af-830964842425","local_time":"20180904162827","is_ascension_mode":true,"campfire_choices":[{"floor":6,"key":"REST"},{"floor":10,"key":"REST"},{"floor":12,"key":"REST"},{"floor":15,"key":"REST"}],"neow_cost":"NONE","seed_source_timestamp":881147202953719,"circlet_count":0,"master_deck":["Strike_B","Strike_B","Strike_B","Defend_B","Defend_B","Defend_B","Defend_B","Zap+1","Dualcast","Loop+1","Force Field","Ball Lightning","Storm","FTL","Seek","FTL","Capacitor"],"relics":["Cracked Core","Juzu Bracelet","Matryoshka","Potion Belt","Strawberry","Blood Vial","Art of War","Orichalcum","Cursed Key","Nilry\u0027s Codex"],"potions_floor_usage":[7,16,18,24],"damage_taken":[{"damage":0,"enemies":"Small Slimes","floor":1,"turns":2},{"damage":1,"enemies":"Cultist","floor":2,"turns":3},{"damage":9,"enemies":"2 Louse","floor":4,"turns":3},{"damage":27,"enemies":"Gremlin Nob","floor":7,"turns":5},{"damage":8,"enemies":"Blue Slaver","floor":14,"turns":4},{"damage":44,"enemies":"Hexaghost","floor":16,"turns":9},{"damage":0,"enemies":"Spheric Guardian","floor":18,"turns":3},{"damage":7,"enemies":"Chosen","floor":21,"turns":4},{"damage":27,"enemies":"Snecko","floor":23,"turns":5},{"damage":27,"enemies":"Slavers","floor":24,"turns":3}],"seed_played":"2752425149432632360","potions_obtained":[{"floor":1,"key":"Weak Potion"},{"floor":7,"key":"Poison Potion"},{"floor":14,"key":"Fire Potion"},{"floor":16,"key":"Ancient Potion"},{"floor":21,"key":"FairyPotion"},{"floor":23,"key":"Block Potion"}],"is_trial":false,"path_per_floor":["M","M","?","M","?","R","E","?","T","R","$","R","T","M","R","B",null,"M","?","?","M","?","M"],"character_chosen":"DEFECT","items_purchased":["Storm","Blood Vial"],"campfire_rested":4,"item_purchase_floors":[11,11],"current_hp_per_floor":[68,67,67,58,6,28,1,1,8,32,32,56,56,50,74,32,70,72,72,56,51,35,10,0],"gold":124,"neow_bonus":"UPGRADE_CARD","is_prod":false,"is_daily":false,"chose_seed":false,"campfire_upgraded":0,"win_rate":0,"timestamp":1536092907,"path_taken":["M","M","?","M","?","R","E","?","T","R","$","R","?","M","R","BOSS","M","?","?","M","?","M","E"],"build_version":"2018-08-30","purchased_purges":0,"victory":false,"max_hp_per_floor":[75,75,75,75,75,75,75,75,82,82,82,82,82,82,82,82,82,82,82,82,82,87,87,87],"card_choices":[{"not_picked":["Aggregate","Barrage","Cold Snap"],"picked":"SKIP","floor":1},{"not_picked":["Leap","Turbo"],"picked":"Loop","floor":2},{"not_picked":["Stack","Redo"],"picked":"Force Field","floor":4},{"not_picked":["Steam","Reprogram"],"picked":"Ball Lightning","floor":7},{"not_picked":["Streamline","Chaos"],"picked":"FTL","floor":14},{"not_picked":["Core Surge","All For One"],"picked":"Seek","floor":16},{"not_picked":["Streamline","Ball Lightning"],"picked":"FTL","floor":18},{"not_picked":["Coolheaded","Doom and Gloom","Barrage"],"picked":"SKIP","floor":21},{"not_picked":["Leap","Hologram"],"picked":"Capacitor","floor":23}],"player_experience":303131,"relics_obtained":[{"floor":7,"key":"Matryoshka"},{"floor":9,"key":"Potion Belt"},{"floor":9,"key":"Strawberry"},{"floor":13,"key":"Art of War"},{"floor":13,"key":"Orichalcum"},{"floor":20,"key":"Nilry\u0027s Codex"}],"event_choices":[{"event_name":"Accursed Blacksmith","player_choice":"Forge","floor":3,"damage_taken":0},{"event_name":"Scrap Ooze","player_choice":"success","floor":5,"damage_taken":52},{"event_name":"Dead Adventurer","player_choice":"Searched \u00270\u0027 times","floor":8,"damage_taken":0},{"event_name":"Beggar","player_choice":"Gave Gold","floor":19,"damage_taken":0},{"event_name":"Cursed Tome","player_choice":"Obtained Book","floor":20,"damage_taken":0},{"event_name":"Forgotten Altar","player_choice":"Shed Blood","floor":22,"damage_taken":0}],"is_beta":false,"boss_relics":[{"not_picked":["Eternal Feather","Astrolabe"],"picked":"Cursed Key"}],"items_purged_floors":[],"is_endless":false,"potions_floor_spawned":[1,7,14,16,21,23],"killed_by":"Slavers","ascension_level":7}