{"gold_per_floor":[112,187,187,207,132,162,172,199,199,199,218,228,256,33,33,33],"floor_reached":16,"playtime":610,"items_purged":[],"score":290,"play_id":"dc552da6-6c25-4e8b-82d5-0b0c22629e99","local_time":"20190420192147","is_ascension_mode":true,"campfire_choices":[{"data":"Noxious Fumes","floor":10,"key":"SMITH"},{"data":"Crippling Poison","floor":15,"key":"SMITH"}],"neow_cost":"NONE","seed_source_timestamp":200772636875416,"circlet_count":0,"master_deck":["AscendersBane","Defend_G","Defend_G","Defend_G","Defend_G","Defend_G","Strike_G","Strike_G","Strike_G","Strike_G","Survivor","Neutralize+1","Dash","Deadly Poison","Dagger Throw","Noxious Fumes+1","Crippling Poison+1","Die Die Die"],"relics":["Ring of the Snake","NeowsBlessing","The Courier","Dodecahedron","Pear","Orichalcum","Frozen Egg 2"],"potions_floor_usage":[16],"damage_taken":[{"damage":0,"enemies":"Jaw Worm","floor":1,"turns":1},{"damage":0,"enemies":"2 Louse","floor":4,"turns":2},{"damage":0,"enemies":"Gremlin Nob","floor":6,"turns":1},{"damage":2,"enemies":"Small Slimes","floor":7,"turns":4},{"damage":24,"enemies":"3 Sentries","floor":8,"turns":9},{"damage":5,"enemies":"2 Fungi Beasts","floor":11,"turns":3},{"damage":4,"enemies":"Red Slaver","floor":12,"turns":5},{"damage":14,"enemies":"Lagavulin","floor":13,"turns":7},{"damage":9,"enemies":"The Guardian","floor":16,"turns":8}],"seed_played":"-7827615818154607224","potions_obtained":[{"floor":6,"key":"Ancient Potion"},{"floor":11,"key":"SteroidPotion"}],"is_trial":false,"path_per_floor":["?","?","?"],"character_chosen":"THE_SILENT","items_purchased":["Frozen Egg 2"],"campfire_rested":0,"item_purchase_floors":[14],"current_hp_per_floor":[59,48,48,48,48,48,46,22,32,32,27,23,9,9,9,0],"gold":33,"neow_bonus":"THREE_ENEMY_KILL","is_prod":false,"is_daily":false,"chose_seed":false,"campfire_upgraded":2,"win_rate":0,"timestamp":1555777307,"path_taken":["M","?","?","M","?","E","M","E","T","R","M","M","E","$","R","BOSS"],"build_version":"2019-01-23","purchased_purges":0,"victory":false,"max_hp_per_floor":[66,66,66,66,66,66,66,66,76,76,76,76,76,76,76,76],"card_choices":[{"not_picked":["Dagger Throw","Quick Slash"],"picked":"Dash","floor":1},{"not_picked":["Quick Slash","Dagger Throw"],"picked":"Deadly Poison","floor":4},{"not_picked":["Riddle With Holes","Concentrate"],"picked":"Dagger Throw","floor":6},{"not_picked":["Acrobatics","Calculated Gamble"],"picked":"Noxious Fumes","floor":7},{"not_picked":["Outmaneuver","Heel Hook","Flying Knee"],"picked":"SKIP","floor":8},{"not_picked":["Expertise","Dagger Spray"],"picked":"Crippling Poison","floor":11},{"not_picked":["Slice","Blade Dance","Outmaneuver"],"picked":"SKIP","floor":12},{"not_picked":["Prepared","Quick Slash"],"picked":"Die Die Die","floor":13}],"player_experience":1771590,"relics_obtained":[{"floor":6,"key":"The Courier"},{"floor":8,"key":"Dodecahedron"},{"floor":9,"key":"Pear"},{"floor":13,"key":"Orichalcum"}],"event_choices":[{"damage_healed":0,"gold_gain":75,"player_choice":"Gather Gold","damage_taken":11,"max_hp_gain":0,"max_hp_loss":0,"event_name":"World of Goop","floor":2,"gold_loss":0},{"damage_healed":0,"gold_gain":0,"player_choice":"Grow","damage_taken":0,"max_hp_gain":0,"max_hp_loss":0,"event_name":"Living Wall","floor":3,"gold_loss":0,"cards_upgraded":["Neutralize"]},{"cards_removed":["Strike_G"],"damage_healed":0,"gold_gain":0,"player_choice":"Card Removal","damage_taken":0,"max_hp_gain":0,"max_hp_loss":0,"event_name":"The Cleric","floor":5,"gold_loss":75}],"is_beta":false,"boss_relics":[],"items_purged_floors":[],"is_endless":false,"potions_floor_spawned":[6,11],"killed_by":"The Guardian","ascension_level":20}