{"path_per_floor":["M","$","?","?","M","E","R","M","T","M","?","T","R","M","R","B",null,"M","M","M","?","$","R","?","R","T","M"],"character_chosen":"IRONCLAD","items_purchased":["Rupture","Red Skull"],"gold_per_floor":[119,45,45,120,136,162,162,174,200,216,216,240,240,258,258,360,360,374,389,399,399,87,87,302,302,380,398],"floor_reached":28,"campfire_rested":1,"playtime":2079,"current_hp_per_floor":[78,78,62,51,57,47,71,71,71,70,70,70,70,66,66,58,80,80,80,73,57,57,57,57,57,57,36],"items_purged":[],"gold":398,"play_id":"f096fb8e-3a94-4947-b63b-291d3db89c79","is_prod":false,"is_daily":false,"is_ascension_mode":false,"campfire_upgraded":4,"path_taken":["M","$","?","?","M","E","R","M","T","?","?","?","R","M","R","BOSS","M","M","M","?","?","R","?","R","T","M","E"],"build_version":"2018-02-01-PROD3","purchased_purges":0,"victory":false,"master_deck":["Strike_R+1","Strike_R","Strike_R+1","Strike_R+1","Strike_R","Defend_R+1","Defend_R+1","Defend_R","Defend_R","Bash+1","Inflame+1","Rupture+1","Rampage+1","Armaments+1","Shrug It Off+1","Double Tap","Flame Barrier+1","Bloodletting+1"],"max_hp_per_floor":[80,80,80,80,80,80,80,80,80,80,80,80,80,80,80,80,80,80,80,80,80,80,80,80,80,80,80],"relics":["Burning Blood","War Paint","Whetstone","Regal Pillow","Sozu","Nilry\u0027s Codex","Red Skull","Old Coin","Pantograph"],"card_choices":[{"not_picked":["Heavy Blade","Cleave"],"picked":"Inflame"},{"not_picked":["Reckless Charge","Warcry"],"picked":"Rampage"},{"not_picked":["Body Slam","Shrug It Off"],"picked":"Armaments"},{"not_picked":["Heavy Blade","Sword Boomerang"],"picked":"Shrug It Off"},{"not_picked":["Bludgeon","Berserk"],"picked":"Double Tap"},{"not_picked":["Blood for Blood","Metallicize"],"picked":"Flame Barrier"},{"not_picked":["Flame Barrier","Wild Strike"],"picked":"Bloodletting"}],"player_experience":66340,"potions_floor_usage":[6,16,16],"damage_taken":[{"damage":8,"enemies":"Blue Slaver","floor":1,"turns":6},{"damage":0,"enemies":"2 Louse","floor":5,"turns":2},{"damage":16,"enemies":"Lagavulin","floor":6,"turns":8},{"damage":6,"enemies":"Jaw Worm","floor":8,"turns":3},{"damage":7,"enemies":"Large Slime","floor":10,"turns":6},{"damage":10,"enemies":"Looter","floor":14,"turns":3},{"damage":14,"enemies":"Slime Boss","floor":16,"turns":9},{"damage":0,"enemies":"Chosen","floor":18,"turns":4},{"damage":0,"enemies":"3 Byrds","floor":19,"turns":5},{"damage":13,"enemies":"Centurion and Healer","floor":20,"turns":7},{"damage":27,"enemies":"Sentry and Sphere","floor":27,"turns":9},{"damage":50,"enemies":"Gremlin Leader","floor":28,"turns":9}],"event_choices":[{"event_name":"Shining Light","player_choice":"Entered Light","floor":3,"damage_taken":0},{"event_name":"World of Goop","player_choice":"Gather Gold","floor":4,"damage_taken":0},{"event_name":"Living Wall","player_choice":"Grow","floor":11,"damage_taken":0},{"event_name":"Cursed Tome","player_choice":"Obtained Book","floor":21,"damage_taken":0},{"event_name":"Addict","player_choice":"Obtained Relic","floor":24,"damage_taken":0}],"boss_relics":[{"not_picked":["Runic Pyramid","Question Card"],"picked":"Sozu"}],"potions_floor_spawned":[1,5,10,14,20,27],"seed_played":"-5715140586039523141","killed_by":"Gremlin Leader","ascension_level":0,"is_trial":false}