{"gold_per_floor":[210,53,64,81,92,122,122,152,152,182,182,182,210,285,285,384,384,396,65,65,90,117,117,117,144,167,167,217,217,237,248,248,350,350,368,379,69,80,91,91,125,140,140,140,154,164,27,27,27,27,27,27,27,53,53],"floor_reached":56,"playtime":2714,"items_purged":["Strike_R","Shame"],"score":1613,"play_id":"f6e86e3e-a92b-42e8-bc1d-19e0c57b8c62","local_time":"20190329133058","is_ascension_mode":true,"campfire_choices":[{"data":"Bash","floor":7.0,"key":"SMITH"},{"floor":12.0,"key":"REST"},{"data":"Second Wind","floor":15.0,"key":"SMITH"},{"floor":23,"key":"REST"},{"floor":24,"key":"REST"},{"data":"1","floor":27,"key":"LIFT"},{"data":"2","floor":29,"key":"LIFT"},{"data":"Limit Break","floor":32,"key":"SMITH"},{"data":"3","floor":40,"key":"LIFT"},{"floor":49,"key":"RECALL"},{"floor":52,"key":"REST"}],"neow_cost":"NONE","seed_source_timestamp":902818001918806,"circlet_count":0,"master_deck":["Strike_R","Strike_R","Defend_R","Defend_R","Defend_R","Defend_R","Bash+1","Headbutt","Rampage","Shrug It Off","Thunderclap","Shrug It Off","Second Wind+1","Offering","Limit Break+1","Limit Break","Flame Barrier","Ghostly Armor","Rampage+1","Clothesline+1","Inflame","Reaper","Battle Trance","Dropkick+1","Metallicize+1","Shrug It Off+1","Limit Break","True Grit+1","Armaments","Apotheosis","Heavy Blade"],"special_seed":0,"relics":["Burning Blood","PreservedInsect","WingedGreaves","Sundial","Self Forming Clay","The Courier","Kunai","Cursed Key","Girya","Red Mask","Bronze Scales","Orichalcum","Blood Vial","Pen Nib","Fusion Hammer","Incense Burner","Centennial Puzzle","Strawberry"],"potions_floor_usage":[33,50,54,55],"damage_taken":[{"damage":10.0,"enemies":"2 Louse","floor":1.0,"turns":4.0},{"damage":10.0,"enemies":"Small Slimes","floor":3.0,"turns":4.0},{"damage":18.0,"enemies":"Jaw Worm","floor":4.0,"turns":4.0},{"damage":8.0,"enemies":"Looter","floor":5.0,"turns":4.0},{"damage":8.0,"enemies":"Gremlin Nob","floor":6.0,"turns":3.0},{"damage":10.0,"enemies":"3 Sentries","floor":8.0,"turns":5.0},{"damage":24.0,"enemies":"Lagavulin","floor":10.0,"turns":7.0},{"damage":8.0,"enemies":"Gremlin Nob","floor":13.0,"turns":3.0},{"damage":37.0,"enemies":"Hexaghost","floor":16.0,"turns":10.0},{"damage":23.0,"enemies":"Spheric Guardian","floor":18.0,"turns":6.0},{"damage":30,"enemies":"Masked Bandits","floor":21,"turns":7},{"damage":17,"enemies":"Gremlin Leader","floor":25,"turns":7},{"damage":3,"enemies":"Shell Parasite","floor":30,"turns":4},{"damage":9,"enemies":"Chosen and Byrds","floor":31,"turns":4},{"damage":40,"enemies":"Automaton","floor":33,"turns":8},{"damage":21,"enemies":"Orb Walker","floor":35,"turns":3},{"damage":7,"enemies":"3 Darklings","floor":36,"turns":5},{"damage":22,"enemies":"Maw","floor":38,"turns":7},{"damage":7,"enemies":"Transient","floor":39,"turns":5},{"damage":76,"enemies":"Nemesis","floor":41,"turns":5},{"damage":7,"enemies":"3 Darklings","floor":42,"turns":3},{"damage":0,"enemies":"Sphere and 2 Shapes","floor":45,"turns":5},{"damage":0,"enemies":"Transient","floor":46,"turns":5},{"damage":53,"enemies":"Time Eater","floor":50,"turns":6},{"damage":19,"enemies":"Shield and Spear","floor":54,"turns":4},{"damage":73,"enemies":"The Heart","floor":55,"turns":7}],"seed_played":"-4440327135338473900","potions_obtained":[{"floor":1.0,"key":"BloodPotion"},{"floor":3.0,"key":"FearPotion"},{"floor":5.0,"key":"Block Potion"},{"floor":6.0,"key":"AttackPotion"},{"floor":18.0,"key":"BloodPotion"},{"floor":30,"key":"Block Potion"},{"floor":33,"key":"Fire Potion"},{"floor":35,"key":"FearPotion"}],"is_trial":false,"path_per_floor":["?","?","?","?","T","T","?","M","?"],"character_chosen":"IRONCLAD","items_purchased":["PreservedInsect","Girya","Ghostly Armor","Incense Burner","Apotheosis"],"campfire_rested":4,"item_purchase_floors":[2,19,19,37,47],"current_hp_per_floor":[68,68,64,52,50,48,48,44,44,26,26,50,48,37,37,14,64,47,47,32,8,8,33,58,47,47,47,47,47,52,51,51,19,69,77,85,85,79,85,85,53,85,85,85,85,85,85,85,85,52,77,85,85,92,92],"gold":53,"neow_bonus":"HUNDRED_GOLD","is_prod":false,"is_daily":false,"chose_seed":false,"campfire_upgraded":3,"win_rate":0,"timestamp":1553891458,"path_taken":["M","$","M","M","M","E","R","E","T","E","?","R","E","?","R","BOSS","M","$","?","?","?","R","R","E","T","R","?","R","M","M","R","BOSS","M","M","$","M","M","R","E","M","T","?","M","?","$","?","R","BOSS","R","$","E","BOSS"],"build_version":"2019-01-23","purchased_purges":2,"victory":true,"max_hp_per_floor":[80,80,80,80,80,80,80,80,80,80,80,80,80,80,80,80,80,80,80,85,85,85,85,85,85,85,85,85,85,85,85,85,85,85,85,85,85,85,85,85,85,85,85,85,85,85,85,85,85,85,85,85,85,92,92],"card_choices":[{"not_picked":["Rage","Flex"],"picked":"Headbutt","floor":1.0},{"not_picked":["Seeing Red","Warcry"],"picked":"Rampage","floor":3.0},{"not_picked":["Clothesline","Corruption"],"picked":"Shrug It Off","floor":4.0},{"not_picked":["Sever Soul","Clash"],"picked":"Thunderclap","floor":5.0},{"not_picked":["Intimidate","Corruption"],"picked":"Shrug It Off","floor":6.0},{"not_picked":["Exhume","Heavy Blade"],"picked":"Second Wind","floor":8.0},{"not_picked":["Iron Wave","Carnage"],"picked":"Offering","floor":10.0},{"not_picked":["Warcry","Sword Boomerang"],"picked":"Limit Break","floor":13.0},{"not_picked":["Juggernaut","Brutality"],"picked":"Limit Break","floor":16.0},{"not_picked":["Hemokinesis","Rupture"],"picked":"Flame Barrier","floor":18.0},{"not_picked":["Infernal Blade+1","Carnage"],"picked":"Rampage+1","floor":21},{"not_picked":["Shrug It Off","Wild Strike"],"picked":"Clothesline+1","floor":25},{"not_picked":["Second Wind","Cleave"],"picked":"Inflame","floor":30},{"not_picked":["Corruption","Reckless Charge+1","Headbutt"],"picked":"SKIP","floor":31},{"not_picked":["Exhume","Offering"],"picked":"Reaper","floor":33},{"not_picked":["Armaments+1","Burning Pact"],"picked":"Battle Trance","floor":35},{"not_picked":["Sword Boomerang+1","Twin Strike+1"],"picked":"Dropkick+1","floor":36},{"not_picked":["Twin Strike+1","Burning Pact+1"],"picked":"Metallicize+1","floor":38},{"not_picked":["Feel No Pain+1","Havoc+1"],"picked":"Shrug It Off+1","floor":39},{"not_picked":["Body Slam+1","Demon Form"],"picked":"Limit Break","floor":41},{"not_picked":["True Grit","Clash","Havoc"],"picked":"SKIP","floor":42},{"not_picked":["Wild Strike","Whirlwind"],"picked":"True Grit+1","floor":45},{"not_picked":["Clash+1","Warcry"],"picked":"Armaments","floor":46},{"not_picked":["Anger+1","Sword Boomerang+1"],"picked":"Heavy Blade","floor":54}],"player_experience":154340,"relics_obtained":[{"floor":6.0,"key":"WingedGreaves"},{"floor":8.0,"key":"Sundial"},{"floor":9.0,"key":"Self Forming Clay"},{"floor":10.0,"key":"The Courier"},{"floor":13.0,"key":"Kunai"},{"floor":21,"key":"Red Mask"},{"floor":22,"key":"Bronze Scales"},{"floor":25,"key":"Orichalcum"},{"floor":26,"key":"Blood Vial"},{"floor":28,"key":"Pen Nib"},{"floor":41,"key":"Centennial Puzzle"},{"floor":54,"key":"Strawberry"}],"event_choices":[{"cards_removed":["Strike_R"],"damage_healed":0.0,"max_hp_gain":0.0,"max_hp_loss":0.0,"gold_gain":0.0,"event_name":"Living Wall","player_choice":"Forget","floor":11.0,"gold_loss":0.0,"damage_taken":0.0},{"damage_healed":0.0,"max_hp_gain":0.0,"max_hp_loss":0.0,"gold_gain":75.0,"event_name":"World of Goop","player_choice":"Gather Gold","floor":14.0,"gold_loss":0.0,"damage_taken":11.0},{"damage_healed":0.0,"max_hp_gain":5.0,"max_hp_loss":0.0,"gold_gain":0.0,"event_name":"Forgotten Altar","player_choice":"Shed Blood","floor":20.0,"gold_loss":0.0,"damage_taken":20.0},{"damage_healed":0,"gold_gain":0,"player_choice":"Fought Bandits","damage_taken":0,"max_hp_gain":0,"max_hp_loss":0,"event_name":"Masked Bandits","floor":21,"gold_loss":0},{"cards_removed":["Clumsy","Decay","Decay"],"damage_healed":0,"gold_gain":0,"player_choice":"Removed Curses","damage_taken":0,"max_hp_gain":0,"max_hp_loss":0,"event_name":"Fountain of Cleansing","floor":44,"gold_loss":0},{"cards_removed":["Strike_R"],"damage_healed":0,"gold_gain":0,"player_choice":"Purged","damage_taken":0,"max_hp_gain":0,"max_hp_loss":0,"event_name":"Purifier","floor":48,"gold_loss":0}],"is_beta":false,"boss_relics":[{"not_picked":["Coffee Dripper","Runic Pyramid"],"picked":"Cursed Key"},{"not_picked":["Orrery","White Beast Statue"],"picked":"Fusion Hammer"}],"items_purged_floors":[19,37],"is_endless":false,"potions_floor_spawned":[1,3,5,6,18,30,33,35,38,39,46],"ascension_level":9}