{"gold_per_floor":[114,114,65,140,151,151,162,162,189,206,268,218,49,80,80,177,177,196,211,211,230,241,241,276,276,347,360,360,380,380,411,411,516,516,533,550,550,650,670,670,705,657,657,657,671,4,18,43,43,43,43,43,43,70,70],"floor_reached":55,"playtime":2418,"items_purged":[],"score":1052,"play_id":"81e59286-e94d-4985-b7f7-92ca0bd81a6b","local_time":"20190213220035","is_ascension_mode":true,"campfire_choices":[{"data":"Perfected Strike","floor":6.0,"key":"SMITH"},{"data":"Barricade","floor":15.0,"key":"SMITH"},{"data":"Seeing Red","floor":23.0,"key":"SMITH"},{"floor":25.0,"key":"REST"},{"data":"Juggernaut","floor":28.0,"key":"SMITH"},{"data":"Armaments","floor":30.0,"key":"SMITH"},{"data":"Metallicize","floor":32.0,"key":"SMITH"},{"data":"Impervious","floor":40,"key":"SMITH"},{"floor":44,"key":"RECALL"},{"data":"Impervious","floor":49,"key":"SMITH"},{"data":"Impervious","floor":52,"key":"SMITH"}],"neow_cost":"NONE","seed_source_timestamp":8792427061799,"circlet_count":0,"master_deck":["Strike_R","Strike_R","Strike_R","Strike_R","Defend_R","Defend_R","Defend_R+1","Bash","Impervious","Perfected Strike+1","Twin Strike","Twin Strike","Shrug It Off","Barricade+1","Juggernaut+1","Disarm+1","Seeing Red+1","Impervious+1","Infernal Blade+1","Spot Weakness","Immolate","Disarm+1","Armaments+1","Metallicize+1","Impervious+1","Body Slam+1","Dual Wield","Entrench","Havoc+1","Impervious+1","Exhume","Parasite"],"special_seed":0,"relics":["Burning Blood","Paper Frog","PreservedInsect","Question Card","Orichalcum","Red Skull","Velvet Choker","War Paint","Mummified Hand","Nunchaku","Snecko Eye","Torii","Oddly Smooth Stone","FossilizedHelix","Art of War","Centennial Puzzle","Blood Vial"],"potions_floor_usage":[41,45,50,55],"damage_taken":[{"damage":1.0,"enemies":"Jaw Worm","floor":1.0,"turns":5.0},{"damage":6.0,"enemies":"Cultist","floor":5.0,"turns":3.0},{"damage":0.0,"enemies":"2 Louse","floor":7.0,"turns":2.0},{"damage":12.0,"enemies":"Exordium Wildlife","floor":10.0,"turns":5.0},{"damage":23.0,"enemies":"Lagavulin Event","floor":11.0,"turns":3.0},{"damage":19.0,"enemies":"Lagavulin","floor":14.0,"turns":5.0},{"damage":23.0,"enemies":"Hexaghost","floor":16.0,"turns":11.0},{"damage":15.0,"enemies":"Spheric Guardian","floor":18.0,"turns":4.0},{"damage":0.0,"enemies":"Chosen","floor":19.0,"turns":3.0},{"damage":1.0,"enemies":"Sentry and Sphere","floor":21.0,"turns":6.0},{"damage":33.0,"enemies":"Shelled Parasite and Fungi","floor":22.0,"turns":7.0},{"damage":19.0,"enemies":"Slavers","floor":24.0,"turns":5.0},{"damage":10.0,"enemies":"Snake Plant","floor":27.0,"turns":4.0},{"damage":0.0,"enemies":"3 Cultists","floor":29.0,"turns":3.0},{"damage":20.0,"enemies":"Gremlin Leader","floor":31.0,"turns":7.0},{"damage":26.0,"enemies":"Champ","floor":33.0,"turns":10.0},{"damage":4.0,"enemies":"3 Shapes","floor":35.0,"turns":4.0},{"damage":5.0,"enemies":"Orb Walker","floor":36.0,"turns":5.0},{"damage":0.0,"enemies":"Mind Bloom Boss Battle","floor":38.0,"turns":4.0},{"damage":31.0,"enemies":"3 Darklings","floor":39.0,"turns":5.0},{"damage":0,"enemies":"Nemesis","floor":41,"turns":7},{"damage":0,"enemies":"Sphere and 2 Shapes","floor":45,"turns":7},{"damage":0,"enemies":"Writhing Mass","floor":47,"turns":7},{"damage":0,"enemies":"Reptomancer","floor":48,"turns":6},{"damage":1,"enemies":"Time Eater","floor":50,"turns":8},{"damage":18,"enemies":"Shield and Spear","floor":54,"turns":5},{"damage":74,"enemies":"The Heart","floor":55,"turns":9}],"seed_played":"-1048898697540360303","potions_obtained":[{"floor":5.0,"key":"Regen Potion"},{"floor":7.0,"key":"Explosive Potion"},{"floor":16.0,"key":"Explosive Potion"},{"floor":19.0,"key":"EssenceOfSteel"},{"floor":27.0,"key":"Ancient Potion"},{"floor":33.0,"key":"SkillPotion"},{"floor":35.0,"key":"AttackPotion"},{"floor":39.0,"key":"SpeedPotion"},{"floor":48,"key":"SkillPotion"}],"is_trial":false,"path_per_floor":["M","?","$","?","M","R","M","?","T","M","?","?","$","E","R","B",null,"M","M","?","M","M","R","E","R","T","M","R","M","R","E","R","B",null,"M","M","?","?","M","R","E","$","T","R","M","$","M","E","R","B",null,"R","$","E","B"],"character_chosen":"IRONCLAD","items_purchased":["Twin Strike","Orichalcum","Shrug It Off","PowerPotion","FossilizedHelix","Impervious","Art of War","Exhume"],"campfire_rested":1,"item_purchase_floors":[3,13,13,42,46,46,46,46],"current_hp_per_floor":[77,77,77,66,66,66,72,72,72,66,49,49,49,36,36,19,65,56,62,62,67,40,40,27,51,51,47,47,53,53,39,39,34,69,71,72,72,78,53,53,59,59,59,59,65,65,71,77,77,80,80,80,80,68,0],"gold":70,"neow_bonus":"ONE_RANDOM_RARE_CARD","is_prod":false,"is_daily":false,"chose_seed":false,"campfire_upgraded":9,"win_rate":0,"timestamp":1550113235,"path_taken":["M","?","?","?","M","R","?","?","T","M","?","?","?","E","R","BOSS","M","M","?","M","?","R","E","R","T","M","R","M","R","E","R","BOSS","M","M","?","?","M","R","E","$","T","R","M","?","?","E","R","BOSS","R","$","E","BOSS"],"build_version":"2019-01-23","purchased_purges":0,"victory":false,"max_hp_per_floor":[80,80,80,80,80,80,80,80,80,80,80,80,80,80,80,80,80,80,80,80,80,80,80,80,80,80,80,80,80,80,80,80,80,80,80,80,80,80,80,80,80,80,80,80,80,80,80,80,80,80,80,80,80,80,80],"card_choices":[{"not_picked":["Warcry","Sword Boomerang"],"picked":"Perfected Strike","floor":1.0},{"not_picked":["Warcry","Battle Trance","Clothesline"],"picked":"SKIP","floor":5.0},{"not_picked":["Burning Pact","Clothesline"],"picked":"Twin Strike","floor":7.0},{"not_picked":["True Grit","Warcry","Infernal Blade"],"picked":"SKIP","floor":10.0},{"not_picked":["Warcry","Flame Barrier","Battle Trance"],"picked":"Barricade","floor":14.0},{"not_picked":["Feed","Fiend Fire","Limit Break"],"picked":"Juggernaut","floor":16.0},{"not_picked":["Thunderclap+1","Sentinel","Heavy Blade"],"picked":"Disarm","floor":18.0},{"not_picked":["Infernal Blade+1","Blood for Blood","Clothesline"],"picked":"Seeing Red","floor":19.0},{"not_picked":["Sever Soul","Sentinel+1","Clash"],"picked":"Infernal Blade+1","floor":21.0},{"not_picked":["Sentinel","Intimidate","Armaments"],"picked":"Spot Weakness","floor":22.0},{"not_picked":["Thunderclap","Perfected Strike","Searing Blow"],"picked":"Immolate","floor":24.0},{"not_picked":["Pommel Strike","Searing Blow+1","Anger"],"picked":"Disarm+1","floor":27.0},{"not_picked":["Infernal Blade","Double Tap","Body Slam"],"picked":"Armaments","floor":29.0},{"not_picked":["Shockwave","Whirlwind","Burning Pact"],"picked":"Metallicize","floor":31.0},{"not_picked":["Dark Embrace","Berserk","Immolate"],"picked":"Impervious","floor":33.0},{"not_picked":["Carnage+1","Dropkick","Thunderclap+1"],"picked":"Body Slam+1","floor":35.0},{"not_picked":["Headbutt+1","Heavy Blade+1","Twin Strike+1","Pummel"],"picked":"SKIP","floor":36.0},{"not_picked":["Combust+1","Cleave+1","Headbutt"],"picked":"Dual Wield","floor":38.0},{"not_picked":["Rupture","Iron Wave","Perfected Strike+1"],"picked":"Entrench","floor":39.0},{"not_picked":["Warcry","Clash+1","Twin Strike","Limit Break"],"picked":"SKIP","floor":41},{"not_picked":["Sword Boomerang","Iron Wave+1","Rampage"],"picked":"Havoc+1","floor":45},{"not_picked":["Wild Strike","True Grit","Sever Soul+1","Twin Strike"],"picked":"SKIP","floor":47},{"not_picked":["Evolve+1","Thunderclap+1","Twin Strike+1","Perfected Strike+1"],"picked":"SKIP","floor":48},{"not_picked":["Rampage","Twin Strike","Perfected Strike","Armaments"],"picked":"SKIP","floor":54}],"player_experience":460803,"relics_obtained":[{"floor":9.0,"key":"PreservedInsect"},{"floor":14.0,"key":"Red Skull"},{"floor":24.0,"key":"War Paint"},{"floor":26.0,"key":"Mummified Hand"},{"floor":31.0,"key":"Nunchaku"},{"floor":38.0,"key":"Torii"},{"floor":41,"key":"Oddly Smooth Stone"},{"floor":48,"key":"Centennial Puzzle"},{"floor":54,"key":"Blood Vial"}],"event_choices":[{"cards_removed":["Defend_R"],"damage_healed":0.0,"max_hp_gain":0.0,"max_hp_loss":0.0,"gold_gain":0.0,"event_name":"Purifier","player_choice":"Purged","floor":2.0,"gold_loss":0.0,"damage_taken":0.0},{"damage_healed":0.0,"max_hp_gain":0.0,"max_hp_loss":0.0,"gold_gain":75.0,"event_name":"World of Goop","player_choice":"Gather Gold","floor":4.0,"gold_loss":0.0,"damage_taken":11.0},{"damage_healed":0.0,"max_hp_gain":0.0,"max_hp_loss":0.0,"gold_gain":0.0,"event_name":"Big Fish","player_choice":"Box","floor":8.0,"gold_loss":0.0,"damage_taken":0.0,"relics_obtained":["Paper Frog"],"cards_obtained":["Regret"]},{"damage_healed":0.0,"max_hp_gain":0.0,"max_hp_loss":0.0,"gold_gain":0.0,"event_name":"Dead Adventurer","player_choice":"Searched \u00272\u0027 times","floor":11.0,"gold_loss":0.0,"damage_taken":0.0,"relics_obtained":["Question Card"]},{"cards_removed":["Regret"],"damage_healed":0.0,"max_hp_gain":0.0,"max_hp_loss":0.0,"gold_gain":0.0,"event_name":"The Cleric","player_choice":"Card Removal","floor":12.0,"gold_loss":50.0,"damage_taken":0.0},{"damage_healed":0.0,"max_hp_gain":0.0,"max_hp_loss":0.0,"gold_gain":0.0,"event_name":"Duplicator","player_choice":"Copied","floor":20.0,"gold_loss":0.0,"damage_taken":0.0,"cards_obtained":["Impervious"]},{"cards_removed":["Strike_R"],"damage_healed":0.0,"max_hp_gain":0.0,"max_hp_loss":0.0,"gold_gain":0.0,"event_name":"Falling","player_choice":"Removed Attack","floor":37.0,"gold_loss":0.0,"damage_taken":0.0},{"damage_healed":0.0,"max_hp_gain":0.0,"max_hp_loss":0.0,"gold_gain":0.0,"event_name":"MindBloom","player_choice":"Fight","floor":38.0,"gold_loss":0.0,"damage_taken":0.0}],"is_beta":false,"boss_relics":[{"not_picked":["White Beast Statue","Calling Bell"],"picked":"Velvet Choker"},{"not_picked":["Astrolabe","Mark of Pain"],"picked":"Snecko Eye"}],"items_purged_floors":[],"is_endless":false,"potions_floor_spawned":[5,7,16,19,27,33,35,39,48],"killed_by":"The Heart","ascension_level":6}