{"gold_per_floor":[116,126,137,154,172,202,202,219,219,251,267,285,285,303,303,405,405,425,119,161,161,196,196,247,247,247,247,325,250,264,300,300,430,430,450,491,177,224,239,299,299,299,380,380,408,408,444,496,496,546],"floor_reached":51,"playtime":2428,"items_purged":["Anger+1","Rupture"],"score":916,"play_id":"61ca62cd-99d4-469e-8f29-cd2503936a54","local_time":"20190425182059","is_ascension_mode":false,"campfire_choices":[{"data":"Bludgeon","floor":7,"key":"SMITH"},{"data":"Clothesline","floor":13,"key":"SMITH"},{"data":"Inflame","floor":15,"key":"SMITH"},{"data":"Demon Form","floor":23,"key":"SMITH"},{"data":"Shrug It Off","floor":25,"key":"SMITH"},{"data":"Shrug It Off","floor":27,"key":"SMITH"},{"floor":32,"key":"REST"},{"data":"True Grit","floor":41,"key":"SMITH"},{"data":"Shrug It Off","floor":44,"key":"SMITH"},{"data":"Feel No Pain","floor":46,"key":"SMITH"},{"data":"Metallicize","floor":49,"key":"SMITH"}],"neow_cost":"NONE","seed_source_timestamp":1148791427496900,"circlet_count":0,"master_deck":["Bash+1","Shrug It Off+1","Clothesline+1","Bludgeon+1","Inflame+1","Shrug It Off+1","Feel No Pain+1","Demon Form+1","Shrug It Off+1","HandOfGreed+1","Immolate+1","Twin Strike+1","Iron Wave+1","Headbutt+1","Uppercut+1","Exhume","Thunderclap+1","Metallicize+1","Wild Strike+1","Combust","Metallicize","Havoc","Carnage+1","Corruption+1","Clothesline+1","Reaper+1","True Grit+1","Whirlwind+1","Headbutt+1","Iron Wave+1","Bludgeon+1","Impervious","Clothesline+1"],"relics":["Burning Blood","Pen Nib","Shuriken","Molten Egg 2","Snecko Eye","MutagenicStrength","Dream Catcher","Letter Opener","Bottled Tornado","Pandora\u0027s Box","Thread and Needle","Mango","Ornamental Fan","Mummified Hand","Orichalcum"],"potions_floor_usage":[16,22,30,45,50,50,50],"damage_taken":[{"damage":1,"enemies":"Cultist","floor":1,"turns":3},{"damage":0,"enemies":"Jaw Worm","floor":2,"turns":4},{"damage":2,"enemies":"Small Slimes","floor":3,"turns":4},{"damage":0,"enemies":"Exordium Wildlife","floor":4,"turns":4},{"damage":5,"enemies":"Looter","floor":5,"turns":3},{"damage":23,"enemies":"Lagavulin","floor":6,"turns":6},{"damage":1,"enemies":"Blue Slaver","floor":8,"turns":4},{"damage":13,"enemies":"3 Sentries","floor":10,"turns":6},{"damage":6,"enemies":"Gremlin Gang","floor":11,"turns":6},{"damage":0,"enemies":"3 Louse","floor":12,"turns":7},{"damage":9,"enemies":"Exordium Thugs","floor":14,"turns":5},{"damage":28,"enemies":"Hexaghost","floor":16,"turns":8},{"damage":17,"enemies":"Shell Parasite","floor":18,"turns":4},{"damage":0,"enemies":"Spheric Guardian","floor":20,"turns":1},{"damage":10,"enemies":"Centurion and Healer","floor":22,"turns":3},{"damage":8,"enemies":"Gremlin Leader","floor":24,"turns":6},{"damage":29,"enemies":"Slavers","floor":28,"turns":5},{"damage":9,"enemies":"Snake Plant","floor":30,"turns":2},{"damage":10,"enemies":"Cultist and Chosen","floor":31,"turns":6},{"damage":54,"enemies":"Champ","floor":33,"turns":7},{"damage":7,"enemies":"3 Darklings","floor":35,"turns":3},{"damage":5,"enemies":"3 Shapes","floor":36,"turns":6},{"damage":33,"enemies":"2 Orb Walkers","floor":38,"turns":3},{"damage":0,"enemies":"Transient","floor":39,"turns":5},{"damage":0,"enemies":"Giant Head","floor":40,"turns":5},{"damage":0,"enemies":"Reptomancer","floor":45,"turns":4},{"damage":0,"enemies":"Sphere and 2 Shapes","floor":47,"turns":4},{"damage":3,"enemies":"Giant Head","floor":48,"turns":5},{"damage":30,"enemies":"Awakened One","floor":50,"turns":8}],"seed_played":"5656302072249304146","potions_obtained":[{"floor":4,"key":"GamblersBrew"},{"floor":6,"key":"Dexterity Potion"},{"floor":8,"key":"PowerPotion"},{"floor":11,"key":"Regen Potion"},{"floor":12,"key":"AttackPotion"},{"floor":16,"key":"Poison Potion"},{"floor":28,"key":"Block Potion"},{"floor":30,"key":"SteroidPotion"},{"floor":36,"key":"Weak Potion"},{"floor":38,"key":"Regen Potion"},{"floor":47,"key":"Regen Potion"}],"is_trial":false,"path_per_floor":["M","M","M","M","M","E","R","M","T","E","M","M","R","M","R","B",null,"M","$","M","?","M","R","E","R","T","R","E","?","M","M","R","B",null,"M","M","$","?","M","E","R","?","T","R","E","R","M","E","R","B",null],"character_chosen":"IRONCLAD","items_purchased":["HandOfGreed+1","Immolate+1","Reaper+1","True Grit"],"campfire_rested":1,"item_purchase_floors":[19,19,37,37],"current_hp_per_floor":[80,80,80,80,80,63,63,68,68,61,61,67,67,64,64,42,80,69,69,75,75,71,71,69,69,69,69,46,46,43,39,63,15,80,79,80,80,80,80,94,94,94,94,94,94,94,94,94,94,85],"gold":546,"neow_bonus":"UPGRADE_CARD","is_prod":false,"is_daily":false,"chose_seed":false,"campfire_upgraded":10,"win_rate":1,"timestamp":1556241659,"path_taken":["M","M","?","M","M","E","R","M","T","E","M","M","R","M","R","BOSS","M","$","M","?","M","R","E","R","T","R","E","?","?","M","R","BOSS","M","M","$","?","M","E","R","?","T","R","E","R","?","E","R","BOSS"],"build_version":"2019-01-23","purchased_purges":2,"victory":true,"max_hp_per_floor":[80,80,80,80,80,80,80,80,80,80,80,80,80,80,80,80,80,80,80,80,80,80,80,80,80,80,80,80,80,80,80,80,80,80,80,80,80,80,80,94,94,94,94,94,94,94,94,94,94,94],"card_choices":[{"not_picked":["Clash","Flex"],"picked":"Shrug It Off","floor":1},{"not_picked":["Clash","Perfected Strike"],"picked":"Clothesline","floor":2},{"not_picked":["Anger","Metallicize"],"picked":"Bludgeon","floor":3},{"not_picked":["Havoc","Second Wind"],"picked":"Inflame","floor":4},{"not_picked":["Second Wind","Heavy Blade","Clash"],"picked":"SKIP","floor":5},{"not_picked":["Combust","Infernal Blade","Fire Breathing"],"picked":"SKIP","floor":6},{"not_picked":["Pummel","Thunderclap","Dropkick"],"picked":"SKIP","floor":8},{"not_picked":["Metallicize","Sword Boomerang"],"picked":"Shrug It Off","floor":10},{"not_picked":["Infernal Blade","True Grit"],"picked":"Feel No Pain","floor":11},{"not_picked":["Thunderclap+1","Warcry","Berserk"],"picked":"SKIP","floor":12},{"not_picked":["True Grit","Clash+1"],"picked":"Anger+1","floor":14},{"not_picked":["Offering","Barricade"],"picked":"Demon Form","floor":16},{"not_picked":["Cleave+1","Evolve"],"picked":"Shrug It Off","floor":18},{"not_picked":["Dropkick+1","Combust"],"picked":"Twin Strike+1","floor":20},{"not_picked":["Entrench","Rupture","Infernal Blade"],"picked":"SKIP","floor":22},{"not_picked":["Flex+1","Offering"],"picked":"Iron Wave+1","floor":24},{"not_picked":["Entrench+1","Burning Pact","Anger+1"],"picked":"SKIP","floor":28},{"not_picked":["Seeing Red","Entrench","Pommel Strike+1"],"picked":"SKIP","floor":30},{"not_picked":["Cleave+1","Flame Barrier"],"picked":"Headbutt+1","floor":31},{"not_picked":["Shrug It Off+1","Body Slam+1"],"picked":"Uppercut+1","floor":32},{"not_picked":["Brutality","Berserk"],"picked":"Exhume","floor":33},{"not_picked":["Rage+1","Intimidate+1"],"picked":"Corruption+1","floor":35},{"not_picked":["Armaments","Sentinel"],"picked":"Clothesline+1","floor":36},{"not_picked":["Iron Wave+1","Armaments"],"picked":"Whirlwind+1","floor":38},{"not_picked":["Havoc+1","Second Wind+1"],"picked":"Headbutt+1","floor":39},{"not_picked":["Armaments","Combust"],"picked":"Iron Wave+1","floor":40},{"not_picked":["Pummel+1","Warcry"],"picked":"Impervious","floor":45},{"not_picked":["Infernal Blade","Burning Pact+1"],"picked":"Clothesline+1","floor":47},{"not_picked":["Cleave+1","Seeing Red","Iron Wave+1"],"picked":"SKIP","floor":48}],"player_experience":586711,"relics_obtained":[{"floor":6,"key":"Pen Nib"},{"floor":9,"key":"Shuriken"},{"floor":10,"key":"Molten Egg 2"},{"floor":24,"key":"Dream Catcher"},{"floor":26,"key":"Letter Opener"},{"floor":28,"key":"Bottled Tornado"},{"floor":38,"key":"Thread and Needle"},{"floor":40,"key":"Mango"},{"floor":43,"key":"Ornamental Fan"},{"floor":45,"key":"Mummified Hand"},{"floor":48,"key":"Orichalcum"}],"event_choices":[{"damage_healed":0,"gold_gain":0,"player_choice":"Inject Mutagens","damage_taken":0,"relics_obtained":["MutagenicStrength"],"max_hp_gain":0,"max_hp_loss":0,"event_name":"Drug Dealer","floor":21,"gold_loss":0},{"cards_removed":["Defend_R"],"damage_healed":0,"gold_gain":0,"player_choice":"Gave Gold","damage_taken":0,"max_hp_gain":0,"max_hp_loss":0,"event_name":"Beggar","floor":29,"gold_loss":75},{"damage_healed":0,"gold_gain":0,"player_choice":"Fight","damage_taken":0,"max_hp_gain":0,"max_hp_loss":0,"event_name":"Mysterious Sphere","floor":38,"gold_loss":0},{"damage_healed":0,"gold_gain":0,"player_choice":"1 cards matched","damage_taken":0,"max_hp_gain":0,"max_hp_loss":0,"event_name":"Match and Keep!","floor":42,"gold_loss":0,"cards_obtained":["Bludgeon"]}],"is_beta":false,"boss_relics":[{"not_picked":["Velvet Choker","White Beast Statue"],"picked":"Snecko Eye"},{"not_picked":["Black Blood","Tiny House"],"picked":"Pandora\u0027s Box"}],"items_purged_floors":[19,37],"is_endless":false,"potions_floor_spawned":[4,6,8,11,12,16,18,28,30,36,38,39,47],"ascension_level":0}