{"path_per_floor":["M","M","M","M","M","R","?","M","T","R","M","M","R","M","R","B",null,"M","M","M","$","?","E","R","M","T","M","$"],"character_chosen":"DEFECT","items_purchased":["Ancient Tea Set"],"gold_per_floor":[117,133,151,170,183,183,183,198,222,222,237,251,251,263,263,360,360,377,392,410,335,335,363,363,382,382,402,246,246],"floor_reached":29,"campfire_rested":2,"playtime":1719,"current_hp_per_floor":[71,65,65,55,49,49,37,22,22,44,29,27,49,49,49,11,75,55,47,36,36,36,22,22,21,21,11,11,0],"items_purged":["Chaos"],"gold":246,"score":243,"play_id":"d4f4ae2a-576c-4ab0-81cc-cbd351f9a2d1","local_time":"20180503003313","is_prod":false,"is_daily":false,"chose_seed":false,"is_ascension_mode":false,"campfire_upgraded":3,"timestamp":1525321993,"path_taken":["M","M","M","M","?","R","?","?","T","R","M","M","R","M","R","BOSS","M","M","M","$","?","E","R","M","T","M","?","M"],"build_version":"2018-05-01v2","seed_source_timestamp":307208683028467,"purchased_purges":1,"victory":false,"master_deck":["Zap","Dualcast","Stack","Melter","Coolheaded","Stack","Defragment+1","Reprieve","Ball Lightning","Buffer+1","Echo Form","Axe Kick","Ball Lightning","Go for the Eyes","Beam Cell","Impulse","Stack","Cold Snap","Self Repair","Blizzard","Glacier+1","Go for the Eyes","Reinforced Body","Blaster","Leap+1"],"max_hp_per_floor":[75,75,75,75,75,75,75,75,75,75,75,75,75,75,75,75,75,75,75,75,75,75,75,75,75,75,75,75,75],"relics":["Cracked Core","Sundial","Lantern","Pandora\u0027s Box","Blood Vial","Toxic Egg 2","Ancient Tea Set"],"card_choices":[{"not_picked":["Barrage","Go for the Eyes"],"picked":"Stack","floor":1},{"not_picked":["Double Energy","Skim"],"picked":"Melter","floor":2},{"not_picked":["Hologram","Go for the Eyes"],"picked":"Coolheaded","floor":3},{"not_picked":["Axe Kick","Rebound"],"picked":"Stack","floor":4},{"not_picked":["Nova","Chaos"],"picked":"Defragment","floor":5},{"not_picked":["Recycle","Beam Cell"],"picked":"Reprieve","floor":8},{"not_picked":["Coolheaded","Barrage"],"picked":"Ball Lightning","floor":11},{"not_picked":["Coolheaded","Hologram"],"picked":"Buffer","floor":12},{"not_picked":["Fusion","Fission"],"picked":"Echo Form","floor":16},{"not_picked":["Scrape","Sweeping Beam"],"picked":"Self Repair","floor":18},{"not_picked":["Undo","Chill"],"picked":"Blizzard","floor":19},{"not_picked":["Ball Lightning","Skim"],"picked":"Glacier","floor":20},{"not_picked":["Skim","FTL"],"picked":"Reinforced Body","floor":23},{"not_picked":["Coolheaded","Undo"],"picked":"Blaster","floor":25},{"not_picked":["Auto Shields","Coolheaded"],"picked":"Leap","floor":27}],"player_experience":193247,"potions_floor_usage":[16,16,16,29,29],"damage_taken":[{"damage":4,"enemies":"Cultist","floor":1,"turns":4},{"damage":6,"enemies":"Jaw Worm","floor":2,"turns":3},{"damage":0,"enemies":"Small Slimes","floor":3,"turns":3},{"damage":10,"enemies":"3 Louse","floor":4,"turns":4},{"damage":6,"enemies":"Red Slaver","floor":5,"turns":4},{"damage":15,"enemies":"Exordium Thugs","floor":8,"turns":5},{"damage":15,"enemies":"Looter","floor":11,"turns":3},{"damage":2,"enemies":"2 Fungi Beasts","floor":12,"turns":3},{"damage":0,"enemies":"Large Slime","floor":14,"turns":4},{"damage":38,"enemies":"Hexaghost","floor":16,"turns":10},{"damage":20,"enemies":"Chosen","floor":18,"turns":5},{"damage":15,"enemies":"Shell Parasite","floor":19,"turns":7},{"damage":25,"enemies":"3 Cultists","floor":20,"turns":5},{"damage":21,"enemies":"Book of Stabbing","floor":23,"turns":7},{"damage":17,"enemies":"Sentry and Sphere","floor":25,"turns":9},{"damage":19,"enemies":"Snake Plant","floor":27,"turns":6},{"damage":18,"enemies":"Cultist and Chosen","floor":29,"turns":2}],"event_choices":[{"event_name":"Scrap Ooze","player_choice":"success","floor":7,"damage_taken":12},{"event_name":"Transmorgrifier","player_choice":"Transform","floor":22,"damage_taken":0}],"boss_relics":[{"not_picked":["Eternal Feather","Philosopher\u0027s Stone"],"picked":"Pandora\u0027s Box"}],"potions_floor_spawned":[3,8,12,14,20,27],"seed_played":"-4320587648196593619","killed_by":"Cultist and Chosen","ascension_level":0,"is_trial":false}