{"gold_per_floor":[110,126,103,103,119,119,144,6,54,54,68,101,117,127,127,229,229],"floor_reached":17,"playtime":784,"items_purged":[],"score":267,"play_id":"7673f8d1-ac44-4fb8-bc88-92f93fe4d2ad","local_time":"20190406162510","is_ascension_mode":true,"campfire_choices":[{"data":"Bash","floor":6,"key":"SMITH"},{"data":"Bludgeon","floor":10,"key":"SMITH"},{"data":"Inflame","floor":15,"key":"SMITH"}],"neow_cost":"NONE","seed_source_timestamp":1606550031330458,"circlet_count":0,"master_deck":["AscendersBane","Strike_R","Strike_R","Strike_R","Strike_R","Strike_R","Defend_R","Defend_R","Defend_R","Defend_R","Bash+1","Rampage","Anger","Shrug It Off","Dropkick","Bludgeon+1","Headbutt","Headbutt","Shrug It Off","Inflame+1","Double Tap"],"relics":["Burning Blood","Oddly Smooth Stone","Dream Catcher","Happy Flower","Mark of Pain"],"potions_floor_usage":[],"damage_taken":[{"damage":18,"enemies":"Cultist","floor":1,"turns":6},{"damage":13,"enemies":"Jaw Worm","floor":2,"turns":4},{"damage":0,"enemies":"2 Louse","floor":5,"turns":3},{"damage":30,"enemies":"Gremlin Nob","floor":7,"turns":4},{"damage":0,"enemies":"Looter","floor":11,"turns":2},{"damage":23,"enemies":"3 Sentries","floor":12,"turns":7},{"damage":21,"enemies":"Lots of Slimes","floor":13,"turns":6},{"damage":3,"enemies":"Exordium Wildlife","floor":14,"turns":3},{"damage":12,"enemies":"Hexaghost","floor":16,"turns":8}],"seed_played":"-5882280266602641586","potions_obtained":[{"floor":1,"key":"GamblersBrew"},{"floor":2,"key":"Block Potion"},{"floor":12,"key":"BloodPotion"},{"floor":14,"key":"Strength Potion"}],"is_trial":false,"path_per_floor":["M","M","$","?","M","R","E","$","T","R","M","E","M","M","R","B",null],"character_chosen":"IRONCLAD","items_purchased":["Anger","Bludgeon"],"campfire_rested":0,"item_purchase_floors":[3,8],"current_hp_per_floor":[68,61,61,61,67,67,43,43,43,43,49,32,17,20,20,14,14],"gold":229,"neow_bonus":"TEN_PERCENT_HP_BONUS","is_prod":false,"is_daily":false,"chose_seed":false,"campfire_upgraded":3,"win_rate":0,"timestamp":1554593110,"path_taken":["M","M","$","?","M","R","E","$","T","R","M","E","M","M","R","BOSS"],"build_version":"2019-01-23","purchased_purges":0,"victory":false,"max_hp_per_floor":[88,88,88,88,88,88,88,88,88,88,88,88,88,88,88,88,88],"card_choices":[{"not_picked":["Combust","Clothesline"],"picked":"Rampage","floor":1},{"not_picked":["Blood for Blood","Cleave","Flex"],"picked":"SKIP","floor":2},{"not_picked":["Warcry","Evolve"],"picked":"Shrug It Off","floor":5},{"not_picked":["Combust","Havoc"],"picked":"Dropkick","floor":7},{"not_picked":["Twin Strike","Perfected Strike"],"picked":"Headbutt","floor":11},{"not_picked":["Pummel","Bludgeon"],"picked":"Headbutt","floor":12},{"not_picked":["Rampage","True Grit"],"picked":"Shrug It Off","floor":13},{"not_picked":["Bloodletting","True Grit"],"picked":"Inflame","floor":14},{"not_picked":["Feed","Bludgeon"],"picked":"Double Tap","floor":16}],"player_experience":174207,"relics_obtained":[{"floor":7,"key":"Oddly Smooth Stone"},{"floor":9,"key":"Dream Catcher"},{"floor":12,"key":"Happy Flower"}],"event_choices":[{"damage_healed":0,"gold_gain":0,"player_choice":"Ignored","damage_taken":0,"max_hp_gain":0,"max_hp_loss":0,"event_name":"Liars Game","floor":4,"gold_loss":0}],"is_beta":false,"boss_relics":[{"not_picked":["Fusion Hammer","Orrery"],"picked":"Mark of Pain"}],"items_purged_floors":[],"is_endless":false,"potions_floor_spawned":[1,2,12,14,16],"ascension_level":12}