{"path_per_floor":["M","M","?","M","?","R","E","M","T","M","M","T","E","M","R","B",null,"M","?","$","M","M","R","E","R","T","M","M","$","?","?","R"],"character_chosen":"IRONCLAD","items_purchased":["Whetstone","Oddly Smooth Stone","Perfected Strike"],"gold_per_floor":[114,128,128,138,138,138,163,183,208,218,228,254,282,293,293,398,398,411,411,45,59,79,79,107,107,107,126,137,115,115,115,115],"floor_reached":33,"campfire_rested":3,"playtime":2746,"current_hp_per_floor":[80,80,68,68,68,68,48,52,52,58,63,63,47,37,76,36,80,63,63,63,72,42,80,73,73,73,80,44,44,29,29,69],"items_purged":["Regret"],"gold":115,"play_id":"43b1982d-7116-4f50-80b2-5a43c57b5751","is_prod":false,"is_daily":false,"is_ascension_mode":false,"campfire_upgraded":2,"path_taken":["M","M","?","M","?","R","E","?","T","M","M","?","E","M","R","BOSS","M","?","$","M","M","R","E","R","T","M","?","$","?","?","R","BOSS"],"build_version":"2018-01-25-PROD3","purchased_purges":2,"victory":false,"master_deck":["Strike_R","Strike_R","Strike_R","Strike_R","Strike_R","Defend_R+1","Defend_R+1","Defend_R","Defend_R","Bash","Combust+1","Sword Boomerang","Bludgeon+1","Iron Wave","Thunderclap","Twin Strike+1","Cleave","Blood for Blood","Reaper+1","Iron Wave","Pommel Strike","Dual Wield+1","Perfected Strike","Armaments","Perfected Strike","Perfected Strike"],"max_hp_per_floor":[80,80,80,80,80,80,80,80,80,80,80,80,80,80,80,80,80,80,80,80,80,80,80,80,80,80,80,80,80,85,85,85],"relics":["Black Blood","Mercury Hourglass","Ginger","Gremlin Horn","Lantern","War Paint","Regal Pillow","Whetstone","Oddly Smooth Stone","Bottled Tornado","Happy Flower"],"card_choices":[{"not_picked":["Bloodletting","True Grit"],"picked":"Combust"},{"not_picked":["Hemokinesis","Clothesline"],"picked":"Sword Boomerang"},{"not_picked":["Armaments","Thunderclap"],"picked":"Bludgeon"},{"not_picked":["Clothesline","Intimidate"],"picked":"Iron Wave"},{"not_picked":["Shockwave","Warcry"],"picked":"Thunderclap"},{"not_picked":["Berserk","Body Slam"],"picked":"Twin Strike"},{"not_picked":["Headbutt","True Grit"],"picked":"Cleave"},{"not_picked":["Barricade","Dual Wield"],"picked":"Blood for Blood"},{"not_picked":["Brutality","Fiend Fire"],"picked":"Reaper"},{"not_picked":["Perfected Strike","Combust"],"picked":"Iron Wave"},{"not_picked":["Clash","Cleave"],"picked":"Pommel Strike"},{"not_picked":["Pommel Strike","Body Slam"],"picked":"Dual Wield"},{"not_picked":["Feed","Cleave"],"picked":"Perfected Strike"},{"not_picked":["Dual Wield","Cleave"],"picked":"Armaments"}],"player_experience":0,"potions_floor_usage":[22,33,33,33],"damage_taken":[{"damage":5.0,"enemies":"Small Slimes","floor":1.0,"turns":5.0},{"damage":2.0,"enemies":"2 Louse","floor":2.0,"turns":5.0},{"damage":6.0,"enemies":"Jaw Worm","floor":4.0,"turns":4.0},{"damage":26.0,"enemies":"3 Sentries","floor":7.0,"turns":6.0},{"damage":2.0,"enemies":"Exordium Wildlife","floor":8.0,"turns":2.0},{"damage":0.0,"enemies":"Looter","floor":10.0,"turns":1.0},{"damage":1.0,"enemies":"Exordium Thugs","floor":11.0,"turns":3.0},{"damage":22.0,"enemies":"Lagavulin","floor":13.0,"turns":5.0},{"damage":16.0,"enemies":"Exordium Wildlife","floor":14.0,"turns":3.0},{"damage":46.0,"enemies":"The Guardian","floor":16.0,"turns":8.0},{"damage":27,"enemies":"2 Thieves","floor":18,"turns":3},{"damage":1,"enemies":"Spheric Guardian","floor":21,"turns":3},{"damage":40,"enemies":"Slaver and Parasite","floor":22,"turns":6},{"damage":32,"enemies":"Slavers","floor":24,"turns":4},{"damage":3,"enemies":"3 Cultists","floor":27,"turns":4},{"damage":46,"enemies":"Centurion and Healer","floor":28,"turns":5},{"damage":76,"enemies":"Champ","floor":33,"turns":10}],"event_choices":[{"event_name":"Scrap Ooze","player_choice":"success","floor":3.0,"damage_taken":12.0},{"event_name":"Big Fish","player_choice":"Box","floor":5.0,"damage_taken":0.0},{"event_name":"Drug Dealer","player_choice":"Ignored","floor":19,"damage_taken":0},{"event_name":"Forgotten Altar","player_choice":"Shed Blood","floor":30,"damage_taken":0},{"event_name":"The Library","player_choice":"Read","floor":31,"damage_taken":0}],"boss_relics":[{"not_picked":["Runic Pyramid","Runic Cube"],"picked":"Black Blood"}],"potions_floor_spawned":[1,4,11,14,16,21,24,27,28],"seed_played":"-7631513995429026303","killed_by":"Champ","ascension_level":0,"is_trial":false}