{"gold_per_floor":[115,115,133,53,63,142,172,99,99,99,109,109,127,127],"floor_reached":14,"playtime":456,"items_purged":[],"score":135,"play_id":"4e11615b-390a-4700-b057-11373f200893","local_time":"20190418213041","is_ascension_mode":true,"campfire_choices":[{"floor":10.0,"key":"REST"},{"data":"Limit Break","floor":12.0,"key":"SMITH"}],"neow_cost":"NONE","seed_source_timestamp":297310304166900,"circlet_count":0,"master_deck":["AscendersBane","Strike_R","Strike_R","Strike_R","Strike_R","Strike_R","Defend_R","Defend_R","Defend_R","Defend_R","Bash+1","Iron Wave","True Grit","Uppercut","Feel No Pain","Limit Break+1","Spot Weakness","Whirlwind"],"special_seed":0,"relics":["Burning Blood","Calipers","Dodecahedron"],"potions_floor_usage":[14],"damage_taken":[{"damage":4.0,"enemies":"Small Slimes","floor":1.0,"turns":4.0},{"damage":6.0,"enemies":"Jaw Worm","floor":3.0,"turns":5.0},{"damage":1.0,"enemies":"Cultist","floor":5.0,"turns":3.0},{"damage":55.0,"enemies":"Gremlin Nob","floor":7.0,"turns":6.0},{"damage":12.0,"enemies":"Exordium Wildlife","floor":11.0,"turns":5.0},{"damage":49.0,"enemies":"Gremlin Gang","floor":13.0,"turns":6.0},{"damage":27,"enemies":"Red Slaver","floor":14,"turns":3}],"seed_played":"-5146890777758409541","potions_obtained":[{"floor":11.0,"key":"Energy Potion"},{"floor":13.0,"key":"Poison Potion"}],"is_trial":false,"path_per_floor":["M","?","M","$","M","?","E","$","T","R","M","R","M","M"],"character_chosen":"IRONCLAD","items_purchased":["Uppercut","Spot Weakness"],"campfire_rested":1,"item_purchase_floors":[4,8],"current_hp_per_floor":[82,82,82,82,87,87,38,38,38,64,58,58,15,0],"gold":127,"neow_bonus":"TEN_PERCENT_HP_BONUS","is_prod":false,"is_daily":false,"chose_seed":false,"campfire_upgraded":1,"win_rate":0,"timestamp":1555637441,"path_taken":["M","?","M","$","M","?","E","$","T","R","M","R","?","M"],"build_version":"2019-01-23","purchased_purges":0,"victory":false,"max_hp_per_floor":[88,88,88,88,88,88,88,88,88,88,88,88,88,88],"card_choices":[{"not_picked":["Shrug It Off","Bloodletting"],"picked":"Iron Wave","floor":1.0},{"not_picked":["Warcry","Second Wind"],"picked":"True Grit","floor":3.0},{"not_picked":["Thunderclap","Battle Trance"],"picked":"Feel No Pain","floor":5.0},{"not_picked":["Intimidate","Rage"],"picked":"Limit Break","floor":7.0},{"not_picked":["Bloodletting","Clash","Searing Blow"],"picked":"SKIP","floor":11.0},{"not_picked":["Wild Strike","Dropkick"],"picked":"Whirlwind","floor":13.0}],"player_experience":581320,"relics_obtained":[{"floor":7.0,"key":"Calipers"},{"floor":9.0,"key":"Dodecahedron"}],"event_choices":[{"damage_healed":0.0,"max_hp_gain":0.0,"max_hp_loss":0.0,"gold_gain":0.0,"event_name":"Living Wall","player_choice":"Grow","floor":2.0,"gold_loss":0.0,"damage_taken":0.0,"cards_upgraded":["Bash"]},{"damage_healed":0.0,"max_hp_gain":0.0,"max_hp_loss":0.0,"gold_gain":79.0,"event_name":"Golden Wing","player_choice":"Gained Gold","floor":6.0,"gold_loss":0.0,"damage_taken":0.0}],"is_beta":false,"boss_relics":[],"items_purged_floors":[],"is_endless":false,"potions_floor_spawned":[11,13],"killed_by":"Red Slaver","ascension_level":10}