{"gold_per_floor":[367,292,310,310,322,322,333,333,358,373,373,402,413,363,363,465,465,481,136,136,152,152,152,187,197,221,221,221],"floor_reached":28,"playtime":2178,"items_purged":[],"score":262,"play_id":"6a7017b6-136c-450f-bd6b-49fc56afcc33","local_time":"20190305163734","is_ascension_mode":true,"campfire_choices":[{"data":"Sword Boomerang","floor":6,"key":"SMITH"},{"floor":8,"key":"REST"},{"data":"Metallicize","floor":11,"key":"SMITH"},{"floor":15,"key":"REST"},{"floor":23,"key":"REST"}],"neow_cost":"PERCENT_DAMAGE","seed_source_timestamp":49526963337968,"circlet_count":0,"master_deck":["Strike_R","Strike_R","Strike_R","Strike_R","Strike_R","Defend_R","Defend_R","Defend_R","Defend_R","Bash","Flex","Corruption","Sword Boomerang+1","Cleave","Iron Wave","Metallicize+1","Juggernaut","Hemokinesis","Reaper","Uppercut","Shockwave","Dropkick","Uppercut+1","RitualDagger","Headbutt","Body Slam","Decay"],"relics":["Burning Blood","Vajra","Boot","Darkstone Periapt","Runic Cube","Lantern","MutagenicStrength","PreservedInsect","Pen Nib"],"potions_floor_usage":[16,16],"damage_taken":[{"damage":8,"enemies":"2 Louse","floor":1,"turns":3},{"damage":13,"enemies":"Jaw Worm","floor":3,"turns":4},{"damage":12,"enemies":"Small Slimes","floor":5,"turns":3},{"damage":13,"enemies":"2 Fungi Beasts","floor":7,"turns":3},{"damage":0,"enemies":"3 Louse","floor":10,"turns":1},{"damage":42,"enemies":"Lagavulin","floor":12,"turns":8},{"damage":5,"enemies":"Large Slime","floor":13,"turns":6},{"damage":39,"enemies":"Hexaghost","floor":16,"turns":9},{"damage":21,"enemies":"Chosen","floor":18,"turns":5},{"damage":35,"enemies":"Shell Parasite","floor":21,"turns":6},{"damage":41,"enemies":"Gremlin Leader","floor":24,"turns":7},{"damage":32,"enemies":"Centurion and Healer","floor":25,"turns":6},{"damage":52,"enemies":"Shelled Parasite and Fungi","floor":28,"turns":4}],"seed_played":"5927066221627803779","potions_obtained":[{"floor":10,"key":"FearPotion"},{"floor":12,"key":"Regen Potion"},{"floor":16,"key":"GamblersBrew"},{"floor":24,"key":"Fire Potion"},{"floor":25,"key":"LiquidBronze"}],"is_trial":false,"path_per_floor":["?","?","?","?","?"],"character_chosen":"IRONCLAD","items_purchased":["Corruption","Lantern","Shockwave","Dropkick","FearPotion"],"campfire_rested":3,"item_purchase_floors":[2,19,19,19,19],"current_hp_per_floor":[54,54,47,47,41,41,34,58,58,64,64,28,29,29,53,29,80,71,71,71,51,45,69,41,35,35,41,0],"gold":221,"neow_bonus":"TWO_FIFTY_GOLD","is_prod":false,"is_daily":false,"chose_seed":false,"campfire_upgraded":2,"win_rate":0,"timestamp":1551803854,"path_taken":["M","$","M","?","M","R","M","R","T","M","R","E","M","?","R","BOSS","M","$","?","M","?","R","E","M","T","?","M"],"build_version":"2019-01-23","purchased_purges":0,"victory":false,"max_hp_per_floor":[80,80,80,80,80,80,80,80,80,80,80,80,80,80,80,80,80,80,80,80,80,80,80,80,80,80,86,86],"card_choices":[{"not_picked":["Anger","Blood for Blood"],"picked":"Flex","floor":1},{"not_picked":["Flex","Reckless Charge"],"picked":"Sword Boomerang","floor":3},{"not_picked":["Perfected Strike","Power Through"],"picked":"Cleave","floor":5},{"not_picked":["Wild Strike","Body Slam"],"picked":"Iron Wave","floor":7},{"not_picked":["Iron Wave","Pummel"],"picked":"Metallicize","floor":10},{"not_picked":["Searing Blow","Warcry"],"picked":"Juggernaut","floor":12},{"not_picked":["Anger","Battle Trance"],"picked":"Hemokinesis","floor":13},{"not_picked":["Offering","Immolate"],"picked":"Reaper","floor":16},{"not_picked":["Evolve+1","Metallicize"],"picked":"Uppercut","floor":18},{"not_picked":["Disarm","Armaments"],"picked":"Uppercut+1","floor":21},{"not_picked":["Anger+1","Dropkick"],"picked":"Headbutt","floor":24},{"not_picked":["Limit Break","Flex+1"],"picked":"Body Slam","floor":25}],"player_experience":115176,"relics_obtained":[{"floor":9,"key":"Boot"},{"floor":12,"key":"Darkstone Periapt"},{"floor":24,"key":"PreservedInsect"},{"floor":26,"key":"Pen Nib"}],"event_choices":[{"damage_healed":0,"gold_gain":0,"player_choice":"Box","damage_taken":0,"relics_obtained":["Vajra"],"max_hp_gain":0,"max_hp_loss":0,"event_name":"Big Fish","floor":4,"gold_loss":0,"cards_obtained":["Regret"]},{"cards_removed":["Regret"],"damage_healed":0,"gold_gain":0,"player_choice":"Card Removal","damage_taken":0,"max_hp_gain":0,"max_hp_loss":0,"event_name":"The Cleric","floor":14,"gold_loss":50},{"damage_healed":0,"gold_gain":0,"player_choice":"Inject Mutagens","damage_taken":0,"relics_obtained":["MutagenicStrength"],"max_hp_gain":0,"max_hp_loss":0,"event_name":"Drug Dealer","floor":20,"gold_loss":0},{"damage_healed":0,"gold_gain":0,"player_choice":"Joined the Cult","damage_taken":6,"max_hp_gain":0,"max_hp_loss":0,"event_name":"Nest","floor":22,"gold_loss":0,"cards_obtained":["RitualDagger"]},{"damage_healed":0,"gold_gain":0,"player_choice":"Smashed Altar","damage_taken":0,"max_hp_gain":0,"max_hp_loss":0,"event_name":"Forgotten Altar","floor":27,"gold_loss":0,"cards_obtained":["Decay"]}],"is_beta":false,"boss_relics":[{"not_picked":["Sozu","Orrery"],"picked":"Runic Cube"}],"items_purged_floors":[],"is_endless":false,"potions_floor_spawned":[10,12,16,24,25],"killed_by":"Shelled Parasite and Fungi","ascension_level":2}