{"gold_per_floor":[12,23,41,53,53,88,88,129,129,153,174,190,223,41,41,165,165,180,201,201],"floor_reached":20,"playtime":861,"items_purged":[],"score":218,"play_id":"55341bb8-5e56-4f62-a89d-265ce3a4c430","local_time":"20190115210257","is_ascension_mode":true,"campfire_choices":[{"data":"Apotheosis","floor":15.0,"key":"SMITH"}],"neow_cost":"NO_GOLD","seed_source_timestamp":12374528976100,"circlet_count":0,"master_deck":["Strike_R","Strike_R","Defend_R","Defend_R","Defend_R","Defend_R","Bash","Spot Weakness","Infernal Blade","Wild Strike","Fiend Fire","Corruption","Injury","Immolate","Pommel Strike","Rampage","Armaments","Apotheosis+1","Barricade","Cleave+1","Flex+1","Fiend Fire+1","Rupture","Headbutt"],"special_seed":0,"relics":["Burning Blood","Unceasing Top","Meat on the Bone","Darkstone Periapt","Golden Idol","Sundial","Blue Candle","Omamori","Astrolabe"],"potions_floor_usage":[],"damage_taken":[{"damage":4.0,"enemies":"2 Louse","floor":1.0,"turns":3.0},{"damage":14.0,"enemies":"Jaw Worm","floor":2.0,"turns":5.0},{"damage":12.0,"enemies":"Small Slimes","floor":3.0,"turns":3.0},{"damage":6.0,"enemies":"Blue Slaver","floor":4.0,"turns":3.0},{"damage":21.0,"enemies":"Lagavulin","floor":6.0,"turns":5.0},{"damage":35.0,"enemies":"3 Sentries","floor":8.0,"turns":8.0},{"damage":1.0,"enemies":"Large Slime","floor":10.0,"turns":5.0},{"damage":13.0,"enemies":"Looter","floor":11.0,"turns":3.0},{"damage":13.0,"enemies":"Exordium Wildlife","floor":12.0,"turns":4.0},{"damage":19.0,"enemies":"Gremlin Nob","floor":13.0,"turns":4.0},{"damage":33.0,"enemies":"The Guardian","floor":16.0,"turns":9.0},{"damage":6,"enemies":"Spheric Guardian","floor":18,"turns":3},{"damage":54,"enemies":"3 Byrds","floor":19,"turns":6},{"damage":51,"enemies":"Snake Plant","floor":20,"turns":4}],"seed_played":"-5340426170797131367","potions_obtained":[{"floor":1.0,"key":"PowerPotion"},{"floor":8.0,"key":"Poison Potion"},{"floor":10.0,"key":"Poison Potion"},{"floor":12.0,"key":"SkillPotion"}],"is_trial":false,"path_per_floor":["M","M","M","M","?","E","?","E","T","M","M","M","E","$","R","B",null,"M","M","M"],"character_chosen":"IRONCLAD","items_purchased":["Apotheosis"],"campfire_rested":0,"item_purchase_floors":[14],"current_hp_per_floor":[80,72,66,66,63,48,54,37,37,54,59,52,51,51,51,36,86,86,50,0],"gold":201,"neow_bonus":"ONE_RARE_RELIC","is_prod":false,"is_daily":false,"chose_seed":false,"campfire_upgraded":1,"win_rate":0,"timestamp":1547604177,"path_taken":["M","M","M","M","?","E","?","E","T","M","M","M","E","?","R","BOSS","M","M","M"],"build_version":"2019-01-10","purchased_purges":0,"victory":false,"max_hp_per_floor":[80,80,80,80,80,80,86,86,86,86,86,86,86,86,86,86,86,86,86,86],"card_choices":[{"not_picked":["Dropkick","Sword Boomerang"],"picked":"Spot Weakness","floor":1.0},{"not_picked":["True Grit","Clash"],"picked":"Infernal Blade","floor":2.0},{"not_picked":["Ghostly Armor","Second Wind"],"picked":"Wild Strike","floor":3.0},{"not_picked":["True Grit","Flex"],"picked":"Fiend Fire","floor":4.0},{"not_picked":["Twin Strike","Sword Boomerang"],"picked":"Corruption","floor":6.0},{"not_picked":["Twin Strike","Fire Breathing"],"picked":"Immolate","floor":8.0},{"not_picked":["Havoc","Pommel Strike","Cleave"],"picked":"SKIP","floor":10.0},{"not_picked":["Havoc","Cleave"],"picked":"Pommel Strike","floor":10.0},{"not_picked":["Shrug It Off","Twin Strike","Iron Wave"],"picked":"SKIP","floor":11.0},{"not_picked":["Exhume","Cleave"],"picked":"Rampage","floor":12.0},{"not_picked":["Corruption","Flame Barrier"],"picked":"Armaments","floor":13.0},{"not_picked":["Dark Embrace","Exhume"],"picked":"Barricade","floor":16.0},{"not_picked":["Seeing Red+1","Havoc"],"picked":"Rupture","floor":18},{"not_picked":["Twin Strike","Cleave"],"picked":"Headbutt","floor":19}],"player_experience":342246,"relics_obtained":[{"floor":6.0,"key":"Darkstone Periapt"},{"floor":8.0,"key":"Sundial"},{"floor":9.0,"key":"Blue Candle"},{"floor":13.0,"key":"Omamori"}],"event_choices":[{"damage_healed":0.0,"max_hp_gain":0.0,"max_hp_loss":0.0,"gold_gain":0.0,"event_name":"Scrap Ooze","player_choice":"Success","floor":5.0,"gold_loss":0.0,"damage_taken":3.0,"relics_obtained":["Meat on the Bone"]},{"damage_healed":0.0,"max_hp_gain":0.0,"max_hp_loss":0.0,"gold_gain":0.0,"event_name":"Golden Idol","player_choice":"Take Wound","floor":7.0,"gold_loss":0.0,"damage_taken":0.0,"relics_obtained":["Golden Idol"],"cards_obtained":["Injury"]}],"is_beta":false,"boss_relics":[{"not_picked":["Mark of Pain","Velvet Choker"],"picked":"Astrolabe"}],"items_purged_floors":[],"is_endless":false,"potions_floor_spawned":[1,8,10,12],"killed_by":"Snake Plant","ascension_level":2}