{"gold_per_floor":[117,117,137,155,166,166,201,201,201,526,526,555,555,565,565,670,670,670,670,214,214,214,214,214,214,214,214,214,129,129,8,8,8,8,8,8,8,8,8,8,8,8,8,0,0,0,0,0,0,0,0,0,0,0,0],"floor_reached":55,"playtime":2987,"items_purged":["Decay","Strike_B"],"score":1380,"play_id":"1c9f81f0-8c13-4c37-aee3-5761f605e6d4","local_time":"20190214174500","is_ascension_mode":true,"campfire_choices":[{"data":"Darkness","floor":6.0,"key":"SMITH"},{"data":"Chill","floor":8.0,"key":"SMITH"},{"data":"Zap","floor":11.0,"key":"SMITH"},{"floor":15.0,"key":"REST"},{"data":"Echo Form","floor":24.0,"key":"SMITH"},{"data":"Capacitor","floor":32.0,"key":"SMITH"},{"floor":40.0,"key":"RECALL"},{"floor":45,"key":"REST"},{"data":"Loop","floor":49,"key":"SMITH"},{"data":"Ghostly","floor":52,"key":"SMITH"}],"neow_cost":"NONE","seed_source_timestamp":9606929533300,"circlet_count":0,"master_deck":["Strike_B","Strike_B","Strike_B+1","Defend_B","Defend_B","Defend_B","Defend_B","Zap+1","Dualcast","Multi-Cast","Sunder","Conserve Battery","Glacier","Darkness+1","Chill+1","Compile Driver+1","Glacier","Echo Form+1","Darkness+1","Ghostly","Ghostly","Ghostly","Ghostly","Ghostly+1","Core Surge","Capacitor+1","Loop+1","Double Energy+1","Madness","Madness","Thunder Strike","Purity"],"special_seed":0,"relics":["Cracked Core","Dead Branch","Old Coin","Juzu Bracelet","Ectoplasm","Orichalcum","Art of War","Nloth\u0027s Gift","Ginger","Bronze Scales","Smiling Mask","Potion Belt","Sozu","Emotion Chip","Centennial Puzzle","Red Mask","Blood Vial","Bottled Tornado"],"potions_floor_usage":[50,54],"damage_taken":[{"damage":6.0,"enemies":"Small Slimes","floor":1.0,"turns":3.0},{"damage":0.0,"enemies":"Cultist","floor":3.0,"turns":3.0},{"damage":0.0,"enemies":"2 Louse","floor":4.0,"turns":2.0},{"damage":0.0,"enemies":"Blue Slaver","floor":5.0,"turns":4.0},{"damage":3.0,"enemies":"Gremlin Nob","floor":7.0,"turns":4.0},{"damage":0.0,"enemies":"Lagavulin","floor":10.0,"turns":5.0},{"damage":17.0,"enemies":"Gremlin Nob","floor":12.0,"turns":5.0},{"damage":1.0,"enemies":"Red Slaver","floor":14.0,"turns":4.0},{"damage":30.0,"enemies":"Slime Boss","floor":16.0,"turns":6.0},{"damage":1.0,"enemies":"Chosen","floor":18.0,"turns":3.0},{"damage":8.0,"enemies":"Book of Stabbing","floor":23.0,"turns":6.0},{"damage":0.0,"enemies":"Shell Parasite","floor":27.0,"turns":4.0},{"damage":0.0,"enemies":"Gremlin Leader","floor":28.0,"turns":9.0},{"damage":0.0,"enemies":"Centurion and Healer","floor":30.0,"turns":8.0},{"damage":0.0,"enemies":"Collector","floor":33.0,"turns":7.0},{"damage":0.0,"enemies":"Orb Walker","floor":35.0,"turns":4.0},{"damage":0.0,"enemies":"2 Orb Walkers","floor":36.0,"turns":5.0},{"damage":0.0,"enemies":"Giant Head","floor":41.0,"turns":7.0},{"damage":0,"enemies":"Nemesis","floor":46,"turns":9},{"damage":0,"enemies":"3 Darklings","floor":48,"turns":6},{"damage":0,"enemies":"Awakened One","floor":50,"turns":11},{"damage":16,"enemies":"Shield and Spear","floor":54,"turns":9},{"damage":23,"enemies":"The Heart","floor":55,"turns":9}],"seed_played":"-5909359481384855695","potions_obtained":[{"floor":1.0,"key":"Swift Potion"},{"floor":3.0,"key":"Block Potion"},{"floor":5.0,"key":"Ancient Potion"},{"floor":12.0,"key":"GamblersBrew"},{"floor":23.0,"key":"Strength Potion"},{"floor":33.0,"key":"FearPotion"}],"is_trial":false,"path_per_floor":["M","?","M","M","M","R","E","R","T","E","R","E","?","M","R","B",null,"M","?","$","?","?","E","R","?","T","M","E","?","M","$","R","B",null,"M","?","?","$","?","R","E","$","T","?","R","E","?","M","R","B",null,"R","$","E","B"],"character_chosen":"DEFECT","items_purchased":["Doom and Gloom","Orichalcum","Art of War","Capacitor"],"campfire_rested":2,"item_purchase_floors":[20,20,20,31],"current_hp_per_floor":[62,62,62,62,62,62,59,59,59,59,59,42,27,26,48,18,61,60,60,60,60,37,29,29,37,37,37,37,37,37,37,37,37,37,37,37,37,37,32,32,32,32,32,32,37,37,37,37,37,37,37,37,37,21,0],"gold":0,"neow_bonus":"ONE_RANDOM_RARE_CARD","is_prod":false,"is_daily":false,"chose_seed":false,"campfire_upgraded":7,"win_rate":0,"timestamp":1550184300,"path_taken":["M","?","M","?","M","R","E","R","T","E","R","E","?","M","R","BOSS","M","?","$","?","?","E","R","?","T","M","E","?","M","?","R","BOSS","M","?","?","$","?","R","E","?","T","?","R","E","?","M","R","BOSS","R","$","E","BOSS"],"build_version":"2019-01-23","purchased_purges":2,"victory":false,"max_hp_per_floor":[75,75,75,75,75,75,75,75,75,75,75,75,75,75,75,75,75,75,75,75,75,37,37,37,37,37,37,37,37,37,37,37,37,37,37,37,37,37,37,37,37,37,37,37,37,37,37,37,37,37,37,37,37,37,37],"card_choices":[{"not_picked":["Go for the Eyes","Coolheaded"],"picked":"Sunder","floor":1.0},{"not_picked":["Reprogram","Tempest"],"picked":"Conserve Battery","floor":3.0},{"not_picked":["Capacitor","Recycle"],"picked":"Glacier","floor":4.0},{"not_picked":["Force Field","Coolheaded"],"picked":"Darkness","floor":5.0},{"not_picked":["Biased Cognition","Sweeping Beam"],"picked":"Chill","floor":7.0},{"not_picked":["Beam Cell","Amplify"],"picked":"Compile Driver","floor":10.0},{"not_picked":["Barrage","Leap"],"picked":"Glacier","floor":12.0},{"not_picked":["Stack","Heatsinks","Leap"],"picked":"SKIP","floor":14.0},{"not_picked":["Amplify","All For One"],"picked":"Echo Form","floor":16.0},{"not_picked":["Steam","Heatsinks","Beam Cell"],"picked":"SKIP","floor":18.0},{"not_picked":["Turbo","Electrodynamics","Redo+1"],"picked":"SKIP","floor":23.0},{"not_picked":["Gash+1","Stack","Steam"],"picked":"SKIP","floor":27.0},{"not_picked":["Conserve Battery","Steam Power"],"picked":"Core Surge","floor":28.0},{"not_picked":["Doom and Gloom+1","Ball Lightning","Stack"],"picked":"SKIP","floor":30.0},{"not_picked":["Coolheaded","Sweeping Beam+1"],"picked":"Loop","floor":35.0},{"not_picked":["White Noise","Barrage+1"],"picked":"Double Energy+1","floor":36.0},{"not_picked":["Turbo","Stack"],"picked":"Thunder Strike","floor":41.0},{"not_picked":["Sweeping Beam+1","Hologram+1","Cold Snap"],"picked":"SKIP","floor":46},{"not_picked":["Magnetism","Trip"],"picked":"Purity","floor":47},{"not_picked":["Hologram+1","BootSequence","Gash+1"],"picked":"SKIP","floor":48},{"not_picked":["Barrage","Conserve Battery","Hologram"],"picked":"SKIP","floor":54},{"not_picked":["Barrage","Conserve Battery","Hologram"],"picked":"SKIP","floor":54}],"player_experience":463221,"relics_obtained":[{"floor":7.0,"key":"Dead Branch"},{"floor":9.0,"key":"Turnip"},{"floor":10.0,"key":"Old Coin"},{"floor":12.0,"key":"Juzu Bracelet"},{"floor":23.0,"key":"Ginger"},{"floor":26.0,"key":"Bronze Scales"},{"floor":28.0,"key":"Smiling Mask"},{"floor":36.0,"key":"Emotion Chip"},{"floor":41.0,"key":"Centennial Puzzle"},{"floor":46,"key":"Blood Vial"},{"floor":54,"key":"Bottled Tornado"}],"event_choices":[{"damage_healed":0.0,"max_hp_gain":0.0,"max_hp_loss":0.0,"gold_gain":0.0,"event_name":"Wheel of Change","player_choice":"Cursed","floor":2.0,"gold_loss":0.0,"damage_taken":0.0,"cards_obtained":["Decay"]},{"damage_healed":0.0,"max_hp_gain":0.0,"max_hp_loss":0.0,"gold_gain":0.0,"event_name":"Shining Light","player_choice":"Entered Light","floor":13.0,"gold_loss":0.0,"damage_taken":15.0,"cards_upgraded":["Strike_B","Compile Driver"]},{"damage_healed":0.0,"max_hp_gain":0.0,"max_hp_loss":0.0,"gold_gain":0.0,"event_name":"Duplicator","player_choice":"Copied","floor":19.0,"gold_loss":0.0,"damage_taken":0.0,"cards_obtained":["Darkness"]},{"damage_healed":0.0,"max_hp_gain":0.0,"max_hp_loss":0.0,"gold_gain":0.0,"event_name":"N\u0027loth","player_choice":"Traded Relic","floor":21.0,"relics_lost":["Turnip"],"gold_loss":0.0,"damage_taken":0.0,"relics_obtained":["Nloth\u0027s Gift"]},{"damage_healed":0.0,"max_hp_gain":0.0,"max_hp_loss":38.0,"gold_gain":0.0,"event_name":"Ghosts","player_choice":"Became a Ghost","floor":22.0,"gold_loss":0.0,"damage_taken":0.0,"cards_obtained":["Ghostly","Ghostly","Ghostly","Ghostly","Ghostly"]},{"damage_healed":12.0,"max_hp_gain":0.0,"max_hp_loss":0.0,"gold_gain":0.0,"event_name":"The Library","player_choice":"Heal","floor":25.0,"gold_loss":0.0,"damage_taken":0.0},{"damage_healed":0.0,"max_hp_gain":0.0,"max_hp_loss":0.0,"gold_gain":0.0,"event_name":"Addict","player_choice":"Obtained Relic","floor":29.0,"gold_loss":85.0,"damage_taken":0.0,"relics_obtained":["Potion Belt"]},{"damage_healed":0.0,"max_hp_gain":0.0,"max_hp_loss":0.0,"gold_gain":0.0,"event_name":"Mysterious Sphere","player_choice":"Fight","floor":36.0,"gold_loss":0.0,"damage_taken":0.0},{"cards_removed":["Doom and Gloom"],"damage_healed":0.0,"max_hp_gain":0.0,"max_hp_loss":0.0,"gold_gain":0.0,"event_name":"Falling","player_choice":"Removed Attack","floor":37.0,"gold_loss":0.0,"damage_taken":0.0},{"damage_healed":0.0,"max_hp_gain":0.0,"max_hp_loss":0.0,"gold_gain":0.0,"event_name":"Winding Halls","player_choice":"Embrace Madness","floor":39.0,"gold_loss":0.0,"damage_taken":5.0,"cards_obtained":["Madness","Madness"]},{"damage_healed":0,"gold_gain":0,"player_choice":"Paid","damage_taken":0,"relics_obtained":["Red Mask"],"max_hp_gain":0,"max_hp_loss":0,"event_name":"Tomb of Lord Red Mask","floor":44,"gold_loss":8},{"damage_healed":0,"gold_gain":0,"player_choice":"Memory 1","damage_taken":0,"max_hp_gain":0,"max_hp_loss":0,"event_name":"SensoryStone","floor":47,"gold_loss":0}],"is_beta":false,"boss_relics":[{"not_picked":["Runic Dome","Inserter"],"picked":"Ectoplasm"},{"not_picked":["Philosopher\u0027s Stone","White Beast Statue"],"picked":"Sozu"}],"items_purged_floors":[20,31],"is_endless":false,"potions_floor_spawned":[1,3,5,12,14,23,27,33,41,46,54],"killed_by":"The Heart","ascension_level":8}