{"gold_per_floor":[112,34,34,46,63,63,93,93,93,93,11,41,41,67,67,168,168,187,200,200,48,63,63,38,50,75,106,106,120,120,135,135,232,232,251,22,41,41,51,51,51,65,65,15,15,15,26,37,37,37],"floor_reached":50,"playtime":5113,"items_purged":["Writhe"],"score":564,"play_id":"f953c551-d5de-41b7-8200-012733a077e7","local_time":"20190309154129","is_ascension_mode":true,"campfire_choices":[{"data":"Caltrops","floor":6,"key":"SMITH"},{"data":"Sucker Punch","floor":8,"key":"SMITH"},{"data":"Leg Sweep","floor":10,"key":"SMITH"},{"data":"Caltrops","floor":15,"key":"SMITH"},{"floor":23,"key":"REST"},{"floor":28,"key":"REST"},{"floor":32,"key":"REST"},{"floor":40,"key":"REST"},{"floor":49,"key":"REST"}],"neow_cost":"NONE","seed_source_timestamp":295535671239402,"circlet_count":0,"master_deck":["Defend_G","Defend_G","Defend_G","Strike_G","Strike_G","Strike_G","Survivor+1","Neutralize","Leg Sweep+1","Caltrops+1","Dodge and Roll","Dagger Spray","Caltrops+1","Finisher","Quick Slash+1","Dodge and Roll+1","Cloak And Dagger","Noxious Fumes","Leg Sweep","Noxious Fumes+1","PiercingWail+1","Malaise","Poisoned Stab+1","Envenom+1","Expertise+1","Cloak And Dagger+1","Deflect","Enlightenment","PiercingWail+1","Backflip","Flying Knee+1"],"relics":["Ring of the Snake","PreservedInsect","StoneCalendar","Gremlin Horn","Pear","Boot","Velvet Choker","Snake Skull","Lantern","War Paint","Bag of Preparation","Astrolabe","Anchor","Letter Opener"],"potions_floor_usage":[16,19,25,33,42,47,50,50],"damage_taken":[{"damage":1,"enemies":"Jaw Worm","floor":1,"turns":4},{"damage":0,"enemies":"Cultist","floor":4,"turns":4},{"damage":0,"enemies":"Small Slimes","floor":5,"turns":4},{"damage":12,"enemies":"Gremlin Nob","floor":7,"turns":5},{"damage":14,"enemies":"3 Sentries","floor":12,"turns":4},{"damage":1,"enemies":"The Guardian","floor":16,"turns":9},{"damage":6,"enemies":"3 Byrds","floor":18,"turns":3},{"damage":3,"enemies":"Chosen","floor":19,"turns":4},{"damage":24,"enemies":"Snake Plant","floor":22,"turns":4},{"damage":19,"enemies":"Sentry and Sphere","floor":25,"turns":5},{"damage":17,"enemies":"Gremlin Leader","floor":27,"turns":7},{"damage":7,"enemies":"Snecko","floor":29,"turns":7},{"damage":12,"enemies":"Colosseum Slavers","floor":30,"turns":4},{"damage":4,"enemies":"Cultist and Chosen","floor":31,"turns":5},{"damage":44,"enemies":"Collector","floor":33,"turns":9},{"damage":12,"enemies":"Orb Walker","floor":35,"turns":4},{"damage":12,"enemies":"3 Darklings","floor":37,"turns":4},{"damage":52,"enemies":"Writhing Mass","floor":39,"turns":6},{"damage":10,"enemies":"Jaw Worm Horde","floor":42,"turns":6},{"damage":24,"enemies":"4 Shapes","floor":47,"turns":4},{"damage":30,"enemies":"3 Darklings","floor":48,"turns":5},{"damage":56,"enemies":"Awakened One","floor":50,"turns":9}],"seed_played":"4650644591958662087","potions_obtained":[{"floor":5,"key":"Explosive Potion"},{"floor":7,"key":"SneckoOil"},{"floor":16,"key":"SpeedPotion"},{"floor":18,"key":"FairyPotion"},{"floor":19,"key":"Fire Potion"},{"floor":25,"key":"Fire Potion"},{"floor":35,"key":"GamblersBrew"},{"floor":42,"key":"Explosive Potion"},{"floor":48,"key":"Dexterity Potion"}],"is_trial":false,"path_per_floor":["?","M","$","T","?","?","?","?","$","?","?"],"character_chosen":"THE_SILENT","items_purchased":["Caltrops","Caltrops","Lantern","Cloak And Dagger","Anchor","Backflip"],"campfire_rested":5,"item_purchase_floors":[2,11,21,24,36,44],"current_hp_per_floor":[69,69,69,69,69,69,57,57,57,57,57,53,53,53,53,52,80,74,71,71,71,47,71,71,52,52,35,59,52,40,36,60,16,80,68,68,56,56,4,28,28,18,18,18,18,70,46,16,37,0],"gold":37,"neow_bonus":"RANDOM_COMMON_RELIC","is_prod":false,"is_daily":false,"chose_seed":false,"campfire_upgraded":4,"win_rate":0,"timestamp":1552146089,"path_taken":["M","$","?","?","M","R","E","R","T","R","$","E","?","?","R","BOSS","M","M","?","$","M","R","$","M","T","E","R","M","?","M","R","BOSS","M","$","M","?","M","R","?","M","T","?","?","?","M","M","R","BOSS"],"build_version":"2019-01-23","purchased_purges":1,"victory":false,"max_hp_per_floor":[70,70,70,70,70,70,70,70,70,70,70,80,80,80,80,80,80,80,80,80,80,80,80,80,80,80,80,80,80,80,80,80,80,80,80,80,80,80,80,80,80,80,80,80,80,70,70,70,70,70],"card_choices":[{"not_picked":["Poisoned Stab","Masterful Stab"],"picked":"Leg Sweep","floor":1},{"not_picked":["Acrobatics","Prepared"],"picked":"Dodge and Roll","floor":4},{"not_picked":["Poisoned Stab","Well Laid Plans"],"picked":"Sucker Punch","floor":5},{"not_picked":["Flying Knee","PiercingWail"],"picked":"Dagger Spray","floor":7},{"not_picked":["Predator","Tactician"],"picked":"Finisher","floor":12},{"not_picked":["Predator","Calculated Gamble+1"],"picked":"Quick Slash+1","floor":18},{"not_picked":["Eviscerate","Dagger Throw"],"picked":"Dodge and Roll","floor":19},{"not_picked":["Concentrate+1","Quick Slash","Choke+1"],"picked":"SKIP","floor":22},{"not_picked":["Blur","Slice"],"picked":"Noxious Fumes","floor":25},{"not_picked":["Die Die Die","Dagger Throw"],"picked":"Leg Sweep","floor":27},{"not_picked":["All Out Attack","Cloak And Dagger+1"],"picked":"Noxious Fumes+1","floor":29},{"not_picked":["Escape Plan+1","All Out Attack+1"],"picked":"PiercingWail+1","floor":31},{"not_picked":["Burst","Wraith Form v2"],"picked":"Malaise","floor":33},{"not_picked":["Deadly Poison+1","Slice"],"picked":"Cloak And Dagger+1","floor":35},{"not_picked":["Riddle With Holes","Dagger Throw","Reflex+1"],"picked":"SKIP","floor":37},{"not_picked":["Flechettes+1","Cloak And Dagger+1"],"picked":"Deflect","floor":39},{"not_picked":["Panacea","The Bomb"],"picked":"Enlightenment","floor":41},{"not_picked":["Dodge and Roll","Dash"],"picked":"PiercingWail+1","floor":42},{"not_picked":["Bane+1","Dagger Throw+1"],"picked":"Flying Knee+1","floor":47},{"not_picked":["Quick Slash","Deadly Poison","Bane+1"],"picked":"SKIP","floor":48}],"player_experience":177940,"relics_obtained":[{"floor":7,"key":"StoneCalendar"},{"floor":9,"key":"Gremlin Horn"},{"floor":12,"key":"Pear"},{"floor":14,"key":"Boot"},{"floor":26,"key":"War Paint"},{"floor":27,"key":"Bag of Preparation"},{"floor":43,"key":"Letter Opener"}],"event_choices":[{"cards_removed":["Defend_G"],"damage_healed":0,"gold_gain":0,"player_choice":"Offered Basic","damage_taken":0,"max_hp_gain":0,"max_hp_loss":0,"event_name":"Bonfire Elementals","floor":3,"gold_loss":0},{"damage_healed":0,"gold_gain":0,"player_choice":"Opened","damage_taken":0,"relics_obtained":["Snake Skull"],"max_hp_gain":0,"max_hp_loss":0,"event_name":"The Mausoleum","floor":20,"gold_loss":0,"cards_obtained":["Writhe"]},{"damage_healed":0,"gold_gain":0,"player_choice":"Fight","damage_taken":0,"max_hp_gain":0,"max_hp_loss":0,"event_name":"Colosseum","floor":30,"gold_loss":0},{"damage_healed":0,"gold_gain":0,"player_choice":"Fled From Nobs","damage_taken":0,"max_hp_gain":0,"max_hp_loss":0,"event_name":"Colosseum","floor":30,"gold_loss":0},{"cards_removed":["Sucker Punch"],"damage_healed":0,"gold_gain":0,"player_choice":"Removed Attack","damage_taken":0,"max_hp_gain":0,"max_hp_loss":0,"event_name":"Falling","floor":38,"gold_loss":0},{"damage_healed":0,"gold_gain":0,"player_choice":"Memory 1","damage_taken":0,"max_hp_gain":0,"max_hp_loss":0,"event_name":"SensoryStone","floor":41,"gold_loss":0},{"damage_healed":0,"gold_gain":0,"player_choice":"Ignored","damage_taken":0,"max_hp_gain":0,"max_hp_loss":0,"event_name":"Mysterious Sphere","floor":45,"gold_loss":0},{"damage_healed":70,"gold_gain":0,"player_choice":"Heal","damage_taken":0,"max_hp_gain":0,"max_hp_loss":10,"event_name":"The Moai Head","floor":46,"gold_loss":0}],"is_beta":false,"boss_relics":[{"not_picked":["Orrery","Empty Cage"],"picked":"Velvet Choker"},{"not_picked":["Runic Dome","HoveringKite"],"picked":"Astrolabe"}],"items_purged_floors":[36],"is_endless":false,"potions_floor_spawned":[5,7,16,18,19,25,30,35,42,48],"killed_by":"Awakened One","ascension_level":4}