{"gold_per_floor":[118,130,130,144,167,201,217,260,260,260,285,285,2,2,2,126,126,149,165,165,178,28,28,72,86,86,105,121,152,152,173,173,299,299,324,342,342,342,675,708,708,741,768,768,169,188,234,252,252,252],"floor_reached":51,"playtime":2329,"items_purged":["Strike_B","Strike_B","Go for the Eyes"],"score":884,"play_id":"9a93e2b3-215e-432b-8029-7c1de6b17815","local_time":"20190127123326","is_ascension_mode":false,"campfire_choices":[{"floor":10,"key":"REST"},{"floor":15,"key":"REST"},{"data":"Hologram","floor":23,"key":"SMITH"},{"floor":30,"key":"REST"},{"floor":32,"key":"REST"},{"data":"Strike_B","floor":41,"key":"PURGE"},{"data":"Zap","floor":49,"key":"PURGE"}],"neow_cost":"NONE","seed_source_timestamp":81384370053007,"circlet_count":0,"master_deck":["Defend_B","Defend_B","Defend_B","Defend_B+1","Dualcast","Cold Snap","Conserve Battery","Gash+1","Hologram","Gash","Hologram+1","Beam Cell+1","All For One","All For One","Steam+1","Gash","Coolheaded+1","Auto Shields+1","Skim+1","Seek+1","Gash+1","Stack+1","Dark Shackles+1","Steam+1","Go for the Eyes+1","Conserve Battery+1","Fusion+1","Hologram+1","Gash"],"relics":["Cracked Core","NeowsBlessing","Blood Vial","Centennial Puzzle","Peace Pipe","White Beast Statue","Toxic Egg 2","Bottled Flame","Bird Faced Urn","Fusion Hammer","Bag of Marbles","Whetstone","War Paint","Lee\u0027s Waffle","Shuriken","Ice Cream"],"potions_floor_usage":[6,18,19,24,28,29,29,33,36,40,42,47],"damage_taken":[{"damage":0,"enemies":"Cultist","floor":1,"turns":1},{"damage":0,"enemies":"2 Louse","floor":2,"turns":1},{"damage":0,"enemies":"Small Slimes","floor":4,"turns":1},{"damage":3,"enemies":"Exordium Thugs","floor":5,"turns":6},{"damage":14,"enemies":"3 Sentries","floor":6,"turns":10},{"damage":5,"enemies":"Looter","floor":7,"turns":3},{"damage":30,"enemies":"Lagavulin","floor":8,"turns":7},{"damage":0,"enemies":"2 Fungi Beasts","floor":11,"turns":4},{"damage":0,"enemies":"Slime Boss","floor":16,"turns":5},{"damage":0,"enemies":"Spheric Guardian","floor":18,"turns":3},{"damage":3,"enemies":"2 Thieves","floor":19,"turns":3},{"damage":17,"enemies":"Centurion and Healer","floor":21,"turns":4},{"damage":6,"enemies":"Book of Stabbing","floor":24,"turns":3},{"damage":19,"enemies":"Snake Plant","floor":25,"turns":5},{"damage":3,"enemies":"Cultist and Chosen","floor":27,"turns":3},{"damage":14,"enemies":"Centurion and Healer","floor":28,"turns":5},{"damage":7,"enemies":"Slavers","floor":29,"turns":2},{"damage":0,"enemies":"3 Cultists","floor":31,"turns":4},{"damage":35,"enemies":"Collector","floor":33,"turns":9},{"damage":2,"enemies":"3 Darklings","floor":35,"turns":3},{"damage":0,"enemies":"3 Shapes","floor":36,"turns":3},{"damage":8,"enemies":"Nemesis","floor":40,"turns":3},{"damage":4,"enemies":"Reptomancer","floor":42,"turns":4},{"damage":0,"enemies":"Sphere and 2 Shapes","floor":46,"turns":2},{"damage":5,"enemies":"2 Orb Walkers","floor":47,"turns":4},{"damage":0,"enemies":"Jaw Worm Horde","floor":48,"turns":4},{"damage":5,"enemies":"Donu and Deca","floor":50,"turns":4}],"seed_played":"-30766070104923959","potions_obtained":[{"floor":2,"key":"EssenceOfSteel"},{"floor":5,"key":"Block Potion"},{"floor":7,"key":"SpeedPotion"},{"floor":16,"key":"Strength Potion"},{"floor":18,"key":"LiquidBronze"},{"floor":19,"key":"Dexterity Potion"},{"floor":24,"key":"LiquidBronze"},{"floor":28,"key":"PowerPotion"},{"floor":29,"key":"Poison Potion"},{"floor":31,"key":"EssenceOfSteel"},{"floor":33,"key":"Swift Potion"},{"floor":36,"key":"Dexterity Potion"},{"floor":40,"key":"EssenceOfSteel"},{"floor":42,"key":"LiquidBronze"},{"floor":47,"key":"Weak Potion"}],"is_trial":false,"path_per_floor":["?","?","?","?","$","M","?","?","?","?","M","?"],"character_chosen":"DEFECT","items_purchased":["All For One","Hologram","Gash","Conserve Battery+1","Lee\u0027s Waffle","Shuriken"],"campfire_rested":4,"item_purchase_floors":[13,13,22,45,45,45],"current_hp_per_floor":[75,75,57,57,54,40,37,9,9,31,33,33,33,33,55,57,75,75,72,72,57,57,57,53,36,36,35,23,18,40,42,64,31,75,73,75,75,75,75,67,67,65,65,65,78,78,73,75,75,72],"gold":252,"neow_bonus":"THREE_ENEMY_KILL","is_prod":false,"is_daily":false,"chose_seed":false,"campfire_upgraded":1,"win_rate":0.0,"timestamp":1548621206,"path_taken":["M","M","?","M","M","E","M","E","T","R","M","?","$","?","R","BOSS","M","M","?","M","?","R","E","M","T","M","M","E","R","?","R","BOSS","M","M","?","?","?","E","R","E","T","?","$","?","?","M","R","BOSS"],"build_version":"2019-01-23","purchased_purges":3,"victory":true,"max_hp_per_floor":[75,75,75,75,75,75,75,75,75,75,75,75,75,75,75,75,75,75,75,75,75,75,75,75,75,75,75,75,75,75,75,75,75,75,75,75,75,75,75,75,75,75,75,71,78,78,78,78,78,78],"card_choices":[{"not_picked":["Streamline","Barrage"],"picked":"Cold Snap","floor":1},{"not_picked":["Storm","Beam Cell"],"picked":"Conserve Battery","floor":2},{"not_picked":["Go for the Eyes","Steam"],"picked":"Gash","floor":4},{"not_picked":["Static Discharge","Redo"],"picked":"Hologram","floor":5},{"not_picked":["Glacier","Reinforced Body"],"picked":"Gash","floor":6},{"not_picked":["Streamline","Ball Lightning","Sweeping Beam"],"picked":"SKIP","floor":7},{"not_picked":["Genetic Algorithm","Fission"],"picked":"Hologram","floor":8},{"not_picked":["Streamline","Ball Lightning"],"picked":"Beam Cell","floor":11},{"not_picked":["Seek","Rainbow"],"picked":"All For One","floor":16},{"not_picked":["Redo","White Noise"],"picked":"Steam","floor":18},{"not_picked":["Coolheaded","Doom and Gloom","Reprogram"],"picked":"SKIP","floor":19},{"not_picked":["Tempest","Ball Lightning","Compile Driver"],"picked":"SKIP","floor":21},{"not_picked":["Doom and Gloom","Cold Snap","Thunder Strike"],"picked":"SKIP","floor":24},{"not_picked":["Genetic Algorithm+1","Ball Lightning"],"picked":"Coolheaded+1","floor":25},{"not_picked":["Beam Cell","Heatsinks","Coolheaded+1"],"picked":"SKIP","floor":27},{"not_picked":["Genetic Algorithm+1","Redo+1"],"picked":"Go for the Eyes","floor":28},{"not_picked":["Force Field+1","Coolheaded+1"],"picked":"Auto Shields+1","floor":29},{"not_picked":["Fission+1","Static Discharge"],"picked":"Skim+1","floor":31},{"not_picked":["Reboot+1","Rainbow+1"],"picked":"Seek+1","floor":33},{"not_picked":["Conserve Battery+1","Heatsinks+1"],"picked":"Gash","floor":35},{"not_picked":["Coolheaded+1","Ball Lightning"],"picked":"Stack+1","floor":36},{"not_picked":["The Bomb+1","Deep Breath+1"],"picked":"Dark Shackles+1","floor":38},{"not_picked":["Cold Snap","Defragment+1"],"picked":"Steam+1","floor":40},{"not_picked":["Beam Cell","Compile Driver"],"picked":"Go for the Eyes+1","floor":42},{"not_picked":["Cold Snap+1","Leap+1"],"picked":"Fusion+1","floor":46},{"not_picked":["Blizzard+1","Conserve Battery+1"],"picked":"Hologram+1","floor":47},{"not_picked":["Sweeping Beam","Cold Snap+1"],"picked":"Gash","floor":48}],"player_experience":7248,"relics_obtained":[{"floor":6,"key":"Blood Vial"},{"floor":8,"key":"Centennial Puzzle"},{"floor":9,"key":"Peace Pipe"},{"floor":24,"key":"Toxic Egg 2"},{"floor":26,"key":"Bottled Flame"},{"floor":29,"key":"Bird Faced Urn"},{"floor":40,"key":"Bag of Marbles"},{"floor":42,"key":"Whetstone"},{"floor":43,"key":"War Paint"},{"floor":47,"key":"Ice Cream"}],"event_choices":[{"damage_healed":0,"gold_gain":0,"player_choice":"Take Damage","damage_taken":18,"relics_obtained":["Golden Idol"],"max_hp_gain":0,"max_hp_loss":0,"event_name":"Golden Idol","floor":3,"gold_loss":0},{"cards_removed":["Strike_B"],"damage_healed":0,"gold_gain":0,"player_choice":"Forget","damage_taken":0,"max_hp_gain":0,"max_hp_loss":0,"event_name":"Living Wall","floor":12,"gold_loss":0},{"damage_healed":0,"gold_gain":0,"player_choice":"Leave","damage_taken":0,"max_hp_gain":0,"max_hp_loss":0,"event_name":"The Cleric","floor":14,"gold_loss":0},{"damage_healed":0,"gold_gain":0,"player_choice":"Upgraded","damage_taken":0,"max_hp_gain":0,"max_hp_loss":0,"event_name":"Upgrade Shrine","floor":20,"gold_loss":0,"cards_upgraded":["Beam Cell"]},{"cards_removed":["Hologram"],"damage_healed":0,"gold_gain":0,"player_choice":"Removed Skill","damage_taken":0,"max_hp_gain":0,"max_hp_loss":0,"event_name":"Falling","floor":37,"gold_loss":0},{"damage_healed":0,"gold_gain":0,"player_choice":"Memory 1","damage_taken":0,"max_hp_gain":0,"max_hp_loss":0,"event_name":"SensoryStone","floor":38,"gold_loss":0},{"damage_healed":0,"gold_gain":333,"player_choice":"Gave Idol","damage_taken":0,"max_hp_gain":0,"max_hp_loss":0,"event_name":"The Moai Head","floor":39,"relics_lost":["Golden Idol"],"gold_loss":0},{"damage_healed":0,"gold_gain":0,"player_choice":"Max HP","damage_taken":0,"max_hp_gain":0,"max_hp_loss":4,"event_name":"Winding Halls","floor":44,"gold_loss":0},{"damage_healed":0,"gold_gain":0,"player_choice":"Fight","damage_taken":0,"max_hp_gain":0,"max_hp_loss":0,"event_name":"Mysterious Sphere","floor":47,"gold_loss":0}],"is_beta":false,"boss_relics":[{"not_picked":["Runic Dome","Velvet Choker"],"picked":"White Beast Statue"},{"not_picked":["Calling Bell","Inserter"],"picked":"Fusion Hammer"}],"items_purged_floors":[13,22,45],"is_endless":false,"potions_floor_spawned":[2,5,7,16,18,19,21,24,25,27,28,29,31,33,35,36,40,42,46,47,48],"ascension_level":0}