{"gold_per_floor":[110,35,53,53,67,80,96,96,96,112,112,287,362,157,157,259,259,271,281,281,281,299,299,299],"floor_reached":24,"playtime":9245,"items_purged":["Strike_G","Doubt"],"score":207,"play_id":"0bcbeb8d-4b31-4a0c-b0dc-b940c5ca7778","local_time":"20190302181549","is_ascension_mode":true,"campfire_choices":[{"data":"Neutralize","floor":8,"key":"SMITH"},{"data":"Noxious Fumes","floor":11,"key":"SMITH"},{"data":"PiercingWail","floor":15,"key":"SMITH"},{"floor":23,"key":"REST"}],"neow_cost":"CURSE","seed_source_timestamp":346236128205008,"circlet_count":0,"master_deck":["Defend_G","Defend_G","Defend_G","Defend_G","Strike_G","Strike_G","Strike_G","Strike_G","Survivor","Neutralize+1","Clumsy","Backflip","Outmaneuver","PiercingWail+1","Poisoned Stab","Burst","Noxious Fumes+1","Terror","Bane","Envenom","Slice+1","Dagger Spray+1","Escape Plan+1"],"relics":["Ring of the Snake","Pocketwatch","Meat on the Bone","Black Star","MutagenicStrength","Orichalcum"],"potions_floor_usage":[18],"damage_taken":[{"damage":0,"enemies":"Small Slimes","floor":1,"turns":3},{"damage":0,"enemies":"Cultist","floor":3,"turns":5},{"damage":1,"enemies":"2 Louse","floor":5,"turns":4},{"damage":0,"enemies":"Blue Slaver","floor":6,"turns":6},{"damage":2,"enemies":"3 Louse","floor":7,"turns":4},{"damage":2,"enemies":"Large Slime","floor":10,"turns":8},{"damage":14,"enemies":"Hexaghost","floor":16,"turns":10},{"damage":17,"enemies":"Spheric Guardian","floor":18,"turns":7},{"damage":28,"enemies":"Shell Parasite","floor":19,"turns":5},{"damage":27,"enemies":"Centurion and Healer","floor":22,"turns":6},{"damage":43,"enemies":"Gremlin Leader","floor":24,"turns":5}],"seed_played":"2346327442059457412","potions_obtained":[{"floor":1,"key":"SkillPotion"},{"floor":3,"key":"Energy Potion"},{"floor":5,"key":"PowerPotion"},{"floor":22,"key":"PowerPotion"}],"is_trial":false,"path_per_floor":["?","M","?","?","$","?","?"],"character_chosen":"THE_SILENT","items_purchased":["Terror","Bane"],"campfire_rested":1,"item_purchase_floors":[14,14],"current_hp_per_floor":[70,70,70,70,69,69,67,67,67,65,65,65,54,54,54,40,70,53,37,37,37,22,43,0],"gold":299,"neow_bonus":"ONE_RARE_RELIC","is_prod":false,"is_daily":false,"chose_seed":false,"campfire_upgraded":3,"win_rate":0,"timestamp":1551550549,"path_taken":["M","$","M","?","?","M","M","R","T","M","R","?","?","?","R","BOSS","M","M","?","?","M","R","E"],"build_version":"2019-01-23","purchased_purges":2,"victory":false,"max_hp_per_floor":[70,70,70,70,70,70,70,70,70,70,70,70,70,70,70,70,70,70,70,70,70,70,70,70],"card_choices":[{"not_picked":["Quick Slash","Accuracy"],"picked":"Backflip","floor":1},{"not_picked":["Accuracy","Caltrops"],"picked":"Outmaneuver","floor":3},{"not_picked":["Poisoned Stab","Dash"],"picked":"PiercingWail","floor":5},{"not_picked":["Prepared","Acrobatics"],"picked":"Poisoned Stab","floor":6},{"not_picked":["Prepared","Outmaneuver"],"picked":"Burst","floor":7},{"not_picked":["Bouncing Flask","Outmaneuver"],"picked":"Noxious Fumes","floor":10},{"not_picked":["Glass Knife","Bullet Time"],"picked":"Envenom","floor":16},{"not_picked":["Outmaneuver","Sucker Punch"],"picked":"Slice+1","floor":18},{"not_picked":["Flechettes","Flying Knee"],"picked":"Dagger Spray+1","floor":19},{"not_picked":["Unload","Sucker Punch"],"picked":"Escape Plan+1","floor":22}],"player_experience":77547,"relics_obtained":[{"floor":9,"key":"Meat on the Bone"}],"event_choices":[{"cards_removed":["Defend_G"],"damage_healed":0,"gold_gain":0,"player_choice":"Card Removal","damage_taken":0,"max_hp_gain":0,"max_hp_loss":0,"event_name":"Wheel of Change","floor":4,"gold_loss":0},{"damage_healed":0,"gold_gain":175,"player_choice":"AGREE","damage_taken":0,"max_hp_gain":0,"max_hp_loss":0,"event_name":"Liars Game","floor":12,"gold_loss":0,"cards_obtained":["Doubt"]},{"damage_healed":0,"gold_gain":75,"player_choice":"Gather Gold","damage_taken":11,"max_hp_gain":0,"max_hp_loss":0,"event_name":"World of Goop","floor":13,"gold_loss":0},{"damage_healed":0,"gold_gain":0,"player_choice":"Inject Mutagens","damage_taken":0,"relics_obtained":["MutagenicStrength"],"max_hp_gain":0,"max_hp_loss":0,"event_name":"Drug Dealer","floor":20,"gold_loss":0},{"damage_healed":0,"gold_gain":0,"player_choice":"Opened","damage_taken":0,"relics_obtained":["Orichalcum"],"max_hp_gain":0,"max_hp_loss":0,"event_name":"The Mausoleum","floor":21,"gold_loss":0}],"is_beta":false,"boss_relics":[{"not_picked":["Runic Pyramid","Runic Dome"],"picked":"Black Star"}],"items_purged_floors":[2,14],"is_endless":false,"potions_floor_spawned":[1,3,5,7,22],"killed_by":"Gremlin Leader","ascension_level":2}