{"path_per_floor":["M","?","M","?","M","R","M","R","T","R","M","R","M","$","R","B",null,"M","?","$","?","M","R","E","?","T","R"],"character_chosen":"IRONCLAD","items_purchased":["Metallicize","Panache","Inflame","Shrug It Off"],"gold_per_floor":[117,117,136,211,228,228,247,247,292,292,306,306,326,102,102,198,198,210,125,34,34,51,51,79,79,102,102],"floor_reached":28,"campfire_rested":2,"playtime":1346,"current_hp_per_floor":[79,63,69,58,62,62,59,59,59,59,51,51,53,53,53,57,80,55,55,55,55,42,66,18,18,18,42],"items_purged":[],"gold":102,"play_id":"6a58029a-2686-44ee-b7a9-ea750c500951","is_prod":false,"is_daily":false,"is_ascension_mode":false,"campfire_upgraded":5,"path_taken":["M","?","M","?","M","R","M","R","T","R","M","R","?","?","R","BOSS","M","?","$","?","M","R","E","?","T","R","M"],"build_version":"2018-02-01-PROD3","purchased_purges":0,"victory":false,"master_deck":["Strike_R","Strike_R+1","Strike_R","Strike_R","Strike_R","Defend_R+1","Defend_R+1","Defend_R+1","Defend_R+1","Bash+1","Rampage+1","Combust+1","Metallicize","Panache+1","Demon Form","Inflame","Shrug It Off","Searing Blow+1","Limit Break"],"max_hp_per_floor":[80,80,80,80,80,80,80,80,80,80,80,80,80,80,80,80,80,80,80,80,80,80,80,80,80,80,80],"relics":["Black Blood","War Paint","Ancient Tea Set","Darkstone Periapt","Juzu Bracelet","Oddly Smooth Stone"],"card_choices":[{"not_picked":["Twin Strike","Body Slam"],"picked":"Rampage"},{"not_picked":["Body Slam","Heavy Blade"],"picked":"Combust"},{"not_picked":["Immolate","Feed"],"picked":"Demon Form"},{"not_picked":["Second Wind","Iron Wave"],"picked":"Searing Blow"},{"not_picked":["Iron Wave","Shockwave"],"picked":"Limit Break"}],"player_experience":68419,"potions_floor_usage":[16,16,24,24,28],"damage_taken":[{"damage":7,"enemies":"2 Louse","floor":1,"turns":4},{"damage":0,"enemies":"Cultist","floor":3,"turns":3},{"damage":2,"enemies":"Small Slimes","floor":5,"turns":3},{"damage":9,"enemies":"2 Fungi Beasts","floor":7,"turns":3},{"damage":14,"enemies":"Exordium Wildlife","floor":11,"turns":3},{"damage":4,"enemies":"Exordium Thugs","floor":13,"turns":5},{"damage":17,"enemies":"The Guardian","floor":16,"turns":10},{"damage":35,"enemies":"2 Thieves","floor":18,"turns":5},{"damage":23,"enemies":"Chosen","floor":22,"turns":6},{"damage":58,"enemies":"Gremlin Leader","floor":24,"turns":7},{"damage":59,"enemies":"3 Cultists","floor":28,"turns":6}],"event_choices":[{"event_name":"Shining Light","player_choice":"Entered Light","floor":2,"damage_taken":0},{"event_name":"World of Goop","player_choice":"Gather Gold","floor":4,"damage_taken":0},{"event_name":"Addict","player_choice":"Obtained Relic","floor":19,"damage_taken":0},{"event_name":"Drug Dealer","player_choice":"Ignored","floor":21,"damage_taken":0},{"event_name":"Match and Keep!","player_choice":"0 cards matched","floor":25,"damage_taken":0}],"boss_relics":[{"not_picked":["Orrery","Question Card"],"picked":"Black Blood"}],"potions_floor_spawned":[3,13,16,22,24],"seed_played":"-1872249065428340148","killed_by":"3 Cultists","ascension_level":0,"is_trial":false}