{"gold_per_floor":[113,125,125,136,136,136,150,183,233,262,17,17,50,63,63,137,137,37,37,56,74,74],"floor_reached":22,"playtime":1446,"items_purged":[],"score":408,"play_id":"05e1d8a2-b3d8-4973-b79d-e40ebc24886d","local_time":"20190423164057","is_ascension_mode":true,"campfire_choices":[{"data":"Finisher","floor":6,"key":"SMITH"},{"data":"Noxious Fumes","floor":12,"key":"SMITH"},{"data":"Neutralize","floor":15,"key":"SMITH"}],"neow_cost":"NONE","seed_source_timestamp":0,"circlet_count":0,"master_deck":["AscendersBane","Defend_G+1","Defend_G","Defend_G","Defend_G+1","Defend_G","Strike_G","Strike_G","Strike_G","Strike_G","Strike_G","Survivor","Neutralize+1","Dagger Throw","Finisher+1","Skewer","Footwork","Noxious Fumes+1","PiercingWail","Backstab","Wraith Form v2+1","Backflip+1","Deadly Poison"],"special_seed":0,"relics":["Ring of the Snake","Singing Bowl","Pen Nib","War Paint","Lantern","Bag of Preparation","Black Star"],"potions_floor_usage":[8,10,16,20,22,22],"damage_taken":[{"damage":0,"enemies":"2 Louse","floor":1,"turns":3},{"damage":1,"enemies":"Cultist","floor":2,"turns":4},{"damage":0,"enemies":"Small Slimes","floor":4,"turns":4},{"damage":0,"enemies":"Red Slaver","floor":7,"turns":4},{"damage":8,"enemies":"Gremlin Nob","floor":8,"turns":3},{"damage":17,"enemies":"Lagavulin","floor":10,"turns":6},{"damage":31,"enemies":"Gremlin Nob","floor":13,"turns":4},{"damage":0,"enemies":"3 Louse","floor":14,"turns":3},{"damage":26,"enemies":"Hexaghost","floor":16,"turns":9},{"damage":20,"enemies":"2 Thieves","floor":18,"turns":5},{"damage":11,"enemies":"Spheric Guardian","floor":20,"turns":5},{"damage":2,"enemies":"Snecko","floor":21,"turns":6},{"damage":2,"enemies":"Colosseum Slavers","floor":22,"turns":5},{"damage":33,"enemies":"Colosseum Nobs","floor":22,"turns":3}],"seed_played":"-5609617599009270055","potions_obtained":[{"floor":1,"key":"Swift Potion"},{"floor":5,"key":"Regen Potion"},{"floor":7,"key":"FearPotion"},{"floor":10,"key":"Regen Potion"},{"floor":13,"key":"Weak Potion"},{"floor":20,"key":"Fire Potion"},{"floor":21,"key":"SpeedPotion"}],"is_trial":false,"path_per_floor":["?","?","M","?","M","?"],"character_chosen":"THE_SILENT","items_purchased":["Lantern","Noxious Fumes"],"campfire_rested":0,"item_purchase_floors":[11,11],"current_hp_per_floor":[65,64,64,64,64,64,64,58,58,53,53,53,22,22,22,11,58,38,38,29,27,0],"gold":74,"neow_bonus":"TEN_PERCENT_HP_BONUS","is_prod":false,"is_daily":false,"chose_seed":false,"campfire_upgraded":3,"win_rate":0,"timestamp":1556026857,"path_taken":["M","M","?","M","?","R","?","E","T","E","$","R","E","M","R","BOSS","M","?","M","?","?"],"build_version":"2019-01-23","purchased_purges":0,"victory":false,"max_hp_per_floor":[72,72,72,72,72,72,72,74,74,74,74,74,74,74,74,74,74,74,74,76,76,76],"card_choices":[{"not_picked":["Escape Plan","Quick Slash"],"picked":"Dagger Throw","floor":1},{"not_picked":["Concentrate","Dodge and Roll","Blade Dance"],"picked":"SKIP","floor":2},{"not_picked":["Distraction","Bane"],"picked":"Finisher","floor":4},{"not_picked":["Dagger Spray","Backflip"],"picked":"Skewer","floor":7},{"not_picked":["Quick Slash","Setup","Outmaneuver"],"picked":"Singing Bowl","floor":8},{"not_picked":["Masterful Stab","Well Laid Plans"],"picked":"Footwork","floor":10},{"not_picked":["Bane","Riddle With Holes"],"picked":"PiercingWail","floor":13},{"not_picked":["Underhanded Strike","Prepared"],"picked":"Backstab","floor":14},{"not_picked":["Phantasmal Killer","Die Die Die"],"picked":"Wraith Form v2","floor":16},{"not_picked":["Sucker Punch","Distraction"],"picked":"Backflip+1","floor":18},{"not_picked":["Outmaneuver","Flechettes","Sucker Punch"],"picked":"Singing Bowl","floor":20},{"not_picked":["All Out Attack","Setup+1"],"picked":"Deadly Poison","floor":21}],"player_experience":1830073,"relics_obtained":[{"floor":8,"key":"Singing Bowl"},{"floor":9,"key":"Pen Nib"},{"floor":10,"key":"War Paint"},{"floor":13,"key":"Bag of Preparation"}],"event_choices":[{"damage_healed":0,"gold_gain":0,"player_choice":"Ignored","damage_taken":0,"max_hp_gain":0,"max_hp_loss":0,"event_name":"Liars Game","floor":3,"gold_loss":0},{"damage_healed":0,"gold_gain":0,"player_choice":"Got Potions","damage_taken":0,"max_hp_gain":0,"max_hp_loss":0,"event_name":"Lab","floor":5,"gold_loss":0},{"damage_healed":0,"gold_gain":0,"player_choice":"Upgraded","damage_taken":0,"max_hp_gain":0,"max_hp_loss":0,"event_name":"Upgrade Shrine","floor":19,"gold_loss":0,"cards_upgraded":["Wraith Form v2"]},{"damage_healed":0,"gold_gain":0,"player_choice":"Fight","damage_taken":0,"max_hp_gain":0,"max_hp_loss":0,"event_name":"Colosseum","floor":22,"gold_loss":0},{"damage_healed":0,"gold_gain":0,"player_choice":"Fought Nobs","damage_taken":0,"max_hp_gain":0,"max_hp_loss":0,"event_name":"Colosseum","floor":22,"gold_loss":0}],"is_beta":false,"boss_relics":[{"not_picked":["Ring of the Serpent","Pandora\u0027s Box"],"picked":"Black Star"}],"items_purged_floors":[],"is_endless":false,"potions_floor_spawned":[1,7,10,13,20,21],"killed_by":"Colosseum Nobs","ascension_level":20}