{"gold_per_floor":[116,116,134,152,168,195,259,259,259,12,12,26,54,65,65,165,165,177,187,187,204,40,40,140,169,169,189,189,41,51,84,84,185,185,204,204,223,237,237,237,263,263,263,263,281,281,316,334,334,334,334,334,30,62,62],"floor_reached":55,"playtime":3441,"items_purged":[],"score":877,"play_id":"604bdfbc-ff5d-47a9-9a14-1d3d2222cd78","local_time":"20190419150959","is_ascension_mode":false,"campfire_choices":[{"data":"Hologram","floor":8,"key":"SMITH"},{"data":"Zap","floor":11,"key":"SMITH"},{"data":"Defragment","floor":15,"key":"SMITH"},{"data":"Creative AI","floor":23,"key":"SMITH"},{"floor":28,"key":"REST"},{"data":"Loop","floor":32,"key":"SMITH"},{"floor":46,"key":"RECALL"},{"data":"Go for the Eyes","floor":49,"key":"SMITH"},{"data":"Go for the Eyes","floor":52,"key":"SMITH"}],"neow_cost":"NONE","seed_source_timestamp":274472051046620,"circlet_count":0,"master_deck":["Strike_B","Strike_B","Strike_B","Defend_B","Defend_B","Zap+1","Dualcast","Go for the Eyes+1","Cold Snap","Go for the Eyes+1","Hologram+1","Defragment+1","Barrage","Leap","Creative AI+1","Sunder+1","Reboot+1","Core Surge+1","Ball Lightning","Leap","Shame","Barrage+1","Madness+1","Loop+1","Core Surge","Stack+1","Aggregate+1","Redo+1","All For One","Rainbow+1","Redo+1","Coolheaded+1","Barrage","Madness+1","Madness+1","FTL+1","Compile Driver","Echo Form"],"relics":["Cracked Core","Centennial Puzzle","DataDisk","FossilizedHelix","Ginger","Pantograph","Mummified Hand","Bag of Marbles","Astrolabe","Toxic Egg 2","Du-Vu Doll","Symbiotic Virus","Sundial","Ancient Tea Set","Bronze Scales","Matryoshka","Inserter","Pen Nib","Orichalcum","Regal Pillow","Kunai","Mercury Hourglass"],"potions_floor_usage":[7,24,25,25,41,50,54,55,55],"damage_taken":[{"damage":2,"enemies":"Small Slimes","floor":1,"turns":3},{"damage":1,"enemies":"Cultist","floor":3,"turns":3},{"damage":6,"enemies":"Jaw Worm","floor":4,"turns":2},{"damage":2,"enemies":"Looter","floor":5,"turns":2},{"damage":6,"enemies":"Lagavulin","floor":6,"turns":8},{"damage":8,"enemies":"3 Sentries","floor":7,"turns":5},{"damage":0,"enemies":"Blue Slaver","floor":12,"turns":3},{"damage":14,"enemies":"3 Sentries","floor":13,"turns":6},{"damage":0,"enemies":"2 Fungi Beasts","floor":14,"turns":3},{"damage":0,"enemies":"The Guardian","floor":16,"turns":13},{"damage":0,"enemies":"2 Thieves","floor":18,"turns":3},{"damage":0,"enemies":"Spheric Guardian","floor":19,"turns":4},{"damage":10,"enemies":"Cultist and Chosen","floor":21,"turns":5},{"damage":12,"enemies":"Colosseum Slavers","floor":24,"turns":3},{"damage":14,"enemies":"Colosseum Nobs","floor":24,"turns":4},{"damage":12,"enemies":"Book of Stabbing","floor":25,"turns":3},{"damage":0,"enemies":"Centurion and Healer","floor":27,"turns":5},{"damage":10,"enemies":"Sentry and Sphere","floor":30,"turns":4},{"damage":18,"enemies":"Gremlin Leader","floor":31,"turns":4},{"damage":18,"enemies":"Champ","floor":33,"turns":7},{"damage":6,"enemies":"3 Darklings","floor":35,"turns":3},{"damage":0,"enemies":"3 Shapes","floor":37,"turns":4},{"damage":0,"enemies":"Spire Growth","floor":38,"turns":3},{"damage":0,"enemies":"Reptomancer","floor":41,"turns":5},{"damage":0,"enemies":"Sphere and 2 Shapes","floor":45,"turns":5},{"damage":0,"enemies":"Nemesis","floor":47,"turns":4},{"damage":8,"enemies":"3 Darklings","floor":48,"turns":4},{"damage":10,"enemies":"Donu and Deca","floor":50,"turns":7},{"damage":60,"enemies":"Shield and Spear","floor":54,"turns":5},{"damage":75,"enemies":"The Heart","floor":55,"turns":3}],"seed_played":"7456011851141313094","potions_obtained":[{"floor":6,"key":"PowerPotion"},{"floor":7,"key":"SteroidPotion"},{"floor":13,"key":"FearPotion"},{"floor":21,"key":"Strength Potion"},{"floor":24,"key":"Weak Potion"},{"floor":25,"key":"EssenceOfSteel"},{"floor":33,"key":"Fire Potion"},{"floor":41,"key":"SkillPotion"},{"floor":45,"key":"Strength Potion"},{"floor":48,"key":"Swift Potion"},{"floor":54,"key":"Block Potion"}],"is_trial":false,"path_per_floor":["M","?","M","M","M","E","?","R","T","$","R","M","E","M","R","B",null,"M","M","?","M","$","R","?","E","T","M","R","$","M","E","R","B",null,"M","?","M","M","?","$","E","?","T","?","M","R","E","M","R","B",null,"R","$","E","B"],"character_chosen":"DEFECT","items_purchased":["Mummified Hand","Madness+1","Loop","Bronze Scales","Kunai","Weak Potion"],"campfire_rested":1,"item_purchase_floors":[10,22,22,29,53,53],"current_hp_per_floor":[73,73,72,66,64,58,50,50,50,50,50,50,36,36,36,61,75,75,75,75,65,65,65,39,27,27,27,49,49,39,21,21,28,75,69,69,69,69,69,69,69,60,60,60,60,60,60,52,52,65,75,75,75,15,0],"gold":62,"neow_bonus":"RANDOM_COMMON_RELIC","is_prod":false,"is_daily":false,"chose_seed":false,"campfire_upgraded":7,"win_rate":0,"timestamp":1555700999,"path_taken":["M","?","M","?","M","E","?","R","T","$","R","M","E","M","R","BOSS","M","M","?","M","$","R","?","E","T","M","R","$","M","E","R","BOSS","M","?","?","M","?","$","E","?","T","?","M","R","E","M","R","BOSS","R","$","E","BOSS"],"build_version":"2019-01-23","purchased_purges":0,"victory":false,"max_hp_per_floor":[75,75,75,75,75,75,75,75,75,75,75,75,75,75,75,75,75,75,75,75,75,75,75,75,75,75,75,75,75,75,75,75,75,75,75,75,75,75,75,75,75,75,75,75,75,75,75,75,75,75,75,75,75,75,75],"card_choices":[{"not_picked":["Redo","Lockon"],"picked":"Go for the Eyes","floor":1},{"not_picked":["Redo","Leap"],"picked":"Go for the Eyes","floor":3},{"not_picked":["Blizzard","Undo"],"picked":"Beam Cell","floor":4},{"not_picked":["Stack","Thunder Strike"],"picked":"Cold Snap","floor":5},{"not_picked":["Compile Driver","Recycle"],"picked":"Go for the Eyes","floor":6},{"not_picked":["Turbo","Beam Cell"],"picked":"Hologram","floor":7},{"not_picked":["Hologram","Heatsinks"],"picked":"Defragment","floor":12},{"not_picked":["Turbo","Storm"],"picked":"Barrage","floor":13},{"not_picked":["Steam","Lockon"],"picked":"Leap","floor":14},{"not_picked":["Thunder Strike","Amplify"],"picked":"Creative AI","floor":16},{"not_picked":["Darkness","Hologram"],"picked":"Ball Lightning","floor":18},{"not_picked":["Chaos","Redo"],"picked":"Leap","floor":19},{"not_picked":["Hello World+1","Turbo+1"],"picked":"Barrage+1","floor":21},{"not_picked":["Go for the Eyes+1","Steam Power+1"],"picked":"Core Surge","floor":24},{"not_picked":["Genetic Algorithm+1","Rip and Tear+1"],"picked":"Stack+1","floor":25},{"not_picked":["Barrage","Auto Shields+1"],"picked":"Aggregate+1","floor":27},{"not_picked":["Doom and Gloom","Gash+1"],"picked":"Redo+1","floor":30},{"not_picked":["Redo+1","Lockon"],"picked":"All For One","floor":31},{"not_picked":["Hyperbeam","Thunder Strike"],"picked":"Rainbow+1","floor":33},{"not_picked":["Hello World","Turbo+1"],"picked":"Redo+1","floor":35},{"not_picked":["Gash","Redo+1"],"picked":"Coolheaded+1","floor":37},{"not_picked":["Ball Lightning+1","Steam Power+1","Reinforced Body+1"],"picked":"SKIP","floor":38},{"not_picked":["Rebound","Storm+1"],"picked":"Barrage","floor":41},{"not_picked":["Ball Lightning","Compile Driver+1"],"picked":"FTL+1","floor":45},{"not_picked":["Blizzard+1","Auto Shields+1","Storm+1"],"picked":"SKIP","floor":47},{"not_picked":["Steam Power+1","Chill+1"],"picked":"Compile Driver","floor":48},{"not_picked":["Steam Power+1","Undo+1"],"picked":"Echo Form","floor":54}],"player_experience":317603,"relics_obtained":[{"floor":6,"key":"FossilizedHelix"},{"floor":7,"key":"Ginger"},{"floor":9,"key":"Pantograph"},{"floor":13,"key":"Bag of Marbles"},{"floor":24,"key":"Du-Vu Doll"},{"floor":24,"key":"Symbiotic Virus"},{"floor":25,"key":"Sundial"},{"floor":26,"key":"Ancient Tea Set"},{"floor":31,"key":"Matryoshka"},{"floor":41,"key":"Pen Nib"},{"floor":43,"key":"Orichalcum"},{"floor":47,"key":"Regal Pillow"},{"floor":54,"key":"Mercury Hourglass"}],"event_choices":[{"cards_removed":["Go for the Eyes"],"damage_healed":0,"gold_gain":0,"player_choice":"Gave Card","damage_taken":0,"relics_obtained":["DataDisk"],"max_hp_gain":0,"max_hp_loss":0,"event_name":"WeMeetAgain","floor":2,"gold_loss":0},{"damage_healed":0,"gold_gain":0,"player_choice":"Searched \u00271\u0027 times","damage_taken":0,"max_hp_gain":0,"max_hp_loss":0,"event_name":"Dead Adventurer","floor":7,"gold_loss":0},{"damage_healed":0,"gold_gain":0,"player_choice":"Stole Relic","damage_taken":0,"relics_obtained":["Toxic Egg 2"],"max_hp_gain":0,"max_hp_loss":0,"event_name":"Addict","floor":20,"gold_loss":0,"cards_obtained":["Shame"]},{"damage_healed":0,"gold_gain":0,"player_choice":"Fight","damage_taken":0,"max_hp_gain":0,"max_hp_loss":0,"event_name":"Colosseum","floor":24,"gold_loss":0},{"damage_healed":0,"gold_gain":0,"player_choice":"Fought Nobs","damage_taken":0,"max_hp_gain":0,"max_hp_loss":0,"event_name":"Colosseum","floor":24,"gold_loss":0},{"damage_healed":0,"gold_gain":0,"player_choice":"Ignored","damage_taken":0,"max_hp_gain":0,"max_hp_loss":0,"event_name":"NoteForYourself","floor":36,"gold_loss":0},{"cards_removed":["Beam Cell"],"damage_healed":0,"gold_gain":0,"player_choice":"Removed Attack","damage_taken":0,"max_hp_gain":0,"max_hp_loss":0,"event_name":"Falling","floor":39,"gold_loss":0},{"damage_healed":0,"gold_gain":0,"player_choice":"Embrace Madness","damage_taken":9,"max_hp_gain":0,"max_hp_loss":0,"event_name":"Winding Halls","floor":42,"gold_loss":0,"cards_obtained":["Madness","Madness"]},{"damage_healed":0,"gold_gain":0,"player_choice":"Ignored","damage_taken":0,"max_hp_gain":0,"max_hp_loss":0,"event_name":"Tomb of Lord Red Mask","floor":44,"gold_loss":0}],"is_beta":false,"boss_relics":[{"not_picked":["Fusion Hammer","FrozenCore"],"picked":"Astrolabe"},{"not_picked":["Velvet Choker","Coffee Dripper"],"picked":"Inserter"}],"items_purged_floors":[],"is_endless":false,"potions_floor_spawned":[6,7,13,21,24,24,25,33,41,45,48,54],"killed_by":"The Heart","ascension_level":0}