{"path_per_floor":["M","?","M","$","M","R","M","?","T","R","M","M","M","M","R","B",null,"M","?","$","T","M","R","M","?","T","M","E","?"],"character_chosen":"THE_SILENT","items_purchased":["Cloak And Dagger","Backstab","Skewer"],"gold_per_floor":[119,119,133,15,32,32,42,42,42,42,56,66,85,104,104,209,209,224,139,24,72,86,86,103,103,127,139,174,99],"floor_reached":30,"campfire_rested":0,"playtime":1375,"current_hp_per_floor":[70,56,56,56,56,56,54,70,70,70,68,68,67,67,67,35,70,70,70,70,70,70,70,62,62,62,60,29,29],"items_purged":["Defend_G"],"gold":99,"score":244,"play_id":"33b57df7-90e4-4bc0-82d3-7997f47149b1","is_prod":false,"is_daily":false,"is_ascension_mode":false,"campfire_upgraded":4,"path_taken":["M","?","?","$","M","R","M","?","T","R","M","M","M","M","R","BOSS","M","?","$","?","M","R","?","?","T","M","E","?","M"],"build_version":"2018-02-15-PROD1","purchased_purges":1,"victory":false,"master_deck":["Defend_G","Defend_G","Defend_G","Strike_G","Strike_G","Strike_G+1","Strike_G","Strike_G","Survivor","Neutralize+1","Backflip","Leg Sweep+1","Cloak And Dagger","Backstab","Outmaneuver+1","Deflect","Footwork+1","Dash","Adrenaline","Deflect","Skewer+1","Flying Knee+1","Prepared","Malaise","Outmaneuver"],"max_hp_per_floor":[70,70,70,70,70,70,70,70,70,70,70,70,70,70,70,70,70,70,70,70,70,70,70,70,70,70,70,70,70],"relics":["Ring of the Snake","NeowsBlessing","Shuriken","Sozu","Blood Vial","Bronze Scales","Art of War","Lantern"],"card_choices":[{"not_picked":["Outmaneuver","Dagger Spray"],"picked":"Backflip"},{"not_picked":["Quick Slash","Deadly Poison"],"picked":"Leg Sweep"},{"not_picked":["Backstab","Quick Slash"],"picked":"Outmaneuver"},{"not_picked":["Setup","Sucker Punch"],"picked":"Deflect"},{"not_picked":["Acrobatics","Prepared"],"picked":"Footwork"},{"not_picked":["Quick Slash","Terror"],"picked":"Dash"},{"not_picked":["Die Die Die","Phantasmal Killer"],"picked":"Adrenaline"},{"not_picked":["Bane","Leg Sweep"],"picked":"Deflect"},{"not_picked":["Setup","Reflex"],"picked":"Flying Knee"},{"not_picked":["Quick Slash","Dagger Throw"],"picked":"Prepared"},{"not_picked":["Bouncing Flask","Deadly Poison"],"picked":"Outmaneuver"}],"player_experience":135534,"potions_floor_usage":[7,16,16],"damage_taken":[{"damage":0,"enemies":"Jaw Worm","floor":1,"turns":1},{"damage":0,"enemies":"Cultist","floor":3,"turns":1},{"damage":0,"enemies":"Small Slimes","floor":5,"turns":1},{"damage":2,"enemies":"Gremlin Gang","floor":7,"turns":5},{"damage":2,"enemies":"Looter","floor":11,"turns":4},{"damage":0,"enemies":"3 Louse","floor":12,"turns":4},{"damage":1,"enemies":"Gremlin Gang","floor":13,"turns":5},{"damage":0,"enemies":"Exordium Thugs","floor":14,"turns":7},{"damage":32,"enemies":"The Guardian","floor":16,"turns":18},{"damage":0,"enemies":"Shell Parasite","floor":18,"turns":8},{"damage":0,"enemies":"Chosen","floor":22,"turns":6},{"damage":8,"enemies":"Snake Plant","floor":24,"turns":5},{"damage":4,"enemies":"Snecko","floor":27,"turns":8},{"damage":33,"enemies":"Slavers","floor":28,"turns":9},{"damage":32,"enemies":"Chosen and Byrds","floor":30,"turns":9}],"event_choices":[{"event_name":"Shining Light","player_choice":"Entered Light","floor":2,"damage_taken":0},{"event_name":"Big Fish","player_choice":"Banana","floor":8,"damage_taken":0},{"event_name":"Addict","player_choice":"Obtained Relic","floor":19,"damage_taken":0},{"event_name":"The Library","player_choice":"Read","floor":25,"damage_taken":0},{"event_name":"Beggar","player_choice":"Gave Gold","floor":29,"damage_taken":0}],"boss_relics":[{"not_picked":["Black Star","Ectoplasm"],"picked":"Sozu"}],"potions_floor_spawned":[3,5,7,12,22,28],"seed_played":"8370091491003817057","killed_by":"Chosen and Byrds","ascension_level":0,"is_trial":false}