{"gold_per_floor":[362,378,143,143,161,161,191,116,146,146,172,172,25,51,51,125,125,99,109,19,19,52,52,69,69,93,93,122,139,139,139],"floor_reached":31,"playtime":2133,"items_purged":["Clumsy"],"score":518,"play_id":"71c6e4d5-7188-4768-a6e5-39b5cafd88b4","local_time":"20190423093609","is_ascension_mode":true,"campfire_choices":[{"data":"Bouncing Flask","floor":6,"key":"SMITH"},{"data":"Crippling Poison","floor":10,"key":"SMITH"},{"data":"Neutralize","floor":12,"key":"SMITH"},{"data":"Well Laid Plans","floor":15,"key":"SMITH"},{"data":"Wraith Form v2","floor":23,"key":"SMITH"},{"data":"Footwork","floor":25,"key":"SMITH"},{"data":"Noxious Fumes","floor":27,"key":"SMITH"}],"neow_cost":"CURSE","seed_source_timestamp":423318833478416,"circlet_count":0,"master_deck":["AscendersBane","Defend_G","Defend_G","Defend_G","Defend_G","Defend_G","Strike_G","Strike_G","Strike_G","Survivor","Neutralize+1","Quick Slash","Flying Knee","Footwork+1","Bouncing Flask+1","Crippling Poison+1","Well Laid Plans+1","Footwork","Backflip","Wraith Form v2+1","Dagger Spray","Noxious Fumes+1","PiercingWail","PiercingWail","Noxious Fumes"],"relics":["Ring of the Snake","Pear","Tiny Chest","Velvet Choker","Red Mask","PreservedInsect","Bag of Marbles","Nloth\u0027s Gift"],"potions_floor_usage":[22],"damage_taken":[{"damage":3,"enemies":"Small Slimes","floor":1,"turns":6},{"damage":6,"enemies":"Jaw Worm","floor":2,"turns":7},{"damage":1,"enemies":"Cultist","floor":5,"turns":4},{"damage":2,"enemies":"Lagavulin","floor":7,"turns":7},{"damage":30,"enemies":"3 Sentries","floor":11,"turns":10},{"damage":12,"enemies":"Hexaghost","floor":16,"turns":11},{"damage":4,"enemies":"2 Thieves","floor":18,"turns":5},{"damage":14,"enemies":"Shell Parasite","floor":19,"turns":6},{"damage":14,"enemies":"Masked Bandits","floor":22,"turns":4},{"damage":1,"enemies":"Snecko","floor":24,"turns":5},{"damage":12,"enemies":"Gremlin Leader","floor":28,"turns":6},{"damage":11,"enemies":"Snake Plant","floor":29,"turns":5},{"damage":3,"enemies":"3 Cultists","floor":31,"turns":4}],"seed_played":"-2327104116205206456","potions_obtained":[{"floor":1,"key":"LiquidBronze"},{"floor":18,"key":"Fire Potion"}],"is_trial":false,"path_per_floor":["?","?","T","?","?","?"],"character_chosen":"THE_SILENT","items_purchased":["Footwork","Bouncing Flask","Footwork","Backflip","Noxious Fumes"],"campfire_rested":0,"item_purchase_floors":[3,3,13,13,20],"current_hp_per_floor":[56,50,50,43,42,42,50,50,50,50,20,20,20,20,20,8,59,55,41,41,41,27,27,26,26,26,26,14,3,3,0],"gold":139,"neow_bonus":"TWO_FIFTY_GOLD","is_prod":false,"is_daily":false,"chose_seed":false,"campfire_upgraded":7,"win_rate":0,"timestamp":1556001369,"path_taken":["M","M","$","?","M","R","E","?","T","R","E","R","$","?","R","BOSS","M","M","$","?","?","R","M","R","T","R","E","M","?","M"],"build_version":"2019-01-23","purchased_purges":1,"victory":false,"max_hp_per_floor":[66,66,66,66,66,66,76,76,76,76,76,76,76,76,76,76,76,76,76,76,76,76,76,76,76,76,76,76,76,76,76],"card_choices":[{"not_picked":["Deflect","Dodge and Roll"],"picked":"Quick Slash","floor":1},{"not_picked":["Slice","Escape Plan"],"picked":"Flying Knee","floor":2},{"not_picked":["Backflip","Eviscerate"],"picked":"Crippling Poison","floor":5},{"not_picked":["Dagger Spray","Underhanded Strike","Acrobatics"],"picked":"SKIP","floor":7},{"not_picked":["Caltrops","Poisoned Stab"],"picked":"Well Laid Plans","floor":11},{"not_picked":["Storm of Steel","Unload"],"picked":"Wraith Form v2","floor":16},{"not_picked":["Flying Knee","Dagger Throw+1"],"picked":"Dagger Spray","floor":18},{"not_picked":["Endless Agony","Accuracy","Flechettes"],"picked":"SKIP","floor":19},{"not_picked":["Backstab","Flying Knee"],"picked":"PiercingWail","floor":22},{"not_picked":["Quick Slash","Blade Dance+1","Backstab"],"picked":"SKIP","floor":24},{"not_picked":["Quick Slash","Blade Dance+1","Backstab"],"picked":"SKIP","floor":24},{"not_picked":["Quick Slash","Blade Dance+1","Backstab"],"picked":"SKIP","floor":24},{"not_picked":["Acrobatics+1","Tactician"],"picked":"PiercingWail","floor":28},{"not_picked":["Outmaneuver","Underhanded Strike"],"picked":"Noxious Fumes","floor":29}],"player_experience":1817209,"relics_obtained":[{"floor":7,"key":"Pear"},{"floor":9,"key":"Tiny Chest"},{"floor":11,"key":"Du-Vu Doll"},{"floor":22,"key":"Red Mask"},{"floor":26,"key":"PreservedInsect"},{"floor":28,"key":"Bag of Marbles"}],"event_choices":[{"cards_removed":["Strike_G"],"damage_healed":0,"gold_gain":0,"player_choice":"Card Removal","damage_taken":7,"max_hp_gain":0,"max_hp_loss":0,"event_name":"Golden Wing","floor":4,"gold_loss":0},{"cards_removed":["Strike_G"],"damage_healed":0,"gold_gain":0,"player_choice":"Card Removal","damage_taken":0,"max_hp_gain":0,"max_hp_loss":0,"event_name":"The Cleric","floor":8,"gold_loss":75},{"damage_healed":0,"gold_gain":0,"player_choice":"Ignored","damage_taken":0,"max_hp_gain":0,"max_hp_loss":0,"event_name":"Beggar","floor":21,"gold_loss":0},{"damage_healed":0,"gold_gain":0,"player_choice":"Fought Bandits","damage_taken":0,"max_hp_gain":0,"max_hp_loss":0,"event_name":"Masked Bandits","floor":22,"gold_loss":0},{"damage_healed":0,"gold_gain":0,"player_choice":"Traded Relic","damage_taken":0,"relics_obtained":["Nloth\u0027s Gift"],"max_hp_gain":0,"max_hp_loss":0,"event_name":"N\u0027loth","floor":30,"relics_lost":["Du-Vu Doll"],"gold_loss":0}],"is_beta":false,"boss_relics":[{"not_picked":["Pandora\u0027s Box","WristBlade"],"picked":"Velvet Choker"}],"items_purged_floors":[3],"is_endless":false,"potions_floor_spawned":[1,18,19],"killed_by":"3 Cultists","ascension_level":20}