{"gold_per_floor":[116,116,32,50,70,70,17,17,97,110,141,158,168,168],"floor_reached":14,"playtime":686,"items_purged":[],"score":184,"play_id":"06863080-c906-4f17-bba5-b3b7090aa906","local_time":"20190423114315","is_ascension_mode":true,"campfire_choices":[{"data":"Neutralize","floor":6,"key":"SMITH"},{"data":"Quick Slash","floor":8,"key":"SMITH"}],"neow_cost":"NONE","seed_source_timestamp":432394590777476,"circlet_count":0,"master_deck":["AscendersBane","Defend_G","Defend_G","Defend_G","Defend_G","Defend_G","Strike_G","Strike_G","Strike_G","Strike_G","Survivor","Neutralize+1","Infinite Blades","Flying Knee","Quick Slash+1","Dodge and Roll","Backflip","Footwork","Footwork"],"relics":["Ring of the Snake","Letter Opener","Girya"],"potions_floor_usage":[11,13,14,14],"damage_taken":[{"damage":17,"enemies":"Jaw Worm","floor":1,"turns":6},{"damage":5,"enemies":"Small Slimes","floor":4,"turns":5},{"damage":1,"enemies":"Cultist","floor":5,"turns":5},{"damage":0,"enemies":"Looter","floor":10,"turns":4},{"damage":11,"enemies":"3 Sentries","floor":11,"turns":7},{"damage":8,"enemies":"3 Louse","floor":12,"turns":4},{"damage":3,"enemies":"Exordium Wildlife","floor":13,"turns":7},{"damage":22,"enemies":"Gremlin Nob","floor":14,"turns":4}],"seed_played":"-4468227511267258282","potions_obtained":[{"floor":1,"key":"SteroidPotion"},{"floor":11,"key":"LiquidBronze"},{"floor":13,"key":"EssenceOfSteel"}],"is_trial":false,"path_per_floor":["?"],"character_chosen":"THE_SILENT","items_purchased":["Infinite Blades","Fire Potion"],"campfire_rested":0,"item_purchase_floors":[3,7],"current_hp_per_floor":[48,48,48,43,42,42,42,42,42,42,31,23,20,0],"gold":168,"neow_bonus":"TEN_PERCENT_HP_BONUS","is_prod":false,"is_daily":false,"chose_seed":false,"campfire_upgraded":2,"win_rate":0,"timestamp":1556008995,"path_taken":["M","?","$","M","M","R","$","R","T","M","E","M","M","E"],"build_version":"2019-01-23","purchased_purges":0,"victory":false,"max_hp_per_floor":[72,72,72,72,72,72,72,72,72,72,72,72,72,72],"card_choices":[{"not_picked":["Distraction","Blade Dance","Heel Hook"],"picked":"SKIP","floor":1},{"not_picked":["Tactician","Cloak And Dagger"],"picked":"Flying Knee","floor":4},{"not_picked":["Sucker Punch","Flying Knee"],"picked":"Quick Slash","floor":5},{"not_picked":["Quick Slash","All Out Attack"],"picked":"Dodge and Roll","floor":10},{"not_picked":["Deflect","Choke"],"picked":"Backflip","floor":11},{"not_picked":["Crippling Poison","Dagger Spray"],"picked":"Footwork","floor":12},{"not_picked":["Choke","Catalyst"],"picked":"Footwork","floor":13}],"player_experience":1824644,"relics_obtained":[{"floor":9,"key":"Letter Opener"},{"floor":11,"key":"Girya"}],"event_choices":[{"cards_removed":["Strike_G"],"damage_healed":0,"gold_gain":0,"player_choice":"Forget","damage_taken":0,"max_hp_gain":0,"max_hp_loss":0,"event_name":"Living Wall","floor":2,"gold_loss":0}],"is_beta":false,"boss_relics":[],"items_purged_floors":[],"is_endless":false,"potions_floor_spawned":[1,10,11,13],"killed_by":"Gremlin Nob","ascension_level":20}