{"gold_per_floor":[211,223,239,239,99,99,138,157,157,187,187,187,208,221,221,352,352,366,213,263,278,299,342,66,66,96,114,213,213],"floor_reached":29,"playtime":3129,"items_purged":["Strike_G"],"score":282,"play_id":"bc282748-39d4-445b-b5c5-bf5dd0d74a49","local_time":"20190305182139","is_ascension_mode":true,"campfire_choices":[{"data":"Noxious Fumes","floor":6,"key":"SMITH"},{"floor":12,"key":"REST"},{"data":"Sucker Punch","floor":15,"key":"SMITH"}],"neow_cost":"NONE","seed_source_timestamp":54819903392230,"circlet_count":0,"master_deck":["Defend_G","Defend_G","Defend_G","Defend_G","Defend_G","Strike_G","Strike_G","Strike_G","Strike_G","Survivor","Neutralize","Backflip","Sucker Punch+1","Setup","Noxious Fumes+1","Choke","Envenom","Slice","Backflip","Backstab","Malaise","Catalyst","Caltrops","Dash","PiercingWail","Footwork","Caltrops","Dodge and Roll+1"],"relics":["Ring of the Snake","Golden Idol","Smiling Mask","Paper Crane","Busted Crown","Ice Cream","Strawberry","Tiny Chest"],"potions_floor_usage":[7,16,16,16,16,23,27],"damage_taken":[{"damage":2,"enemies":"Jaw Worm","floor":1,"turns":4},{"damage":0,"enemies":"2 Louse","floor":2,"turns":3},{"damage":0,"enemies":"Cultist","floor":3,"turns":4},{"damage":21,"enemies":"Lagavulin","floor":7,"turns":7},{"damage":21,"enemies":"Lots of Slimes","floor":8,"turns":4},{"damage":1,"enemies":"Looter","floor":13,"turns":3},{"damage":7,"enemies":"2 Fungi Beasts","floor":14,"turns":4},{"damage":34,"enemies":"Slime Boss","floor":16,"turns":9},{"damage":2,"enemies":"Chosen","floor":18,"turns":6},{"damage":15,"enemies":"3 Byrds","floor":21,"turns":6},{"damage":6,"enemies":"Shelled Parasite and Fungi","floor":22,"turns":7},{"damage":23,"enemies":"Gremlin Leader","floor":23,"turns":10},{"damage":7,"enemies":"Centurion and Healer","floor":27,"turns":7},{"damage":32,"enemies":"3 Cultists","floor":29,"turns":5}],"seed_played":"-1230739112702254722","potions_obtained":[{"floor":1,"key":"Dexterity Potion"},{"floor":3,"key":"EntropicBrew"},{"floor":8,"key":"Explosive Potion"},{"floor":16,"key":"Poison Potion"},{"floor":18,"key":"SteroidPotion"},{"floor":27,"key":"Poison Potion"}],"is_trial":false,"path_per_floor":["?","?","?","M","?","M","?","?"],"character_chosen":"THE_SILENT","items_purchased":["Noxious Fumes","Choke","Caltrops","Dash","Caltrops","Weak Potion","Strawberry"],"campfire_rested":1,"item_purchase_floors":[5,5,19,19,24,24,24],"current_hp_per_floor":[68,68,68,51,51,51,30,9,9,9,32,53,52,45,45,11,70,68,68,68,53,47,24,31,31,31,24,24,0],"gold":213,"neow_bonus":"HUNDRED_GOLD","is_prod":false,"is_daily":false,"chose_seed":false,"campfire_upgraded":2,"win_rate":0,"timestamp":1551810099,"path_taken":["M","M","M","?","$","R","E","M","T","?","?","R","?","M","R","BOSS","M","$","?","M","?","E","$","?","T","M","?","M"],"build_version":"2019-01-23","purchased_purges":1,"victory":false,"max_hp_per_floor":[70,70,70,70,70,70,70,70,70,70,70,70,70,70,70,70,70,70,70,70,70,70,70,77,77,77,77,77,77],"card_choices":[{"not_picked":["Catalyst","Dodge and Roll"],"picked":"Backflip","floor":1},{"not_picked":["Bouncing Flask","Concentrate"],"picked":"Sucker Punch","floor":2},{"not_picked":["Poisoned Stab","Blade Dance"],"picked":"Setup","floor":3},{"not_picked":["Acrobatics","Outmaneuver"],"picked":"Envenom","floor":7},{"not_picked":["Setup","Quick Slash"],"picked":"Slice","floor":8},{"not_picked":["Slice","Outmaneuver"],"picked":"Backflip","floor":13},{"not_picked":["Poisoned Stab","Quick Slash"],"picked":"Backstab","floor":14},{"not_picked":["Night Terror","Bullet Time"],"picked":"Malaise","floor":16},{"not_picked":[],"picked":"Catalyst","floor":18},{"not_picked":["Choke"],"picked":"SKIP","floor":21},{"not_picked":[],"picked":"PiercingWail","floor":22},{"not_picked":[],"picked":"Footwork","floor":23},{"not_picked":[],"picked":"Dodge and Roll+1","floor":27}],"player_experience":120442,"relics_obtained":[{"floor":7,"key":"Smiling Mask"},{"floor":9,"key":"Paper Crane"},{"floor":23,"key":"Ice Cream"},{"floor":26,"key":"Tiny Chest"}],"event_choices":[{"damage_healed":0,"gold_gain":0,"player_choice":"Take Damage","damage_taken":17,"relics_obtained":["Golden Idol"],"max_hp_gain":0,"max_hp_loss":0,"event_name":"Golden Idol","floor":4,"gold_loss":0},{"damage_healed":0,"gold_gain":30,"player_choice":"Searched \u00271\u0027 times","damage_taken":0,"max_hp_gain":0,"max_hp_loss":0,"event_name":"Dead Adventurer","floor":10,"gold_loss":0},{"damage_healed":23,"gold_gain":0,"player_choice":"Banana","damage_taken":0,"max_hp_gain":0,"max_hp_loss":0,"event_name":"Big Fish","floor":11,"gold_loss":0},{"damage_healed":0,"gold_gain":100,"player_choice":"Bet on Murderer","damage_taken":0,"max_hp_gain":0,"max_hp_loss":0,"event_name":"The Joust","floor":20,"gold_loss":50},{"damage_healed":0,"gold_gain":0,"player_choice":"Ignored","damage_taken":0,"max_hp_gain":0,"max_hp_loss":0,"event_name":"Vampires","floor":25,"gold_loss":0},{"damage_healed":0,"gold_gain":99,"player_choice":"Stole From Cult","damage_taken":0,"max_hp_gain":0,"max_hp_loss":0,"event_name":"Nest","floor":28,"gold_loss":0}],"is_beta":false,"boss_relics":[{"not_picked":["Lizard Tail","Runic Dome"],"picked":"Busted Crown"}],"items_purged_floors":[19],"is_endless":false,"potions_floor_spawned":[1,3,8,16,18,27],"killed_by":"3 Cultists","ascension_level":3}