{"gold_per_floor":[114,114,125,151,164,164,164,164,164,164,175,175,46,61,61,165,165,176,176,187,187,187,187,87,142,142,142,152,166,182,196,196,298,298,311,321,321,421,421,421,439,458,458,473,118,136,136,147,147,147],"floor_reached":51,"playtime":8299,"items_purged":["Defend_G","Strike_G","Defend_G"],"score":688,"play_id":"9abc9e8f-17ba-4e18-9645-cd44afc89490","local_time":"20190225181301","is_ascension_mode":false,"campfire_choices":[{"data":"Bouncing Flask","floor":6.0,"key":"SMITH"},{"data":"PiercingWail","floor":8.0,"key":"SMITH"},{"data":"All Out Attack","floor":15.0,"key":"SMITH"},{"data":"Neutralize","floor":23.0,"key":"SMITH"},{"floor":32.0,"key":"REST"},{"floor":40,"key":"REST"},{"data":"A Thousand Cuts","floor":49,"key":"SMITH"}],"neow_cost":"NONE","seed_source_timestamp":0,"circlet_count":0,"master_deck":["Defend_G","Defend_G","Defend_G","Strike_G","Strike_G","Survivor+1","Neutralize+1","PiercingWail","Bouncing Flask+1","PiercingWail+1","Outmaneuver","Catalyst+1","PiercingWail+1","PiercingWail+1","All Out Attack+1","Bullet Time+1","Prepared+1","Backflip+1","Deadly Poison+1","Noxious Fumes+1","Deflect+1","Cloak And Dagger+1","Riddle With Holes","Cloak And Dagger+1","A Thousand Cuts+1","Dodge and Roll+1","Backflip+1","Endless Agony+1","Blur+1","Blur+1","Quick Slash+1","Escape Plan+1","Good Instincts+1","Well Laid Plans+1","Distraction+1"],"special_seed":0,"relics":["Ring of the Serpent","Strawberry","Toxic Egg 2","Lizard Tail","Tiny Chest","Mango","Peace Pipe","Bird Faced Urn","Thread and Needle"],"potions_floor_usage":[44,48,50,50],"damage_taken":[{"damage":0.0,"enemies":"Small Slimes","floor":1.0,"turns":4.0},{"damage":2.0,"enemies":"Jaw Worm","floor":3.0,"turns":6.0},{"damage":0.0,"enemies":"Cultist","floor":5.0,"turns":4.0},{"damage":16.0,"enemies":"Large Slime","floor":10.0,"turns":9.0},{"damage":2.0,"enemies":"3 Louse","floor":11.0,"turns":4.0},{"damage":7.0,"enemies":"Blue Slaver","floor":14.0,"turns":4.0},{"damage":6.0,"enemies":"Hexaghost","floor":16.0,"turns":7.0},{"damage":0.0,"enemies":"Chosen","floor":18.0,"turns":3.0},{"damage":12.0,"enemies":"Shell Parasite","floor":20.0,"turns":4.0},{"damage":13.0,"enemies":"Book of Stabbing","floor":25.0,"turns":5.0},{"damage":11.0,"enemies":"Shelled Parasite and Fungi","floor":28.0,"turns":5.0},{"damage":6.0,"enemies":"Chosen and Byrds","floor":29.0,"turns":4.0},{"damage":5.0,"enemies":"Centurion and Healer","floor":30.0,"turns":7.0},{"damage":13.0,"enemies":"Shelled Parasite and Fungi","floor":31.0,"turns":6.0},{"damage":50.0,"enemies":"Collector","floor":33.0,"turns":9.0},{"damage":42,"enemies":"3 Shapes","floor":35,"turns":5},{"damage":11,"enemies":"3 Darklings","floor":36,"turns":5},{"damage":1,"enemies":"Mind Bloom Boss Battle","floor":38,"turns":8},{"damage":22,"enemies":"Maw","floor":41,"turns":7},{"damage":13,"enemies":"Jaw Worm Horde","floor":42,"turns":4},{"damage":4,"enemies":"Transient","floor":44,"turns":5},{"damage":0,"enemies":"3 Darklings","floor":46,"turns":6},{"damage":4,"enemies":"Spire Growth","floor":48,"turns":5},{"damage":105,"enemies":"Donu and Deca","floor":50,"turns":11}],"seed_played":"8781556340022193824","potions_obtained":[{"floor":5.0,"key":"PowerPotion"},{"floor":10.0,"key":"GamblersBrew"},{"floor":16.0,"key":"Regen Potion"},{"floor":18.0,"key":"Poison Potion"},{"floor":36,"key":"FearPotion"},{"floor":44,"key":"FearPotion"}],"is_trial":false,"path_per_floor":["?","T","?","M","?","?","?","?","?","?","?","?","?"],"character_chosen":"THE_SILENT","items_purchased":["PiercingWail+1","Escape Plan+1","Ancient Potion","Good Instincts+1"],"campfire_rested":2,"item_purchase_floors":[13,45,45,45],"current_hp_per_floor":[70,70,68,75,75,75,75,75,75,59,57,50,50,43,43,37,77,77,63,51,51,51,51,51,38,52,52,41,35,30,17,45,10,96,54,43,43,42,42,70,52,41,41,39,39,41,84,80,80,24],"gold":147,"neow_bonus":"UPGRADE_CARD","is_prod":false,"is_daily":false,"chose_seed":false,"campfire_upgraded":5,"win_rate":0.0,"timestamp":1551118381,"path_taken":["M","?","M","?","M","R","?","R","T","M","?","?","$","M","R","BOSS","M","?","M","?","?","R","$","E","T","?","M","M","M","M","R","BOSS","M","M","?","?","?","R","M","M","T","M","$","M","?","M","R","BOSS"],"build_version":"2019-01-23","purchased_purges":3,"victory":true,"max_hp_per_floor":[70,70,70,77,77,77,77,77,77,77,77,77,77,77,77,77,77,77,82,82,82,82,82,82,82,96,96,96,96,96,96,96,96,96,96,96,96,96,96,96,96,96,96,96,96,96,84,84,84,84],"card_choices":[{"not_picked":["Choke","Blade Dance"],"picked":"PiercingWail","floor":1.0},{"not_picked":["Acrobatics","Prepared"],"picked":"Bouncing Flask","floor":3.0},{"not_picked":["Bane","Blade Dance"],"picked":"PiercingWail","floor":5.0},{"not_picked":["Deflect+1","Cloak And Dagger+1"],"picked":"Catalyst+1","floor":10.0},{"not_picked":["Outmaneuver+1","Blade Dance+1"],"picked":"PiercingWail+1","floor":11.0},{"not_picked":["Backstab","Dagger Spray"],"picked":"All Out Attack","floor":14.0},{"not_picked":["Doppelganger+1","After Image"],"picked":"Bullet Time+1","floor":16.0},{"not_picked":["Deflect+1","Slice"],"picked":"Prepared+1","floor":18.0},{"not_picked":["Quick Slash+1","Calculated Gamble+1"],"picked":"Backflip+1","floor":20.0},{"not_picked":["Tactician+1","Quick Slash"],"picked":"Noxious Fumes+1","floor":25.0},{"not_picked":["PiercingWail+1","Quick Slash"],"picked":"Deflect+1","floor":28.0},{"not_picked":["Sucker Punch","Dagger Throw"],"picked":"Cloak And Dagger+1","floor":29.0},{"not_picked":["Cloak And Dagger+1","Endless Agony"],"picked":"Riddle With Holes","floor":30.0},{"not_picked":["Backstab","Slice"],"picked":"Cloak And Dagger+1","floor":31.0},{"not_picked":["Doppelganger+1","Storm of Steel+1"],"picked":"A Thousand Cuts","floor":33.0},{"not_picked":["Infinite Blades+1","Outmaneuver+1"],"picked":"Dodge and Roll+1","floor":35},{"not_picked":["Footwork+1","Dagger Spray+1"],"picked":"Backflip+1","floor":36},{"not_picked":["Slice","PiercingWail+1"],"picked":"Endless Agony+1","floor":38},{"not_picked":["Slice","Cloak And Dagger+1"],"picked":"Blur+1","floor":41},{"not_picked":["Backflip+1","Sucker Punch"],"picked":"Blur+1","floor":42},{"not_picked":["Slice+1","PiercingWail+1"],"picked":"Quick Slash+1","floor":44},{"not_picked":["Blade Dance+1","Heel Hook"],"picked":"Well Laid Plans+1","floor":46},{"not_picked":["Backstab+1","Sucker Punch+1"],"picked":"Distraction+1","floor":48}],"player_experience":26618,"relics_obtained":[{"floor":4.0,"key":"Strawberry"},{"floor":9.0,"key":"Toxic Egg 2"},{"floor":25.0,"key":"Tiny Chest"},{"floor":26.0,"key":"Mango"},{"floor":38,"key":"Bird Faced Urn"},{"floor":43,"key":"Thread and Needle"}],"event_choices":[{"damage_healed":0.0,"max_hp_gain":0.0,"max_hp_loss":0.0,"gold_gain":0.0,"cards_transformed":["Strike_G"],"event_name":"Living Wall","player_choice":"Change","floor":2.0,"gold_loss":0.0,"damage_taken":0.0,"cards_obtained":["After Image"]},{"damage_healed":0.0,"max_hp_gain":0.0,"max_hp_loss":0.0,"gold_gain":0.0,"event_name":"Match and Keep!","player_choice":"2 cards matched","floor":7.0,"gold_loss":0.0,"damage_taken":0.0,"cards_obtained":["Clumsy","Outmaneuver"]},{"cards_removed":["Clumsy"],"damage_healed":0.0,"max_hp_gain":0.0,"max_hp_loss":0.0,"gold_gain":0.0,"event_name":"Golden Wing","player_choice":"Card Removal","floor":12.0,"gold_loss":0.0,"damage_taken":7.0},{"damage_healed":0.0,"max_hp_gain":5.0,"max_hp_loss":0.0,"gold_gain":0.0,"event_name":"Forgotten Altar","player_choice":"Shed Blood","floor":19.0,"gold_loss":0.0,"damage_taken":19.0},{"damage_healed":0.0,"max_hp_gain":0.0,"max_hp_loss":0.0,"gold_gain":0.0,"event_name":"The Library","player_choice":"Read","floor":21.0,"gold_loss":0.0,"damage_taken":0.0,"cards_obtained":["Deadly Poison"]},{"cards_removed":["After Image"],"damage_healed":0.0,"max_hp_gain":0.0,"max_hp_loss":0.0,"gold_gain":0.0,"event_name":"Back to Basics","player_choice":"Elegance","floor":22.0,"gold_loss":0.0,"damage_taken":0.0},{"damage_healed":0.0,"max_hp_gain":0.0,"max_hp_loss":0.0,"gold_gain":0.0,"event_name":"The Mausoleum","player_choice":"Opened","floor":27.0,"gold_loss":0.0,"damage_taken":0.0,"relics_obtained":["Peace Pipe"]},{"cards_removed":["Strike_G"],"damage_healed":0,"gold_gain":0,"player_choice":"Removed Attack","damage_taken":0,"max_hp_gain":0,"max_hp_loss":0,"event_name":"Falling","floor":37,"gold_loss":0},{"damage_healed":0,"gold_gain":0,"player_choice":"Fight","damage_taken":0,"max_hp_gain":0,"max_hp_loss":0,"event_name":"MindBloom","floor":38,"gold_loss":0},{"damage_healed":0,"gold_gain":0,"player_choice":"Ignored","damage_taken":0,"max_hp_gain":0,"max_hp_loss":0,"event_name":"Tomb of Lord Red Mask","floor":39,"gold_loss":0},{"damage_healed":84,"gold_gain":0,"player_choice":"Heal","damage_taken":0,"max_hp_gain":0,"max_hp_loss":12,"event_name":"The Moai Head","floor":47,"gold_loss":0}],"is_beta":false,"boss_relics":[{"not_picked":["Cursed Key","Runic Dome"],"picked":"Lizard Tail"},{"not_picked":["Orrery","Sozu"],"picked":"Ring of the Serpent"}],"items_purged_floors":[13,24,45],"is_endless":false,"potions_floor_spawned":[5,10,16,18,30,36,44,46],"ascension_level":0}