{"gold_per_floor":[209,225,5,18,34,34,69,85,158,158,158,158,171,186,186,309,309,327,347,347,15,15,53,53],"floor_reached":24,"playtime":990,"items_purged":[],"score":229,"play_id":"0baaffc8-51b7-4af1-851b-88a0fcd6ff32","local_time":"20181023233347","is_ascension_mode":true,"campfire_choices":[{"data":"White Noise","floor":6,"key":"SMITH"},{"floor":12,"key":"REST"},{"floor":15,"key":"REST"}],"neow_cost":"NONE","seed_source_timestamp":19383018101100,"circlet_count":0,"master_deck":["Strike_B","Strike_B","Strike_B","Strike_B","Defend_B","Defend_B","Defend_B","Defend_B","Zap","Dualcast","Conserve Battery","Undo","Storm","Streamline","White Noise+1","Echo Form","Auto Shields","Conserve Battery","All For One","Storm","Amplify","Storm","Conserve Battery+1"],"relics":["Cracked Core","Omamori","Blue Candle","Shuriken","Golden Idol","Sozu","Singing Bowl","MutagenicStrength","Incense Burner"],"potions_floor_usage":[7,13,16],"damage_taken":[{"damage":8,"enemies":"Small Slimes","floor":1,"turns":3},{"damage":4,"enemies":"2 Louse","floor":2,"turns":3},{"damage":0,"enemies":"Cultist","floor":4,"turns":4},{"damage":8,"enemies":"3 Louse","floor":5,"turns":6},{"damage":34,"enemies":"Gremlin Nob","floor":7,"turns":4},{"damage":0,"enemies":"Exordium Wildlife","floor":8,"turns":4},{"damage":0,"enemies":"Large Slime","floor":13,"turns":6},{"damage":8,"enemies":"Red Slaver","floor":14,"turns":3},{"damage":39,"enemies":"Hexaghost","floor":16,"turns":12},{"damage":0,"enemies":"Chosen","floor":18,"turns":6},{"damage":29,"enemies":"3 Byrds","floor":19,"turns":3},{"damage":67,"enemies":"Gremlin Leader","floor":23,"turns":8},{"damage":10,"enemies":"Shelled Parasite and Fungi","floor":24,"turns":2}],"seed_played":"-9093615209073327934","potions_obtained":[{"floor":4,"key":"FocusPotion"},{"floor":5,"key":"Ancient Potion"},{"floor":13,"key":"Fruit Juice"},{"floor":14,"key":"Fire Potion"}],"is_trial":false,"path_per_floor":["M","M","$","M","M","R","E","M","T","?","?","R","M","M","R","B",null,"M","M","?","$","?","E"],"character_chosen":"DEFECT","items_purchased":["Storm","Omamori","Singing Bowl","Storm"],"campfire_rested":2,"item_purchase_floors":[3,3,21,21],"current_hp_per_floor":[67,63,63,63,55,55,21,21,21,3,3,25,30,22,46,7,80,80,51,77,77,77,10,0],"gold":53,"neow_bonus":"HUNDRED_GOLD","is_prod":false,"is_daily":false,"chose_seed":false,"campfire_upgraded":1,"win_rate":0,"timestamp":1540352027,"path_taken":["M","M","$","M","M","R","E","M","T","?","?","R","M","M","R","BOSS","M","M","?","$","?","E","M"],"build_version":"2018-10-22","purchased_purges":0,"victory":false,"max_hp_per_floor":[75,75,75,75,75,75,75,75,75,75,75,75,80,80,80,80,80,80,80,80,80,80,80,80],"card_choices":[{"not_picked":["Stack","Leap"],"picked":"Conserve Battery","floor":1},{"not_picked":["Go for the Eyes","Rebound"],"picked":"Undo","floor":2},{"not_picked":["Beam Cell","Skim"],"picked":"Streamline","floor":4},{"not_picked":["Hello World","Cold Snap"],"picked":"White Noise","floor":5},{"not_picked":["Seek","Stack"],"picked":"Echo Form","floor":7},{"not_picked":["Compile Driver","Barrage","Sweeping Beam"],"picked":"SKIP","floor":8},{"not_picked":["Reboot","Ball Lightning"],"picked":"Auto Shields","floor":13},{"not_picked":["Steam","Go for the Eyes"],"picked":"Conserve Battery","floor":14},{"not_picked":["Seek","Hyperbeam"],"picked":"All For One","floor":16},{"not_picked":["Streamline","Go for the Eyes"],"picked":"Storm","floor":18},{"not_picked":["Gash","Sweeping Beam+1"],"picked":"Amplify","floor":19},{"not_picked":["Redo","Tempest"],"picked":"Conserve Battery+1","floor":23}],"player_experience":245373,"relics_obtained":[{"floor":7,"key":"Blue Candle"},{"floor":9,"key":"Shuriken"},{"floor":23,"key":"Incense Burner"}],"event_choices":[{"damage_healed":0,"gold_gain":0,"player_choice":"Take Damage","damage_taken":18,"relics_obtained":["Golden Idol"],"max_hp_gain":0,"max_hp_loss":0,"event_name":"Golden Idol","floor":10,"gold_loss":0},{"damage_healed":0,"gold_gain":0,"player_choice":"Ignored","damage_taken":0,"max_hp_gain":0,"max_hp_loss":0,"event_name":"Liars Game","floor":11,"gold_loss":0},{"damage_healed":26,"gold_gain":0,"player_choice":"Heal","damage_taken":0,"max_hp_gain":0,"max_hp_loss":0,"event_name":"The Library","floor":20,"gold_loss":0},{"damage_healed":0,"gold_gain":0,"player_choice":"Inject Mutagens","damage_taken":0,"relics_obtained":["MutagenicStrength"],"max_hp_gain":0,"max_hp_loss":0,"event_name":"Drug Dealer","floor":22,"gold_loss":0}],"is_beta":true,"boss_relics":[{"not_picked":["Busted Crown","Fusion Hammer"],"picked":"Sozu"}],"items_purged_floors":[],"is_endless":false,"potions_floor_spawned":[4,5,13,14,18,19],"killed_by":"Shelled Parasite and Fungi","ascension_level":1}