{"gold_per_floor":[115,125,138,238,256,256,276,72,72,23,35,51,51,77,77,177,177,189,189,202,212,212],"floor_reached":22,"playtime":816,"items_purged":[],"score":209,"play_id":"5fab658a-2f1e-47c6-89df-dc4e39b5d430","local_time":"20181222011823","is_ascension_mode":true,"campfire_choices":[{"data":"Whirlwind","floor":6.0,"key":"SMITH"},{"floor":15.0,"key":"REST"}],"neow_cost":"NONE","seed_source_timestamp":13801913449300,"circlet_count":0,"master_deck":["Strike_R","Strike_R","Strike_R","Strike_R+1","Strike_R","Defend_R","Defend_R","Defend_R","Defend_R","Bash+1","Combust+1","Whirlwind+1","Flex","Inflame","Metallicize","Thunderclap","Shockwave","Inflame","Impervious","Normality","Spot Weakness+1","Corruption"],"special_seed":0,"relics":["Burning Blood","Chemical X","Bottled Lightning","Omamori","Calling Bell","Boot","Letter Opener","Mango","Blue Candle"],"potions_floor_usage":[],"damage_taken":[{"damage":2.0,"enemies":"Jaw Worm","floor":1.0,"turns":3.0},{"damage":6.0,"enemies":"Cultist","floor":2.0,"turns":3.0},{"damage":14.0,"enemies":"Small Slimes","floor":3.0,"turns":5.0},{"damage":24.0,"enemies":"Exordium Thugs","floor":5.0,"turns":4.0},{"damage":14.0,"enemies":"Blue Slaver","floor":7.0,"turns":4.0},{"damage":0.0,"enemies":"3 Louse","floor":11.0,"turns":2.0},{"damage":6.0,"enemies":"Exordium Thugs","floor":12.0,"turns":3.0},{"damage":14.0,"enemies":"3 Sentries","floor":14.0,"turns":4.0},{"damage":35.0,"enemies":"The Guardian","floor":16.0,"turns":8.0},{"damage":27.0,"enemies":"Spheric Guardian","floor":18.0,"turns":5.0},{"damage":11.0,"enemies":"2 Thieves","floor":20.0,"turns":2.0},{"damage":42.0,"enemies":"Chosen and Byrds","floor":21.0,"turns":7.0},{"damage":37,"enemies":"Shelled Parasite and Fungi","floor":22,"turns":4}],"seed_played":"2810288550184190842","potions_obtained":[{"floor":3.0,"key":"Regen Potion"},{"floor":5.0,"key":"Energy Potion"},{"floor":7.0,"key":"Weak Potion"},{"floor":11.0,"key":"BloodPotion"},{"floor":20.0,"key":"FearPotion"},{"floor":21.0,"key":"Weak Potion"}],"is_trial":false,"path_per_floor":["M","M","M","?","M","R","M","$","T","$","M","M","?","E","R","B",null,"M","?","M","M","M"],"character_chosen":"IRONCLAD","items_purchased":["Chemical X","Thunderclap"],"campfire_rested":1,"item_purchase_floors":[8,10],"current_hp_per_floor":[80,80,72,72,54,54,46,46,46,46,52,52,36,28,52,31,94,73,73,68,32,0],"gold":212,"neow_bonus":"UPGRADE_CARD","is_prod":false,"is_daily":false,"chose_seed":false,"campfire_upgraded":1,"win_rate":0,"timestamp":1545459503,"path_taken":["M","M","M","?","M","R","M","$","T","?","M","M","?","E","R","BOSS","M","?","M","M","M"],"build_version":"2018-12-20","purchased_purges":0,"victory":false,"max_hp_per_floor":[80,80,80,80,80,80,80,80,80,80,80,80,80,80,80,80,94,94,94,94,94,94],"card_choices":[{"not_picked":["Warcry","Reckless Charge"],"picked":"Combust","floor":1.0},{"not_picked":["Disarm","Warcry"],"picked":"Whirlwind","floor":2.0},{"not_picked":["Anger","Clash"],"picked":"Flex","floor":3.0},{"not_picked":["Cleave","Headbutt"],"picked":"Inflame","floor":5.0},{"not_picked":["Rage","Pummel"],"picked":"Metallicize","floor":7.0},{"not_picked":["Dark Embrace","Evolve","Havoc"],"picked":"SKIP","floor":11.0},{"not_picked":["Searing Blow","Dual Wield"],"picked":"Shockwave","floor":12.0},{"not_picked":["Cleave","Heavy Blade"],"picked":"Inflame","floor":14.0},{"not_picked":["Offering","Bludgeon"],"picked":"Impervious","floor":16.0},{"not_picked":["Body Slam+1","Clothesline"],"picked":"Spot Weakness+1","floor":18.0},{"not_picked":["Thunderclap","Uppercut"],"picked":"Corruption","floor":20.0},{"not_picked":["Havoc","Sword Boomerang","Dual Wield"],"picked":"SKIP","floor":21.0}],"player_experience":315349,"relics_obtained":[{"floor":9.0,"key":"Bottled Lightning"},{"floor":14.0,"key":"Omamori"},{"floor":17.0,"key":"Boot"},{"floor":17.0,"key":"Letter Opener"},{"floor":17.0,"key":"Mango"}],"event_choices":[{"damage_healed":0.0,"max_hp_gain":0.0,"max_hp_loss":0.0,"gold_gain":100.0,"event_name":"Wheel of Change","player_choice":"Gold","floor":4.0,"gold_loss":0.0,"damage_taken":0.0},{"damage_healed":0.0,"max_hp_gain":0.0,"max_hp_loss":0.0,"gold_gain":0.0,"event_name":"Shining Light","player_choice":"Entered Light","floor":13.0,"gold_loss":0.0,"damage_taken":16.0,"cards_upgraded":["Strike_R","Combust"]},{"damage_healed":0.0,"max_hp_gain":0.0,"max_hp_loss":0.0,"gold_gain":0.0,"event_name":"The Mausoleum","player_choice":"Opened","floor":19.0,"gold_loss":0.0,"damage_taken":0.0,"relics_obtained":["Blue Candle"]}],"is_beta":false,"boss_relics":[{"not_picked":["Coffee Dripper","Runic Cube"],"picked":"Calling Bell"}],"items_purged_floors":[],"is_endless":false,"potions_floor_spawned":[3,5,7,11,20,21],"killed_by":"Shelled Parasite and Fungi","ascension_level":2}