{"gold_per_floor":[110,125,141,141,241,241,269,281,281,297,308,321,11,31,31,132,132,143,143,158,4,4,4,35,35,35,65,65,79,79,93,93,189,189,207,207,218,218],"floor_reached":38,"playtime":1695,"items_purged":[],"score":635,"play_id":"cc3441d5-08f6-4163-b638-95d1d0e77c60","local_time":"20190314215845","is_ascension_mode":true,"campfire_choices":[{"data":"Armaments","floor":6.0,"key":"SMITH"},{"floor":15.0,"key":"REST"},{"data":"Shockwave","floor":23,"key":"SMITH"},{"floor":28,"key":"REST"},{"floor":32,"key":"REST"}],"neow_cost":"NONE","seed_source_timestamp":17059356028100,"circlet_count":0,"master_deck":["Strike_R","Strike_R","Strike_R","Strike_R","Defend_R","Defend_R","Defend_R","Defend_R","Bash","Battle Trance","Pommel Strike","Armaments+1","Hemokinesis","Cleave","Inflame","Shrug It Off","Shockwave+1","Feed","Wild Strike","Feed","Rampage+1","Regret","Seeing Red","Disarm","Exhume","Perfected Strike+1","True Grit"],"special_seed":0,"relics":["Burning Blood","Ornamental Fan","Nunchaku","Torii","Cursed Key","Oddly Smooth Stone","Charon\u0027s Ashes","Paper Frog","Champion Belt","Sozu","NlothsMask"],"potions_floor_usage":[22,24,27,33,33,37],"damage_taken":[{"damage":6.0,"enemies":"Cultist","floor":1.0,"turns":3.0},{"damage":14.0,"enemies":"Jaw Worm","floor":2.0,"turns":3.0},{"damage":2.0,"enemies":"2 Louse","floor":3.0,"turns":3.0},{"damage":40.0,"enemies":"3 Sentries","floor":7.0,"turns":11.0},{"damage":24.0,"enemies":"Lots of Slimes","floor":8.0,"turns":6.0},{"damage":3.0,"enemies":"3 Louse","floor":10.0,"turns":3.0},{"damage":12.0,"enemies":"Exordium Thugs","floor":11.0,"turns":3.0},{"damage":6.0,"enemies":"Looter","floor":12.0,"turns":4.0},{"damage":6.0,"enemies":"Lots of Slimes","floor":14.0,"turns":4.0},{"damage":29.0,"enemies":"Slime Boss","floor":16.0,"turns":8.0},{"damage":9,"enemies":"3 Byrds","floor":18,"turns":5},{"damage":5,"enemies":"2 Thieves","floor":20,"turns":3},{"damage":24,"enemies":"Slavers","floor":24,"turns":7},{"damage":58,"enemies":"Gremlin Leader","floor":27,"turns":8},{"damage":27,"enemies":"Snake Plant","floor":29,"turns":3},{"damage":14,"enemies":"Cultist and Chosen","floor":31,"turns":5},{"damage":55,"enemies":"Automaton","floor":33,"turns":9},{"damage":62,"enemies":"3 Darklings","floor":35,"turns":7},{"damage":14,"enemies":"3 Shapes","floor":37,"turns":5},{"damage":36,"enemies":"Writhing Mass","floor":38,"turns":5}],"seed_played":"-4471236166538150090","potions_obtained":[{"floor":1.0,"key":"Fire Potion"},{"floor":10.0,"key":"Poison Potion"},{"floor":12.0,"key":"Ancient Potion"},{"floor":14.0,"key":"Weak Potion"},{"floor":20,"key":"Ancient Potion"},{"floor":22,"key":"AttackPotion"},{"floor":22,"key":"Fruit Juice"},{"floor":22,"key":"Poison Potion"},{"floor":24,"key":"EssenceOfSteel"},{"floor":31,"key":"Dexterity Potion"}],"is_trial":false,"path_per_floor":["M","M","M","$","?","R","E","M","T","M","M","M","$","M","R","B",null,"M","?","M","$","?","R","E","$","T","E","R","M","?","M","R","B",null,"M","?","M","M"],"character_chosen":"IRONCLAD","items_purchased":["Torii","Oddly Smooth Stone"],"campfire_rested":3,"item_purchase_floors":[13,21],"current_hp_per_floor":[80,72,76,76,76,76,42,24,24,27,21,21,21,21,47,24,72,72,72,79,79,84,84,69,69,69,21,53,32,32,30,64,18,93,37,37,35,0],"gold":218,"neow_bonus":"TEN_PERCENT_HP_BONUS","is_prod":false,"is_daily":false,"chose_seed":false,"campfire_upgraded":2,"win_rate":0,"timestamp":1552615125,"path_taken":["M","M","?","$","?","R","E","M","T","M","M","M","?","?","R","BOSS","M","?","?","$","?","R","E","?","T","E","R","M","?","M","R","BOSS","M","?","M","?"],"build_version":"2019-01-23","purchased_purges":0,"victory":false,"max_hp_per_floor":[88,88,88,88,88,88,88,88,88,88,88,88,88,88,88,88,88,91,91,97,97,102,102,105,105,105,109,109,109,109,115,115,118,118,118,118,124,124],"card_choices":[{"not_picked":["Body Slam","Heavy Blade"],"picked":"Battle Trance","floor":1.0},{"not_picked":["Iron Wave","Cleave"],"picked":"Pommel Strike","floor":2.0},{"not_picked":["Warcry","Clash"],"picked":"Armaments","floor":3.0},{"not_picked":["Headbutt","Twin Strike"],"picked":"Hemokinesis","floor":7.0},{"not_picked":["Battle Trance","Havoc"],"picked":"Cleave","floor":8.0},{"not_picked":["Dark Embrace","Battle Trance"],"picked":"Inflame","floor":10.0},{"not_picked":["Heavy Blade","Anger"],"picked":"Shrug It Off","floor":11.0},{"not_picked":["Pommel Strike","Flex"],"picked":"Shockwave","floor":12.0},{"not_picked":["Heavy Blade","Exhume","Warcry"],"picked":"SKIP","floor":14.0},{"not_picked":["Dark Embrace","Exhume"],"picked":"Feed","floor":16.0},{"not_picked":["Clothesline","Reckless Charge"],"picked":"Wild Strike","floor":18},{"not_picked":["Heavy Blade","Warcry+1","Flex"],"picked":"SKIP","floor":20},{"not_picked":["Armaments","Searing Blow+1"],"picked":"Rampage+1","floor":24},{"not_picked":["Cleave","Uppercut+1"],"picked":"Seeing Red","floor":27},{"not_picked":["Armaments+1","Shrug It Off"],"picked":"Disarm","floor":29},{"not_picked":["Twin Strike","Infernal Blade","Inflame"],"picked":"SKIP","floor":31},{"not_picked":["Dark Embrace","Brutality"],"picked":"Exhume","floor":33},{"not_picked":["Clothesline","Uppercut+1"],"picked":"Perfected Strike+1","floor":35},{"not_picked":["Armaments","Power Through+1"],"picked":"True Grit","floor":37}],"player_experience":538367,"relics_obtained":[{"floor":7.0,"key":"Ornamental Fan"},{"floor":9.0,"key":"Nunchaku"},{"floor":24,"key":"Charon\u0027s Ashes"},{"floor":26,"key":"Paper Frog"},{"floor":27,"key":"Champion Belt"}],"event_choices":[{"damage_healed":0.0,"max_hp_gain":0.0,"max_hp_loss":0.0,"gold_gain":100.0,"event_name":"Golden Shrine","player_choice":"Pray","floor":5.0,"gold_loss":0.0,"damage_taken":0.0},{"damage_healed":0,"gold_gain":0,"player_choice":"Copied","damage_taken":0,"max_hp_gain":0,"max_hp_loss":0,"event_name":"Duplicator","floor":19,"gold_loss":0,"cards_obtained":["Feed"]},{"damage_healed":0,"gold_gain":0,"player_choice":"Got Potions","damage_taken":0,"max_hp_gain":0,"max_hp_loss":0,"event_name":"Lab","floor":22,"gold_loss":0},{"cards_removed":["Strike_R"],"damage_healed":0,"gold_gain":0,"player_choice":"Elegance","damage_taken":0,"max_hp_gain":0,"max_hp_loss":0,"event_name":"Back to Basics","floor":30,"gold_loss":0},{"damage_healed":0,"gold_gain":0,"player_choice":"Trade","damage_taken":0,"relics_obtained":["NlothsMask"],"max_hp_gain":0,"max_hp_loss":0,"event_name":"FaceTrader","floor":36,"gold_loss":0}],"is_beta":false,"boss_relics":[{"not_picked":["Snecko Eye","Black Blood"],"picked":"Cursed Key"},{"not_picked":["Velvet Choker","Runic Pyramid"],"picked":"Sozu"}],"items_purged_floors":[],"is_endless":false,"potions_floor_spawned":[1,10,12,14,20,24,31,37],"killed_by":"Writhing Mass","ascension_level":8}