{"gold_per_floor":[364,364,38,38,38,38,113,113,168,168,235,235,247,258,258,353,353,370,469,52,66,66],"floor_reached":22,"playtime":495,"items_purged":[],"score":255,"play_id":"077bd215-b9e0-4366-a9fe-f72927521453","local_time":"20190321151027","is_ascension_mode":true,"campfire_choices":[{"data":"Doom and Gloom","floor":6,"key":"SMITH"},{"data":"Zap","floor":8,"key":"SMITH"},{"floor":10,"key":"REST"},{"data":"Capacitor","floor":15,"key":"SMITH"}],"neow_cost":"TEN_PERCENT_HP_LOSS","seed_source_timestamp":247668330911900,"circlet_count":0,"master_deck":["AscendersBane","Strike_B","Strike_B","Strike_B","Strike_B","Defend_B","Defend_B","Defend_B","Defend_B","Zap+1","Dualcast","Doom and Gloom+1","Cold Snap+1","Barrage+1","Beam Cell+1","Capacitor+1","Electrodynamics","Compile Driver+1","Gash+1","Beam Cell+1","BootSequence","Defragment"],"relics":["Cracked Core","Molten Egg 2","Pear","Lantern","Eternal Feather","Shuriken"],"potions_floor_usage":[16,16],"damage_taken":[{"damage":10,"enemies":"Small Slimes","floor":1,"turns":4},{"damage":0,"enemies":"2 Louse","floor":13,"turns":2},{"damage":0,"enemies":"Cultist","floor":14,"turns":3},{"damage":58,"enemies":"Hexaghost","floor":16,"turns":8},{"damage":31,"enemies":"Shell Parasite","floor":18,"turns":6},{"damage":26,"enemies":"2 Thieves","floor":21,"turns":4}],"seed_played":"732601630734807742","potions_obtained":[{"floor":1,"key":"FocusPotion"},{"floor":12,"key":"FairyPotion"},{"floor":12,"key":"AttackPotion"},{"floor":12,"key":"LiquidBronze"},{"floor":18,"key":"Strength Potion"},{"floor":21,"key":"LiquidBronze"}],"is_trial":false,"path_per_floor":["M","?","$","?","$","R","?","R","T","R","?","?","M","M","R","B",null,"M","?","$","M","?"],"character_chosen":"DEFECT","items_purchased":["Molten Egg 2","Cold Snap+1","Barrage+1","Shuriken","Gash+1","Beam Cell+1","BootSequence"],"campfire_rested":1,"item_purchase_floors":[3,3,3,20,20,20,20],"current_hp_per_floor":[58,63,63,61,61,61,50,50,50,74,74,74,74,74,74,16,66,35,35,35,9,0],"gold":66,"neow_bonus":"TWO_FIFTY_GOLD","is_prod":false,"is_daily":false,"chose_seed":false,"campfire_upgraded":3,"win_rate":0,"timestamp":1553195427,"path_taken":["M","?","$","?","$","R","?","R","T","R","?","?","?","M","R","BOSS","M","?","$","M","?"],"build_version":"2019-01-23","purchased_purges":0,"victory":false,"max_hp_per_floor":[68,73,73,83,83,83,83,83,83,83,83,83,83,83,83,83,83,83,83,83,83,83],"card_choices":[{"not_picked":["Lockon","Defragment"],"picked":"Doom and Gloom","floor":1},{"not_picked":["Streamline+1","Coolheaded"],"picked":"Beam Cell+1","floor":13},{"not_picked":["Chaos","Cold Snap+1"],"picked":"Capacitor","floor":14},{"not_picked":["Thunder Strike+1","Fission"],"picked":"Electrodynamics","floor":16},{"not_picked":["Sweeping Beam+1","Gash+1"],"picked":"Compile Driver+1","floor":18},{"not_picked":["Aggregate","Barrage+1"],"picked":"Defragment","floor":21}],"player_experience":556591,"relics_obtained":[{"floor":9,"key":"Lantern"}],"event_choices":[{"damage_healed":0,"gold_gain":0,"player_choice":"Donut","damage_taken":0,"max_hp_gain":5,"max_hp_loss":0,"event_name":"Big Fish","floor":2,"gold_loss":0},{"damage_healed":0,"gold_gain":0,"player_choice":"Success","damage_taken":12,"relics_obtained":["Pear"],"max_hp_gain":0,"max_hp_loss":0,"event_name":"Scrap Ooze","floor":4,"gold_loss":0},{"damage_healed":0,"gold_gain":75,"player_choice":"Gather Gold","damage_taken":11,"max_hp_gain":0,"max_hp_loss":0,"event_name":"World of Goop","floor":7,"gold_loss":0},{"damage_healed":0,"gold_gain":67,"player_choice":"Gained Gold","damage_taken":0,"max_hp_gain":0,"max_hp_loss":0,"event_name":"Golden Wing","floor":11,"gold_loss":0},{"damage_healed":0,"gold_gain":0,"player_choice":"Got Potions","damage_taken":0,"max_hp_gain":0,"max_hp_loss":0,"event_name":"Lab","floor":12,"gold_loss":0},{"damage_healed":0,"gold_gain":99,"player_choice":"Stole From Cult","damage_taken":0,"max_hp_gain":0,"max_hp_loss":0,"event_name":"Nest","floor":19,"gold_loss":0}],"is_beta":false,"boss_relics":[{"not_picked":["Calling Bell","Coffee Dripper"],"picked":"Eternal Feather"}],"items_purged_floors":[],"is_endless":false,"potions_floor_spawned":[1,14,18,21],"ascension_level":10}