{"path_per_floor":["M","?","M","M","$","E","R","M","T","E","R","M","M","M","R","B",null,"M","M","?","?","$","R"],"character_chosen":"IRONCLAD","items_purchased":["Searing Blow","Pantograph"],"gold_per_floor":[111,111,130,148,79,107,107,118,170,195,195,207,226,239,239,341,341,354,365,365,265,17,17],"floor_reached":24,"campfire_rested":0,"playtime":1640,"current_hp_per_floor":[88,88,85,86,86,77,77,70,70,50,50,46,46,45,45,58,88,72,44,44,44,44,44],"items_purged":[],"gold":17,"play_id":"b278aca8-220e-46a8-9f36-49665b73db1a","is_prod":false,"is_daily":false,"is_ascension_mode":false,"campfire_upgraded":4,"path_taken":["M","?","M","M","$","E","R","M","T","E","R","M","?","M","R","BOSS","M","M","?","?","$","R","E"],"build_version":"2018-01-25-PROD3","purchased_purges":0,"victory":false,"master_deck":["Strike_R","Strike_R","Strike_R","Strike_R","Strike_R","Defend_R+1","Defend_R","Defend_R","Defend_R","Bash","Iron Wave","Searing Blow+4","Spot Weakness","Heavy Blade","Bloodletting","Barricade","Armaments","Armaments","J.A.X."],"max_hp_per_floor":[88,88,88,88,88,88,88,88,88,88,88,88,88,88,88,88,88,88,88,88,88,88,88],"relics":["Burning Blood","Toxic Egg","Blood Vial","Vajra","Sozu","Pantograph"],"card_choices":[{"not_picked":["Cleave","Feel No Pain"],"picked":"Iron Wave"},{"not_picked":["Cleave","Clothesline"],"picked":"Spot Weakness"},{"not_picked":["Spot Weakness","Rage"],"picked":"Heavy Blade"},{"not_picked":["Shrug It Off","Clash"],"picked":"Bloodletting"},{"not_picked":["Offering","Juggernaut"],"picked":"Barricade"},{"not_picked":["Shrug It Off","Clothesline"],"picked":"Armaments"},{"not_picked":["Clash","Shockwave"],"picked":"Armaments"}],"player_experience":44771,"potions_floor_usage":[6,6,6,16,16],"damage_taken":[{"damage":2,"enemies":"Small Slimes","floor":1,"turns":5},{"damage":9,"enemies":"Blue Slaver","floor":3,"turns":5},{"damage":5,"enemies":"Jaw Worm","floor":4,"turns":4},{"damage":15,"enemies":"Lagavulin","floor":6,"turns":6},{"damage":13,"enemies":"Gremlin Gang","floor":8,"turns":6},{"damage":28,"enemies":"Gremlin Nob","floor":10,"turns":4},{"damage":12,"enemies":"3 Louse","floor":12,"turns":3},{"damage":8,"enemies":"Exordium Wildlife","floor":13,"turns":3},{"damage":9,"enemies":"2 Fungi Beasts","floor":14,"turns":4},{"damage":10,"enemies":"Slime Boss","floor":16,"turns":8},{"damage":22,"enemies":"Chosen","floor":18,"turns":5},{"damage":36,"enemies":"2 Thieves","floor":19,"turns":4},{"damage":55,"enemies":"Slavers","floor":24,"turns":3}],"event_choices":[{"event_name":"The Lab","player_choice":"Got Potions","floor":2,"damage_taken":0},{"event_name":"Cursed Tome","player_choice":"Ignored","floor":20,"damage_taken":0},{"event_name":"Drug Dealer","player_choice":"Got JAXXED","floor":21,"damage_taken":0}],"boss_relics":[{"not_picked":["Runic Pyramid","White Beast Statue"],"picked":"Sozu"}],"potions_floor_spawned":[3,4,12,13,19],"seed_played":"4853036955861722512","killed_by":"Slavers","ascension_level":0,"is_trial":false}