{"path_per_floor":["M","$","?","M","?","R","E","M","T","E","R","M","R","M","R","B",null,"M","?","?"],"character_chosen":"THE_SILENT","items_purchased":["Backflip","Dagger Throw"],"gold_per_floor":[115,15,15,35,35,35,68,83,83,115,115,125,125,142,142,242,242,252,252,522],"floor_reached":21,"campfire_rested":2,"playtime":815,"current_hp_per_floor":[68,68,54,54,47,47,46,41,41,23,44,39,60,54,54,49,70,57,57,25],"items_purged":[],"gold":522,"score":187,"play_id":"bd31f848-3303-4ef0-9f94-65c4948fcb87","is_prod":false,"is_daily":false,"is_ascension_mode":false,"campfire_upgraded":2,"path_taken":["M","$","?","M","?","R","E","M","T","E","R","M","R","?","R","BOSS","M","?","?","M"],"build_version":"2018-02-15-PROD1","purchased_purges":0,"victory":false,"master_deck":["Defend_G","Defend_G","Defend_G+1","Defend_G","Defend_G","Strike_G","Strike_G","Strike_G","Strike_G","Survivor","Neutralize+1","Flying Knee","Backflip","Dagger Throw+1","Outmaneuver","Masterful Stab","Well Laid Plans","Skewer+1","All Out Attack","Prepared","Flying Knee","Burst","Footwork"],"max_hp_per_floor":[70,70,70,70,70,70,70,70,70,70,70,70,70,70,70,70,70,70,70,70],"relics":["Ring of the Snake","Art of War","Prayer Wheel","Du-Vu Doll","Matryoshka","Black Star"],"card_choices":[{"not_picked":["Endless Agony","Dagger Spray"],"picked":"Flying Knee"},{"not_picked":["Slice","Bane"],"picked":"Outmaneuver"},{"not_picked":["Deflect","PiercingWail"],"picked":"Masterful Stab"},{"not_picked":["Bane","Masterful Stab"],"picked":"Well Laid Plans"},{"not_picked":["Blur","Dagger Spray"],"picked":"Skewer"},{"not_picked":["Storm of Steel","Acrobatics"],"picked":"All Out Attack"},{"not_picked":["Skewer","Deflect"],"picked":"Prepared"},{"not_picked":["Flechettes","Sucker Punch"],"picked":"Flying Knee"},{"not_picked":["A Thousand Cuts","Die Die Die"],"picked":"Burst"}],"player_experience":96944,"potions_floor_usage":[7,7,16],"damage_taken":[{"damage":2,"enemies":"Small Slimes","floor":1,"turns":4},{"damage":0,"enemies":"Jaw Worm","floor":4,"turns":5},{"damage":1,"enemies":"Lagavulin","floor":7,"turns":6},{"damage":5,"enemies":"2 Louse","floor":8,"turns":2},{"damage":18,"enemies":"Gremlin Nob","floor":10,"turns":4},{"damage":5,"enemies":"2 Fungi Beasts","floor":12,"turns":3},{"damage":6,"enemies":"Lots of Slimes","floor":14,"turns":3},{"damage":20,"enemies":"Slime Boss","floor":16,"turns":9},{"damage":13,"enemies":"Chosen","floor":18,"turns":4},{"damage":25,"enemies":"3 Byrds","floor":21,"turns":4}],"event_choices":[{"event_name":"Shining Light","player_choice":"Entered Light","floor":3,"damage_taken":0},{"event_name":"Golden Wing","player_choice":"Card Removal","floor":5,"damage_taken":0},{"event_name":"The Library","player_choice":"Read","floor":19,"damage_taken":0},{"event_name":"Knowing Skull","player_choice":"GOLD GOLD GOLD ","floor":20,"damage_taken":0}],"boss_relics":[{"not_picked":["The Specimen","Ectoplasm"],"picked":"Black Star"}],"potions_floor_spawned":[1,4,12],"seed_played":"-7443997174276908204","killed_by":"3 Byrds","ascension_level":0,"is_trial":false}