{"gold_per_floor":[110,34,45,45,45,83,106,106,106,121,121,142,63,86,86,216,216,206,121,121,46,46,77,77,111,180,180,180],"floor_reached":28,"playtime":868,"items_purged":["Injury"],"score":334,"play_id":"fbe2e0ac-62d4-48cf-ac1e-84cd2a4187b5","local_time":"20181110170252","is_ascension_mode":true,"campfire_choices":[{"floor":8,"key":"DIG"},{"floor":11,"key":"DIG"},{"floor":15,"key":"DIG"},{"floor":24,"key":"REST"}],"neow_cost":"NONE","seed_source_timestamp":259670057022700,"circlet_count":0,"master_deck":["Defend_G+1","Defend_G+1","Defend_G+1","Defend_G+1","Strike_G+1","Strike_G+1","Strike_G+1","Strike_G+1","Survivor","Neutralize","Deadly Poison","Noxious Fumes","Outmaneuver","Catalyst","Quick Slash","Noxious Fumes","Backflip","Noxious Fumes","PiercingWail","Night Terror","Prepared","Blur"],"relics":["Ring of the Snake","NeowsBlessing","Golden Idol","Shovel","Ornamental Fan","Mango","Centennial Puzzle","Question Card","Empty Cage","Blood Vial","Nilry\u0027s Codex","Unceasing Top","Mummified Hand","Matryoshka"],"potions_floor_usage":[12,14,16,16],"damage_taken":[{"damage":0,"enemies":"Cultist","floor":1,"turns":1},{"damage":0,"enemies":"Small Slimes","floor":3,"turns":1},{"damage":0,"enemies":"Lagavulin","floor":6,"turns":1},{"damage":0,"enemies":"Jaw Worm","floor":7,"turns":4},{"damage":1,"enemies":"Large Slime","floor":10,"turns":9},{"damage":8,"enemies":"Looter","floor":12,"turns":4},{"damage":1,"enemies":"Blue Slaver","floor":14,"turns":3},{"damage":17,"enemies":"Hexaghost","floor":16,"turns":9},{"damage":22,"enemies":"2 Thieves","floor":18,"turns":4},{"damage":32,"enemies":"Gremlin Leader","floor":23,"turns":7},{"damage":37,"enemies":"Book of Stabbing","floor":25,"turns":7},{"damage":9,"enemies":"Chosen","floor":28,"turns":4}],"seed_played":"3135902569766284404","potions_obtained":[{"floor":3,"key":"Weak Potion"},{"floor":7,"key":"Regen Potion"},{"floor":12,"key":"PowerPotion"},{"floor":14,"key":"Dexterity Potion"},{"floor":18,"key":"Ancient Potion"},{"floor":25,"key":"SpeedPotion"}],"is_trial":false,"path_per_floor":["M","$","M","?","?","E","M","R","T","M","R","M","$","M","R","B",null,"M","?","?","$","?","E","R","E","T","$","M"],"character_chosen":"THE_SILENT","items_purchased":["Noxious Fumes","Noxious Fumes"],"campfire_rested":1,"item_purchase_floors":[2,13],"current_hp_per_floor":[70,70,70,56,56,56,56,56,70,69,69,61,61,60,60,58,84,62,62,62,62,46,16,41,6,6,6,0],"gold":180,"neow_bonus":"THREE_ENEMY_KILL","is_prod":false,"is_daily":false,"chose_seed":false,"campfire_upgraded":0,"win_rate":0,"timestamp":1541887372,"path_taken":["M","$","M","?","?","E","M","R","T","M","R","M","$","M","R","BOSS","M","?","?","$","?","E","R","E","T","?","?"],"build_version":"2018-11-08","purchased_purges":1,"victory":false,"max_hp_per_floor":[70,70,70,70,70,70,70,70,84,84,84,84,84,84,84,84,84,84,84,84,84,84,84,84,84,84,84,84],"card_choices":[{"not_picked":["Deadly Poison","Deflect","Dagger Throw"],"picked":"SKIP","floor":1},{"not_picked":["Deflect","Dagger Throw"],"picked":"Deadly Poison","floor":1},{"not_picked":["Slice","Acrobatics"],"picked":"Outmaneuver","floor":3},{"not_picked":["Choke","Heel Hook"],"picked":"Catalyst","floor":6},{"not_picked":["Acrobatics","Underhanded Strike"],"picked":"Quick Slash","floor":7},{"not_picked":["Glass Knife","Dagger Throw"],"picked":"Noxious Fumes","floor":10},{"not_picked":["Acrobatics","Reflex"],"picked":"Backflip","floor":12},{"not_picked":["Underhanded Strike","Calculated Gamble"],"picked":"PiercingWail","floor":14},{"not_picked":["Phantasmal Killer","Venomology","Storm of Steel"],"picked":"Night Terror","floor":16},{"not_picked":["Acrobatics","Quick Slash","Poisoned Stab"],"picked":"Prepared","floor":18},{"not_picked":["PiercingWail","Escape Plan+1","Dodge and Roll","Prepared"],"picked":"SKIP","floor":23},{"not_picked":["Die Die Die","Dash","Cloak And Dagger"],"picked":"Blur","floor":25}],"player_experience":288097,"relics_obtained":[{"floor":6,"key":"Shovel"},{"floor":8,"key":"Ornamental Fan"},{"floor":9,"key":"Mango"},{"floor":11,"key":"Centennial Puzzle"},{"floor":15,"key":"Question Card"},{"floor":22,"key":"Nilry\u0027s Codex"},{"floor":23,"key":"Unceasing Top"},{"floor":25,"key":"Mummified Hand"},{"floor":26,"key":"Matryoshka"}],"event_choices":[{"damage_healed":0,"gold_gain":0,"player_choice":"Entered Light","damage_taken":14,"max_hp_gain":0,"max_hp_loss":0,"event_name":"Shining Light","floor":4,"gold_loss":0,"cards_upgraded":["Defend_G","Defend_G"]},{"damage_healed":0,"gold_gain":0,"player_choice":"Take Wound","damage_taken":0,"relics_obtained":["Golden Idol"],"max_hp_gain":0,"max_hp_loss":0,"event_name":"Golden Idol","floor":5,"gold_loss":0,"cards_obtained":["Injury"]},{"damage_healed":0,"gold_gain":0,"player_choice":"Obtained Relic","damage_taken":0,"relics_obtained":["Blood Vial"],"max_hp_gain":0,"max_hp_loss":0,"event_name":"Addict","floor":19,"gold_loss":85},{"damage_healed":0,"gold_gain":0,"player_choice":"Simplicity","damage_taken":0,"max_hp_gain":0,"max_hp_loss":0,"event_name":"Back to Basics","floor":20,"gold_loss":0,"cards_upgraded":["Defend_G","Defend_G","Strike_G","Strike_G","Strike_G","Strike_G"]},{"damage_healed":0,"gold_gain":0,"player_choice":"Obtained Book","damage_taken":16,"max_hp_gain":0,"max_hp_loss":0,"event_name":"Cursed Tome","floor":22,"gold_loss":0}],"is_beta":true,"boss_relics":[{"not_picked":["HoveringKite","Velvet Choker"],"picked":"Empty Cage"}],"items_purged_floors":[21],"is_endless":false,"potions_floor_spawned":[3,7,12,14,18,25],"killed_by":"Chosen","ascension_level":2}