{"gold_per_floor":[119,119,134,134,149,149,161,175,175,190,190,190,37,54,54,158,158,173,201,161,175,188,188,204,220,247,261,276,276,276,56,56,56],"floor_reached":33,"playtime":4158,"items_purged":["Normality"],"score":268,"play_id":"c4e1b6d0-d4ad-4268-8e2b-a31bc83154d8","local_time":"20190301163514","is_ascension_mode":false,"campfire_choices":[{"data":"Bash","floor":6,"key":"SMITH"},{"floor":12,"key":"REST"},{"data":"Rampage","floor":15,"key":"SMITH"},{"floor":23,"key":"REST"},{"floor":30,"key":"REST"},{"data":"Uppercut","floor":32,"key":"SMITH"}],"neow_cost":"CURSE","seed_source_timestamp":258887515912785,"circlet_count":0,"master_deck":["Strike_R","Strike_R","Strike_R+1","Defend_R","Defend_R","Bash+1","Shrug It Off+1","Sword Boomerang","Rampage+1","Headbutt","Pummel+1","Flex","Uppercut+1","Reaper","Feed+1","Power Through+1","Power Through+1","Dual Wield+1","Iron Wave+1","Flex+1","Rage+1","Cleave+1","Anger","Cleave","Pommel Strike+1","Shrug It Off"],"relics":["Burning Blood","Unceasing Top","Kunai","Ancient Tea Set","Astrolabe","Red Mask","Bag of Marbles","Blood Vial"],"potions_floor_usage":[16,16,19,33,33,33],"damage_taken":[{"damage":5,"enemies":"Jaw Worm","floor":1,"turns":5},{"damage":7,"enemies":"Small Slimes","floor":3,"turns":4},{"damage":0,"enemies":"Cultist","floor":5,"turns":3},{"damage":24,"enemies":"Blue Slaver","floor":7,"turns":3},{"damage":31,"enemies":"Exordium Thugs","floor":8,"turns":7},{"damage":5,"enemies":"3 Louse","floor":10,"turns":4},{"damage":13,"enemies":"Large Slime","floor":14,"turns":6},{"damage":47,"enemies":"Hexaghost","floor":16,"turns":9},{"damage":16,"enemies":"3 Byrds","floor":18,"turns":9},{"damage":66,"enemies":"Masked Bandits","floor":19,"turns":10},{"damage":7,"enemies":"Spheric Guardian","floor":21,"turns":5},{"damage":18,"enemies":"Snake Plant","floor":22,"turns":4},{"damage":15,"enemies":"Cultist and Chosen","floor":24,"turns":7},{"damage":50,"enemies":"Chosen and Byrds","floor":25,"turns":7},{"damage":0,"enemies":"Snake Plant","floor":27,"turns":4},{"damage":21,"enemies":"3 Cultists","floor":28,"turns":6},{"damage":87,"enemies":"Automaton","floor":33,"turns":10}],"seed_played":"6509476964868035972","potions_obtained":[{"floor":1,"key":"LiquidBronze"},{"floor":5,"key":"Explosive Potion"},{"floor":8,"key":"FearPotion"},{"floor":16,"key":"Weak Potion"},{"floor":21,"key":"Dexterity Potion"},{"floor":28,"key":"AttackPotion"}],"is_trial":false,"path_per_floor":["?","?","?","?","?","M","?"],"character_chosen":"IRONCLAD","items_purchased":["Ancient Tea Set","Blood Vial"],"campfire_rested":3,"item_purchase_floors":[13,31],"current_hp_per_floor":[96,96,95,76,82,82,64,39,39,40,28,56,56,49,49,8,96,99,42,42,41,29,59,60,20,20,26,11,46,77,77,77,0],"gold":56,"neow_bonus":"TWENTY_PERCENT_HP_BONUS","is_prod":false,"is_daily":false,"chose_seed":false,"campfire_upgraded":3,"win_rate":0.0,"timestamp":1551458114,"path_taken":["M","?","M","?","M","R","M","M","T","M","?","R","$","M","R","BOSS","M","?","?","?","M","R","M","M","T","M","M","?","R","$","R","BOSS"],"build_version":"2019-01-23","purchased_purges":1,"victory":false,"max_hp_per_floor":[96,96,96,96,96,96,96,96,96,96,96,96,96,96,96,96,96,99,102,102,102,102,102,102,106,106,106,106,106,106,106,106,106],"card_choices":[{"not_picked":["Armaments","Warcry"],"picked":"Shrug It Off","floor":1},{"not_picked":["Warcry","Shrug It Off"],"picked":"Rampage","floor":3},{"not_picked":["Clothesline","Shrug It Off"],"picked":"Headbutt","floor":5},{"not_picked":["Headbutt","Body Slam"],"picked":"Pummel","floor":7},{"not_picked":["Armaments","Feel No Pain"],"picked":"Flex","floor":8},{"not_picked":["Sword Boomerang","Bloodletting"],"picked":"Uppercut","floor":10},{"not_picked":["True Grit","Burning Pact"],"picked":"Reaper","floor":14},{"not_picked":["Reaper","Brutality"],"picked":"Feed","floor":16},{"not_picked":["Body Slam","Shockwave"],"picked":"Iron Wave+1","floor":18},{"not_picked":["Pommel Strike","Armaments"],"picked":"Flex+1","floor":19},{"not_picked":["Clash","Warcry"],"picked":"Rage+1","floor":21},{"not_picked":["Twin Strike+1","Power Through"],"picked":"Cleave+1","floor":22},{"not_picked":["Seeing Red+1","Armaments+1"],"picked":"Anger","floor":24},{"not_picked":["Sever Soul","Entrench"],"picked":"Cleave","floor":25},{"not_picked":["Uppercut+1","Impervious"],"picked":"Pommel Strike+1","floor":27},{"not_picked":["Clothesline+1","Body Slam"],"picked":"Shrug It Off","floor":28}],"player_experience":38277,"relics_obtained":[{"floor":9,"key":"Unceasing Top"},{"floor":19,"key":"Red Mask"},{"floor":26,"key":"Bag of Marbles"}],"event_choices":[{"damage_healed":0,"gold_gain":0,"cards_transformed":["Defend_R"],"player_choice":"Change","damage_taken":0,"max_hp_gain":0,"max_hp_loss":0,"event_name":"Living Wall","floor":2,"gold_loss":0,"cards_obtained":["Sword Boomerang"]},{"damage_healed":0,"gold_gain":0,"player_choice":"Entered Light","damage_taken":19,"max_hp_gain":0,"max_hp_loss":0,"event_name":"Shining Light","floor":4,"gold_loss":0,"cards_upgraded":["Strike_R","Shrug It Off"]},{"damage_healed":0,"gold_gain":0,"player_choice":"Success","damage_taken":12,"relics_obtained":["Kunai"],"max_hp_gain":0,"max_hp_loss":0,"event_name":"Scrap Ooze","floor":11,"gold_loss":0},{"damage_healed":0,"gold_gain":0,"player_choice":"Fought Bandits","damage_taken":0,"max_hp_gain":0,"max_hp_loss":0,"event_name":"Masked Bandits","floor":19,"gold_loss":0},{"damage_healed":0,"gold_gain":0,"player_choice":"Upgraded Two","damage_taken":0,"max_hp_gain":0,"max_hp_loss":0,"event_name":"Designer","floor":20,"gold_loss":40,"cards_upgraded":["Feed","Pummel"]},{"damage_healed":35,"gold_gain":0,"player_choice":"Heal","damage_taken":0,"max_hp_gain":0,"max_hp_loss":0,"event_name":"The Library","floor":29,"gold_loss":0}],"is_beta":false,"boss_relics":[{"not_picked":["Mark of Pain","Lizard Tail"],"picked":"Astrolabe"}],"items_purged_floors":[31],"is_endless":false,"potions_floor_spawned":[1,5,8,14,16,21,28],"killed_by":"Automaton","ascension_level":0}