{"gold_per_floor":[119,119,119,139,152,152,152,152,152,152,177,177,200,240,240,240],"floor_reached":16,"playtime":584,"items_purged":[],"score":137,"play_id":"8657924c-1fd6-4194-8712-083ff36d120e","local_time":"20190317005226","is_ascension_mode":true,"campfire_choices":[{"floor":6,"key":"REST"},{"data":"Corruption","floor":8,"key":"SMITH"},{"data":"Perfected Strike","floor":10,"key":"SMITH"},{"floor":15,"key":"REST"}],"neow_cost":"NONE","seed_source_timestamp":126125814404300,"circlet_count":0,"master_deck":["Strike_R","Strike_R","Strike_R","Strike_R","Strike_R","Defend_R","Defend_R","Defend_R","Defend_R","Bash+1","Perfected Strike+1","Pain","Combust","Corruption+1","Reaper"],"relics":["Burning Blood","Golden Idol","WarpedTongs","Smiling Mask","Odd Mushroom","Ice Cream"],"potions_floor_usage":[16],"damage_taken":[{"damage":12,"enemies":"Jaw Worm","floor":1,"turns":3},{"damage":8,"enemies":"Cultist","floor":4,"turns":3},{"damage":12,"enemies":"Small Slimes","floor":5,"turns":3},{"damage":33,"enemies":"The Mushroom Lair","floor":11,"turns":5},{"damage":15,"enemies":"Blue Slaver","floor":13,"turns":2},{"damage":29,"enemies":"3 Sentries","floor":14,"turns":6},{"damage":50,"enemies":"Hexaghost","floor":16,"turns":7}],"seed_played":"8189495163451200437","potions_obtained":[{"floor":4,"key":"Strength Potion"}],"is_trial":false,"path_per_floor":["M","?","?","M","M","R","?","R","T","R","?","$","M","E","R","B"],"character_chosen":"IRONCLAD","items_purchased":[],"campfire_rested":2,"item_purchase_floors":[],"current_hp_per_floor":[66,66,66,64,58,80,73,73,73,73,46,46,37,14,38,0],"gold":240,"neow_bonus":"UPGRADE_CARD","is_prod":false,"is_daily":false,"chose_seed":false,"campfire_upgraded":2,"win_rate":0,"timestamp":1552798346,"path_taken":["M","?","?","M","?","R","?","R","T","R","?","$","M","E","R","BOSS"],"build_version":"2019-01-23","purchased_purges":0,"victory":false,"max_hp_per_floor":[80,80,80,80,80,80,80,80,80,80,80,80,80,80,80,80],"card_choices":[{"not_picked":["Seeing Red","Flex"],"picked":"Perfected Strike","floor":1},{"not_picked":["Body Slam","Clothesline"],"picked":"Combust","floor":4},{"not_picked":["Sword Boomerang","Headbutt"],"picked":"Corruption","floor":5},{"not_picked":["Perfected Strike","Hemokinesis","Searing Blow"],"picked":"SKIP","floor":13},{"not_picked":["Wild Strike","Hemokinesis"],"picked":"Reaper","floor":14}],"player_experience":540719,"relics_obtained":[{"floor":9,"key":"Smiling Mask"},{"floor":11,"key":"Odd Mushroom"},{"floor":14,"key":"Ice Cream"}],"event_choices":[{"damage_healed":0,"gold_gain":0,"player_choice":"Take Wound","damage_taken":0,"relics_obtained":["Golden Idol"],"max_hp_gain":0,"max_hp_loss":0,"event_name":"Golden Idol","floor":2,"gold_loss":0,"cards_obtained":["Injury"]},{"damage_healed":0,"gold_gain":0,"player_choice":"Rummage","damage_taken":0,"relics_obtained":["WarpedTongs"],"max_hp_gain":0,"max_hp_loss":0,"event_name":"Accursed Blacksmith","floor":3,"gold_loss":0,"cards_obtained":["Pain"]},{"cards_removed":["Injury"],"damage_healed":0,"gold_gain":0,"player_choice":"Card Removal","damage_taken":7,"max_hp_gain":0,"max_hp_loss":0,"event_name":"Golden Wing","floor":7,"gold_loss":0},{"damage_healed":0,"gold_gain":0,"player_choice":"Fought Mushrooms","damage_taken":0,"max_hp_gain":0,"max_hp_loss":0,"event_name":"Mushrooms","floor":11,"gold_loss":0}],"is_beta":false,"boss_relics":[],"items_purged_floors":[],"is_endless":false,"potions_floor_spawned":[4],"killed_by":"Hexaghost","ascension_level":8}