{"gold_per_floor":[115,115,115,115,134,134,145,145,145,171,189,189,189,206,206,301,301,313,94,108,125,125,125,137,155,179,214,225,225,240,18,18,18],"floor_reached":33,"playtime":1335,"items_purged":["Strike_B"],"score":426,"play_id":"8bf734ae-9080-44f3-be9f-4506b3b37be2","local_time":"20190303140916","is_ascension_mode":true,"campfire_choices":[{"data":"Zap","floor":6,"key":"SMITH"},{"data":"Beam Cell","floor":8,"key":"SMITH"},{"data":"Streamline","floor":13,"key":"SMITH"},{"data":"Go for the Eyes","floor":15,"key":"SMITH"},{"data":"Strike_B","floor":23,"key":"PURGE"},{"floor":29,"key":"REST"},{"floor":32,"key":"REST"}],"neow_cost":"NONE","seed_source_timestamp":778548175246300,"circlet_count":0,"master_deck":["Strike_B","Defend_B","Defend_B","Defend_B","Defend_B","Zap+1","Dualcast","Ball Lightning","Streamline+1","Beam Cell+1","Sweeping Beam","Conserve Battery","Go for the Eyes+1","Buffer","Gash","Skim","Gash+1","Scrape+1","Electrodynamics"],"relics":["Cracked Core","Dream Catcher","Thread and Needle","Peace Pipe","Inserter","Oddly Smooth Stone","Omamori","Molten Egg 2","PreservedInsect"],"potions_floor_usage":[10,20,20,21,24,27,27,27,27,30,33],"damage_taken":[{"damage":0,"enemies":"2 Louse","floor":1,"turns":3},{"damage":0,"enemies":"Small Slimes","floor":5,"turns":2},{"damage":0,"enemies":"Cultist","floor":7,"turns":2},{"damage":0,"enemies":"Gremlin Nob","floor":10,"turns":2},{"damage":0,"enemies":"Blue Slaver","floor":11,"turns":2},{"damage":0,"enemies":"Red Slaver","floor":14,"turns":3},{"damage":24,"enemies":"Slime Boss","floor":16,"turns":8},{"damage":11,"enemies":"Shell Parasite","floor":18,"turns":5},{"damage":19,"enemies":"3 Byrds","floor":20,"turns":3},{"damage":33,"enemies":"Sentry and Sphere","floor":21,"turns":6},{"damage":15,"enemies":"Centurion and Healer","floor":24,"turns":6},{"damage":25,"enemies":"Snake Plant","floor":25,"turns":5},{"damage":4,"enemies":"Book of Stabbing","floor":27,"turns":5},{"damage":10,"enemies":"3 Cultists","floor":28,"turns":6},{"damage":8,"enemies":"Cultist and Chosen","floor":30,"turns":6},{"damage":81,"enemies":"Collector","floor":33,"turns":7}],"seed_played":"4965884469602514697","potions_obtained":[{"floor":0,"key":"Fire Potion"},{"floor":0,"key":"AttackPotion"},{"floor":0,"key":"SkillPotion"},{"floor":10,"key":"Explosive Potion"},{"floor":12,"key":"Fruit Juice"},{"floor":21,"key":"EntropicBrew"},{"floor":25,"key":"EntropicBrew"}],"is_trial":false,"path_per_floor":["M","?","?","?","M","R","M","R","T","E","M","?","R","M","R","B",null,"M","$","M","M","?","R","M","M","T","E","M","R","M","$","R","B"],"character_chosen":"DEFECT","items_purchased":["Oddly Smooth Stone","PreservedInsect","FocusPotion"],"campfire_rested":2,"item_purchase_floors":[19,31,31],"current_hp_per_floor":[68,68,61,61,61,61,61,61,61,61,61,61,61,61,61,37,66,55,55,36,8,80,80,65,40,40,36,26,50,42,42,66,0],"gold":18,"neow_bonus":"THREE_SMALL_POTIONS","is_prod":false,"is_daily":false,"chose_seed":false,"campfire_upgraded":4,"win_rate":0,"timestamp":1551640156,"path_taken":["M","?","?","?","M","R","M","R","T","E","?","?","R","?","R","BOSS","M","$","M","M","?","R","?","M","T","E","M","R","M","$","R","BOSS"],"build_version":"2019-01-23","purchased_purges":1,"victory":false,"max_hp_per_floor":[75,75,75,75,75,75,75,75,75,75,75,75,75,75,75,75,75,75,75,75,80,80,80,80,80,80,80,80,80,80,80,80,80],"card_choices":[{"not_picked":["Turbo","Leap"],"picked":"Ball Lightning","floor":1},{"not_picked":["Reprogram","Aggregate"],"picked":"Streamline","floor":5},{"not_picked":["Ball Lightning","Streamline"],"picked":"Beam Cell","floor":7},{"not_picked":["Scrape","Recycle"],"picked":"Sweeping Beam","floor":10},{"not_picked":["Turbo","Rebound"],"picked":"Conserve Battery","floor":11},{"not_picked":["Static Discharge","Aggregate"],"picked":"Go for the Eyes","floor":14},{"not_picked":["Core Surge","Hyperbeam"],"picked":"Buffer","floor":16},{"not_picked":["Genetic Algorithm","Steam Power"],"picked":"Chaos","floor":18},{"not_picked":["Reprogram+1","Storm"],"picked":"Gash","floor":20},{"not_picked":["Redo","Barrage","Streamline"],"picked":"SKIP","floor":21},{"not_picked":["Beam Cell","Conserve Battery","Go for the Eyes"],"picked":"SKIP","floor":24},{"not_picked":["Sunder","Beam Cell+1"],"picked":"Skim","floor":25},{"not_picked":["Scrape","Turbo"],"picked":"Gash","floor":27},{"not_picked":["Reprogram","Undo+1","Hologram"],"picked":"SKIP","floor":28},{"not_picked":["Conserve Battery","Compile Driver+1"],"picked":"Scrape+1","floor":29},{"not_picked":["Beam Cell+1","Compile Driver+1","Stack"],"picked":"SKIP","floor":30},{"not_picked":["Barrage+1","FTL+1"],"picked":"Electrodynamics","floor":32}],"player_experience":510551,"relics_obtained":[{"floor":9,"key":"Thread and Needle"},{"floor":10,"key":"Peace Pipe"},{"floor":26,"key":"Omamori"},{"floor":27,"key":"Molten Egg 2"}],"event_choices":[{"damage_healed":0,"gold_gain":0,"player_choice":"Ignored","damage_taken":0,"max_hp_gain":0,"max_hp_loss":0,"event_name":"Liars Game","floor":2,"gold_loss":0},{"damage_healed":0,"gold_gain":0,"player_choice":"Success","damage_taken":7,"relics_obtained":["Dream Catcher"],"max_hp_gain":0,"max_hp_loss":0,"event_name":"Scrap Ooze","floor":3,"gold_loss":0},{"cards_removed":["Strike_B"],"damage_healed":0,"gold_gain":0,"player_choice":"Card Removal","damage_taken":0,"max_hp_gain":0,"max_hp_loss":0,"event_name":"Wheel of Change","floor":4,"gold_loss":0},{"damage_healed":0,"gold_gain":0,"player_choice":"Got Potions","damage_taken":0,"max_hp_gain":0,"max_hp_loss":0,"event_name":"Lab","floor":12,"gold_loss":0},{"cards_removed":["Chaos"],"damage_healed":72,"gold_gain":0,"player_choice":"Offered Uncommon","damage_taken":0,"max_hp_gain":0,"max_hp_loss":0,"event_name":"Bonfire Elementals","floor":22,"gold_loss":0}],"is_beta":false,"boss_relics":[{"not_picked":["Fusion Hammer","Ectoplasm"],"picked":"Inserter"}],"items_purged_floors":[19],"is_endless":false,"potions_floor_spawned":[7,10,11,21,25],"killed_by":"Collector","ascension_level":9}