{"gold_per_floor":[118,118,136,136,149,179,179,198,198,229,229,229,229,249,249,348,348,362,9,109,109,199,228,228,228,254,62,73,87,106,126,126,228,228,240,251,265,245,255,287,287,2,2,37,72,72,86,102,102,102,102,102,22,51,51],"floor_reached":56,"playtime":5485,"items_purged":[],"score":1292,"play_id":"2242a5fd-4ea5-4300-bbea-fdf265c4d2ea","local_time":"20190212004531","is_ascension_mode":false,"campfire_choices":[{"data":"Armaments","floor":12.0,"key":"SMITH"},{"data":"Anger","floor":15.0,"key":"SMITH"},{"floor":24.0,"key":"REST"},{"floor":25.0,"key":"REST"},{"floor":32.0,"key":"RECALL"},{"data":"Barricade","floor":41.0,"key":"SMITH"},{"data":"Creative AI","floor":49.0,"key":"SMITH"},{"data":"Fusion","floor":52.0,"key":"SMITH"}],"neow_cost":"NONE","seed_source_timestamp":256529325448811,"circlet_count":0,"master_deck":["Strike_R","Strike_R","Strike_R+1","Strike_R","Strike_R","Defend_R","Defend_R+1","Defend_R","Defend_R","Bash","Shrug It Off","Armaments+1","Metallicize","Heavy Blade","Evolve","Anger+1","Body Slam","Power Through","Barricade+1","Metallicize+1","Rupture+1","Burning Pact+1","Blood for Blood+1","Wild Strike","Feed","Armaments+1","Disarm+1","Dual Wield+1","Dodge and Roll","Creative AI+1","Fusion+1","Shrug It Off+1","Beam Cell+1"],"special_seed":0,"relics":["Burning Blood","The Courier","FossilizedHelix","NlothsMask","Omamori","Lantern","Lizard Tail","Anchor","WingedGreaves","Thread and Needle","Pantograph","Bird Faced Urn","Kunai","Cursed Key","Matryoshka","Pen Nib","PrismaticShard","Bag of Marbles","Meat on the Bone","Potion Belt","Darkstone Periapt","Oddly Smooth Stone"],"potions_floor_usage":[55,55,55],"damage_taken":[{"damage":4.0,"enemies":"Small Slimes","floor":1.0,"turns":4.0},{"damage":6.0,"enemies":"Jaw Worm","floor":3.0,"turns":3.0},{"damage":7.0,"enemies":"Cultist","floor":5.0,"turns":4.0},{"damage":22.0,"enemies":"3 Sentries","floor":6.0,"turns":9.0},{"damage":9.0,"enemies":"2 Fungi Beasts","floor":8.0,"turns":5.0},{"damage":4.0,"enemies":"Gremlin Nob","floor":10.0,"turns":4.0},{"damage":0.0,"enemies":"Blue Slaver","floor":14.0,"turns":4.0},{"damage":19.0,"enemies":"The Guardian","floor":16.0,"turns":16.0},{"damage":16.0,"enemies":"Shell Parasite","floor":18.0,"turns":11.0},{"damage":0.0,"enemies":"Colosseum Slavers","floor":20.0,"turns":7.0},{"damage":15.0,"enemies":"Colosseum Nobs","floor":20.0,"turns":8.0},{"damage":49.0,"enemies":"Book of Stabbing","floor":23.0,"turns":9.0},{"damage":10.0,"enemies":"Spheric Guardian","floor":28.0,"turns":7.0},{"damage":7.0,"enemies":"Snake Plant","floor":29.0,"turns":9.0},{"damage":17.0,"enemies":"Cultist and Chosen","floor":30.0,"turns":9.0},{"damage":0.0,"enemies":"Snecko","floor":31.0,"turns":7.0},{"damage":4.0,"enemies":"Champ","floor":33.0,"turns":15.0},{"damage":0.0,"enemies":"3 Shapes","floor":35.0,"turns":8.0},{"damage":0.0,"enemies":"Orb Walker","floor":36.0,"turns":5.0},{"damage":22.0,"enemies":"3 Darklings","floor":37.0,"turns":10.0},{"damage":0.0,"enemies":"4 Shapes","floor":39.0,"turns":8.0},{"damage":0.0,"enemies":"Giant Head","floor":40.0,"turns":13.0},{"damage":0.0,"enemies":"Nemesis","floor":44.0,"turns":7.0},{"damage":0.0,"enemies":"Giant Head","floor":45.0,"turns":11.0},{"damage":14.0,"enemies":"Jaw Worm Horde","floor":47.0,"turns":8.0},{"damage":0.0,"enemies":"Writhing Mass","floor":48.0,"turns":11.0},{"damage":63.0,"enemies":"Time Eater","floor":50.0,"turns":15.0},{"damage":73.0,"enemies":"Shield and Spear","floor":54.0,"turns":11.0},{"damage":156,"enemies":"The Heart","floor":55,"turns":15}],"seed_played":"-7756644567752326541","potions_obtained":[{"floor":3.0,"key":"AttackPotion"},{"floor":8.0,"key":"EntropicBrew"},{"floor":16.0,"key":"Swift Potion"},{"floor":18.0,"key":"Fire Potion"},{"floor":20.0,"key":"PowerPotion"},{"floor":28.0,"key":"Swift Potion"},{"floor":29.0,"key":"Weak Potion"},{"floor":35.0,"key":"Strength Potion"},{"floor":38.0,"key":"Energy Potion"},{"floor":39.0,"key":"SkillPotion"},{"floor":44.0,"key":"Poison Potion"},{"floor":45.0,"key":"Dexterity Potion"},{"floor":48.0,"key":"SkillPotion"}],"is_trial":false,"path_per_floor":["M","?","M","T","M","E","?","M","T","E","?","R","T","M","R","B",null,"M","$","?","?","?","E","R","R","T","$","M","M","M","M","R","B",null,"M","M","M","?","M","E","R","$","T","E","E","?","M","M","R","B",null,"R","$","E","B",null],"character_chosen":"IRONCLAD","items_purchased":["Anchor","WingedGreaves","Kunai","Pen Nib","PrismaticShard","PowerPotion","Dexterity Potion"],"campfire_rested":2,"item_purchase_floors":[19,19,27,42,42,53,53],"current_hp_per_floor":[80,80,80,80,79,63,63,60,60,62,46,46,46,52,52,39,80,70,70,67,67,51,8,32,56,56,56,62,71,70,80,80,80,80,83,83,73,73,87,87,87,87,87,87,87,87,88,90,90,53,90,90,90,61,29],"gold":51,"neow_bonus":"THREE_CARDS","is_prod":false,"is_daily":false,"chose_seed":false,"campfire_upgraded":5,"win_rate":0,"timestamp":1549950331,"path_taken":["M","?","M","?","M","E","?","?","T","E","?","R","?","M","R","BOSS","M","$","?","?","?","E","R","R","T","$","M","?","M","M","R","BOSS","M","M","M","?","M","E","R","?","T","E","E","?","M","M","R","BOSS","R","$","E","BOSS"],"build_version":"2019-01-23","purchased_purges":0,"victory":true,"max_hp_per_floor":[80,80,80,80,80,80,80,80,80,80,80,80,80,80,80,80,80,80,80,80,80,80,80,80,80,80,80,80,80,80,80,80,80,80,83,83,83,83,87,87,87,87,87,87,87,87,90,90,90,90,90,90,90,90,90],"card_choices":[{"not_picked":["Sword Boomerang","Searing Blow"],"picked":"Shrug It Off","floor":0.0},{"not_picked":["Iron Wave","Thunderclap"],"picked":"Armaments","floor":1.0},{"not_picked":["True Grit","Havoc"],"picked":"Metallicize","floor":3.0},{"not_picked":["Headbutt","Carnage"],"picked":"Heavy Blade","floor":5.0},{"not_picked":["Second Wind","Sever Soul"],"picked":"Evolve","floor":6.0},{"not_picked":["Heavy Blade","Searing Blow"],"picked":"Anger","floor":8.0},{"not_picked":["Shrug It Off","Iron Wave"],"picked":"Body Slam","floor":10.0},{"not_picked":["Body Slam","Intimidate"],"picked":"Power Through","floor":14.0},{"not_picked":["Reaper","Dark Embrace"],"picked":"Barricade","floor":16.0},{"not_picked":["Evolve+1","Body Slam"],"picked":"Metallicize+1","floor":18.0},{"not_picked":["Pommel Strike","Dropkick"],"picked":"Rupture+1","floor":23.0},{"not_picked":["Heavy Blade+1","True Grit"],"picked":"Burning Pact+1","floor":28.0},{"not_picked":["Perfected Strike+1","Pommel Strike"],"picked":"Blood for Blood+1","floor":29.0},{"not_picked":["Pommel Strike","Pummel","Perfected Strike+1"],"picked":"SKIP","floor":30.0},{"not_picked":["Intimidate+1","Combust"],"picked":"Wild Strike","floor":31.0},{"not_picked":["Limit Break","Brutality"],"picked":"Feed","floor":33.0},{"not_picked":["Cleave","True Grit+1"],"picked":"Armaments+1","floor":35.0},{"not_picked":["Wild Strike","Iron Wave","True Grit"],"picked":"SKIP","floor":36.0},{"not_picked":["Sword Boomerang","Heavy Blade+1"],"picked":"Disarm+1","floor":37.0},{"not_picked":["True Grit","Twin Strike"],"picked":"Clothesline+1","floor":39.0},{"not_picked":["Twin Strike+1","Clash+1"],"picked":"Dual Wield+1","floor":40.0},{"not_picked":["Static Discharge+1","Steam+1"],"picked":"Dodge and Roll","floor":44.0},{"not_picked":["Biased Cognition","Deflect"],"picked":"Creative AI","floor":45.0},{"not_picked":["Underhanded Strike","Perfected Strike+1"],"picked":"Fusion","floor":47.0},{"not_picked":["Heavy Blade+1","True Grit+1"],"picked":"Shrug It Off+1","floor":48.0},{"not_picked":["Bandage Up","Dagger Spray+1"],"picked":"Beam Cell+1","floor":54.0}],"player_experience":185974,"relics_obtained":[{"floor":4.0,"key":"The Courier"},{"floor":6.0,"key":"FossilizedHelix"},{"floor":10.0,"key":"Omamori"},{"floor":13.0,"key":"Lantern"},{"floor":20.0,"key":"Thread and Needle"},{"floor":20.0,"key":"Pantograph"},{"floor":23.0,"key":"Bird Faced Urn"},{"floor":40.0,"key":"Matryoshka"},{"floor":43.0,"key":"Bag of Marbles"},{"floor":43.0,"key":"Meat on the Bone"},{"floor":44.0,"key":"Potion Belt"},{"floor":45.0,"key":"Darkstone Periapt"},{"floor":54.0,"key":"Oddly Smooth Stone"}],"event_choices":[{"damage_healed":0.0,"max_hp_gain":0.0,"max_hp_loss":0.0,"gold_gain":0.0,"event_name":"The Cleric","player_choice":"Leave","floor":2.0,"gold_loss":0.0,"damage_taken":0.0},{"damage_healed":0.0,"max_hp_gain":0.0,"max_hp_loss":0.0,"gold_gain":0.0,"event_name":"FaceTrader","player_choice":"Trade","floor":7.0,"gold_loss":0.0,"damage_taken":0.0,"relics_obtained":["NlothsMask"]},{"damage_healed":0.0,"max_hp_gain":0.0,"max_hp_loss":0.0,"gold_gain":0.0,"event_name":"Shining Light","player_choice":"Entered Light","floor":11.0,"gold_loss":0.0,"damage_taken":16.0,"cards_upgraded":["Strike_R","Defend_R"]},{"damage_healed":0.0,"max_hp_gain":0.0,"max_hp_loss":0.0,"gold_gain":0.0,"event_name":"Colosseum","player_choice":"Fight","floor":20.0,"gold_loss":0.0,"damage_taken":0.0},{"damage_healed":0.0,"max_hp_gain":0.0,"max_hp_loss":0.0,"gold_gain":0.0,"event_name":"Colosseum","player_choice":"Fought Nobs","floor":20.0,"gold_loss":0.0,"damage_taken":0.0},{"damage_healed":0.0,"max_hp_gain":0.0,"max_hp_loss":0.0,"gold_gain":0.0,"event_name":"Beggar","player_choice":"Ignored","floor":21.0,"gold_loss":0.0,"damage_taken":0.0},{"damage_healed":0.0,"max_hp_gain":0.0,"max_hp_loss":0.0,"gold_gain":90.0,"event_name":"Knowing Skull","player_choice":"GOLD ","floor":22.0,"potions_obtained":[],"gold_loss":0.0,"damage_taken":16.0,"cards_obtained":[]},{"damage_healed":0.0,"max_hp_gain":0.0,"max_hp_loss":0.0,"gold_gain":0.0,"event_name":"The Woman in Blue","player_choice":"Bought 1 Potion","floor":38.0,"gold_loss":0.0,"damage_taken":0.0},{"cards_removed":["Clothesline"],"damage_healed":0.0,"max_hp_gain":0.0,"max_hp_loss":0.0,"gold_gain":0.0,"event_name":"Falling","player_choice":"Removed Attack","floor":46.0,"gold_loss":0.0,"damage_taken":0.0}],"is_beta":false,"boss_relics":[{"not_picked":["Runic Cube","Calling Bell"],"picked":"Lizard Tail"},{"not_picked":["Velvet Choker","White Beast Statue"],"picked":"Cursed Key"}],"items_purged_floors":[],"is_endless":false,"potions_floor_spawned":[3,8,16,18,20,28,29,35,39,44,45,48],"ascension_level":0}