{"gold_per_floor":[110,127,143,157,232,232,246,261,261,279,292,292,292,304,304,407,407,426,440,75,91,105,105,105,105,105,105,116,116,116,142,142,238,288,303,112,122,136,136,136,153,6,29,46,61,61,61,75,75,75],"floor_reached":51,"playtime":3084,"items_purged":[],"score":667,"play_id":"70010420-b51c-46c9-9c4c-450af3196416","local_time":"20181017193043","is_ascension_mode":false,"campfire_choices":[{"data":"Footwork","floor":6,"key":"SMITH"},{"floor":12,"key":"REST"},{"floor":15,"key":"REST"},{"data":"After Image","floor":23,"key":"SMITH"},{"data":"Footwork","floor":25,"key":"SMITH"},{"data":"Backstab","floor":27,"key":"SMITH"},{"data":"Terror","floor":29,"key":"SMITH"},{"floor":32,"key":"REST"},{"data":"Panache","floor":40,"key":"SMITH"},{"data":"Backstab","floor":46,"key":"SMITH"},{"floor":49,"key":"REST"}],"neow_cost":"NONE","seed_source_timestamp":18790104969400,"circlet_count":0,"master_deck":["Defend_G+1","Defend_G","Defend_G","Defend_G","Defend_G","Survivor","Neutralize","Footwork+1","Flying Knee","Terror+1","Backstab+1","All Out Attack","Leg Sweep","Backstab+1","Adrenaline+1","Footwork+1","After Image+1","Prepared+1","Bite","Bite+1","Bite","Bite","Caltrops","Panache+1","Flying Knee+1","Madness","Madness","Backflip"],"relics":["White Beast Statue","Dream Catcher","Happy Flower","Busted Crown","War Paint","Lee\u0027s Waffle","Shuriken","Orichalcum","Tiny House","Lantern","Centennial Puzzle"],"potions_floor_usage":[4,16,19,19,22,31,33,41,44,48,50,50],"damage_taken":[{"damage":2,"enemies":"2 Louse","floor":1,"turns":3},{"damage":0,"enemies":"Small Slimes","floor":2,"turns":5},{"damage":4,"enemies":"Cultist","floor":3,"turns":5},{"damage":12,"enemies":"Gremlin Gang","floor":4,"turns":7},{"damage":16,"enemies":"Exordium Thugs","floor":7,"turns":4},{"damage":3,"enemies":"2 Fungi Beasts","floor":8,"turns":4},{"damage":0,"enemies":"3 Louse","floor":10,"turns":2},{"damage":0,"enemies":"Blue Slaver","floor":11,"turns":4},{"damage":5,"enemies":"2 Fungi Beasts","floor":14,"turns":3},{"damage":12,"enemies":"The Guardian","floor":16,"turns":15},{"damage":12,"enemies":"Spheric Guardian","floor":18,"turns":6},{"damage":7,"enemies":"Chosen","floor":19,"turns":7},{"damage":26,"enemies":"Snecko","floor":21,"turns":8},{"damage":8,"enemies":"Snake Plant","floor":22,"turns":4},{"damage":8,"enemies":"Centurion and Healer","floor":28,"turns":7},{"damage":37,"enemies":"Slavers","floor":31,"turns":7},{"damage":52,"enemies":"Champ","floor":33,"turns":14},{"damage":20,"enemies":"3 Shapes","floor":35,"turns":6},{"damage":8,"enemies":"3 Darklings","floor":37,"turns":7},{"damage":6,"enemies":"Sphere and 2 Shapes","floor":38,"turns":8},{"damage":10,"enemies":"Maw","floor":41,"turns":10},{"damage":7,"enemies":"3 Darklings","floor":44,"turns":6},{"damage":15,"enemies":"4 Shapes","floor":45,"turns":6},{"damage":8,"enemies":"Spire Growth","floor":48,"turns":5},{"damage":97,"enemies":"Awakened One","floor":50,"turns":22}],"seed_played":"-878840232380682049","potions_obtained":[{"floor":1,"key":"Weak Potion"},{"floor":2,"key":"FairyPotion"},{"floor":3,"key":"EssenceOfSteel"},{"floor":4,"key":"Ancient Potion"},{"floor":7,"key":"Strength Potion"},{"floor":14,"key":"Block Potion"},{"floor":16,"key":"Block Potion"},{"floor":19,"key":"SteroidPotion"},{"floor":21,"key":"SteroidPotion"},{"floor":22,"key":"EntropicBrew"},{"floor":31,"key":"Explosive Potion"},{"floor":33,"key":"Regen Potion"},{"floor":34,"key":"GhostInAJar"},{"floor":38,"key":"Fruit Juice"},{"floor":41,"key":"LiquidBronze"},{"floor":44,"key":"Energy Potion"},{"floor":48,"key":"Weak Potion"}],"is_trial":false,"path_per_floor":["M","M","M","M","?","R","M","M","T","M","M","R","?","M","R","B",null,"M","M","$","M","M","R","?","R","T","R","M","R","?","E","R","B",null,"M","$","M","M","?","R","M","$","T","M","M","R","?","M","R","B"],"character_chosen":"THE_SILENT","items_purchased":["War Paint","Lee\u0027s Waffle","Panache","Lantern"],"campfire_rested":4,"item_purchase_floors":[20,20,36,42],"current_hp_per_floor":[68,68,64,52,41,41,25,22,22,22,22,43,43,38,59,47,70,58,51,77,51,43,43,43,43,43,43,53,53,53,29,44,30,58,50,50,55,58,58,58,63,63,63,63,50,50,42,41,59,5],"gold":75,"neow_bonus":"BOSS_RELIC","is_prod":false,"is_daily":false,"chose_seed":false,"campfire_upgraded":7,"win_rate":0.0,"timestamp":1539819043,"path_taken":["M","M","M","M","?","R","M","M","T","M","M","R","?","?","R","BOSS","M","M","$","M","M","R","?","R","T","R","M","R","?","E","R","BOSS","M","$","M","M","?","R","M","?","T","M","?","R","?","M","R","BOSS"],"build_version":"2018-10-17","purchased_purges":0,"victory":true,"max_hp_per_floor":[70,70,70,70,70,70,70,70,70,70,70,70,70,70,70,70,70,70,70,77,77,77,77,53,53,53,53,53,53,53,53,53,53,58,58,58,58,58,58,58,63,63,63,63,63,63,63,63,63,63],"card_choices":[{"not_picked":["Expertise","Sucker Punch"],"picked":"Footwork","floor":1},{"not_picked":["Blade Dance","Expertise"],"picked":"Flying Knee","floor":2},{"not_picked":["Acrobatics","Quick Slash"],"picked":"Terror","floor":3},{"not_picked":["Deadly Poison","Poisoned Stab"],"picked":"Backstab","floor":4},{"not_picked":["Accuracy","Infinite Blades"],"picked":"All Out Attack","floor":7},{"not_picked":["Flechettes","Quick Slash"],"picked":"Leg Sweep","floor":8},{"not_picked":["Slice","Dagger Throw"],"picked":"Backstab","floor":10},{"not_picked":["Cloak And Dagger","Blade Dance","Flying Knee"],"picked":"SKIP","floor":11},{"not_picked":["Expertise","Prepared"],"picked":"Adrenaline","floor":12},{"not_picked":["Catalyst","Cloak And Dagger","Predator"],"picked":"SKIP","floor":14},{"not_picked":["Blur","Flying Knee"],"picked":"Footwork","floor":15},{"not_picked":["Doppelganger","Tools of the Trade"],"picked":"After Image","floor":16},{"not_picked":["Poisoned Stab"],"picked":"SKIP","floor":18},{"not_picked":[],"picked":"Prepared+1","floor":19},{"not_picked":["Eviscerate"],"picked":"SKIP","floor":21},{"not_picked":["Outmaneuver"],"picked":"SKIP","floor":22},{"not_picked":["Sucker Punch"],"picked":"SKIP","floor":28},{"not_picked":["Underhanded Strike+1"],"picked":"SKIP","floor":31},{"not_picked":["Outmaneuver"],"picked":"SKIP","floor":35},{"not_picked":["Dagger Throw"],"picked":"SKIP","floor":37},{"not_picked":["Prepared+1"],"picked":"SKIP","floor":38},{"not_picked":[],"picked":"Flying Knee+1","floor":41},{"not_picked":["Quick Slash"],"picked":"SKIP","floor":44},{"not_picked":["Underhanded Strike"],"picked":"SKIP","floor":45},{"not_picked":[],"picked":"Backflip","floor":48}],"player_experience":237996,"relics_obtained":[{"floor":9,"key":"Dream Catcher"},{"floor":26,"key":"Shuriken"},{"floor":31,"key":"Orichalcum"},{"floor":43,"key":"Centennial Puzzle"}],"event_choices":[{"damage_healed":0,"gold_gain":75,"player_choice":"Gather Gold","damage_taken":11,"max_hp_gain":0,"max_hp_loss":0,"event_name":"World of Goop","floor":5,"gold_loss":0},{"damage_healed":0,"gold_gain":0,"player_choice":"Gave Potion","damage_taken":0,"relics_obtained":["Happy Flower"],"max_hp_gain":0,"max_hp_loss":0,"event_name":"WeMeetAgain","floor":13,"gold_loss":0},{"damage_healed":0,"gold_gain":0,"player_choice":"Became a vampire","damage_taken":0,"max_hp_gain":0,"max_hp_loss":24,"event_name":"Vampires","floor":24,"gold_loss":0,"cards_obtained":["Bite","Bite","Bite","Bite","Bite"]},{"damage_healed":0,"gold_gain":0,"player_choice":"Read","damage_taken":0,"max_hp_gain":0,"max_hp_loss":0,"event_name":"The Library","floor":30,"gold_loss":0,"cards_obtained":["Caltrops"]},{"cards_removed":["Bite"],"damage_healed":0,"gold_gain":0,"player_choice":"Removed Attack","damage_taken":0,"max_hp_gain":0,"max_hp_loss":0,"event_name":"Falling","floor":39,"gold_loss":0},{"damage_healed":0,"gold_gain":0,"player_choice":"Embrace Madness","damage_taken":8,"max_hp_gain":0,"max_hp_loss":0,"event_name":"Winding Halls","floor":47,"gold_loss":0,"cards_obtained":["Madness","Madness"]}],"is_beta":true,"boss_relics":[{"not_picked":["HoveringKite","Snecko Eye"],"picked":"Busted Crown"},{"not_picked":["Coffee Dripper","Pandora\u0027s Box"],"picked":"Tiny House"}],"items_purged_floors":[],"is_endless":false,"potions_floor_spawned":[1,2,3,4,7,8,10,11,14,16,18,19,21,22,28,31,33,35,37,38,41,44,45,48],"ascension_level":0}