{"gold_per_floor":[116,127,138,138,63,63,73,73,99,127,140,169,169,196,196,301,301,321,321,420,239,339,372,55,85,85,85,95,95,125,139,139,239,239,255,255,255,25,44,44,44,44],"floor_reached":43,"playtime":5853,"items_purged":["Pain","Strike_R"],"score":748,"play_id":"809e629d-ec26-456e-9595-ae9566e0eed6","local_time":"20190316045017","is_ascension_mode":true,"campfire_choices":[{"data":"Iron Wave","floor":6,"key":"SMITH"},{"data":"Reckless Charge","floor":8,"key":"SMITH"},{"data":"Bash","floor":15,"key":"SMITH"},{"data":"Feel No Pain","floor":27,"key":"SMITH"},{"data":"Pommel Strike","floor":29,"key":"SMITH"},{"floor":32,"key":"REST"},{"data":"Limit Break","floor":40,"key":"SMITH"}],"neow_cost":"NONE","seed_source_timestamp":276859846734948,"circlet_count":0,"master_deck":["Strike_R","Strike_R+1","Strike_R","Defend_R","Defend_R","Defend_R","Defend_R+1","Bash+1","Dual Wield","Iron Wave+1","Havoc+1","Shrug It Off","Reckless Charge+1","Headbutt+1","Clothesline+1","Pommel Strike+1","Impervious","Feed","Shrug It Off+1","True Grit","Feel No Pain+1","Burning Pact","Spot Weakness","True Grit","Heavy Blade","Seeing Red","Limit Break+1","Dark Embrace","Havoc+1","Disarm"],"relics":["Burning Blood","WarpedTongs","War Paint","Juzu Bracelet","Smiling Mask","Lantern","Mark of Pain","Blood Vial","Pen Nib","Shuriken","Charon\u0027s Ashes","Bottled Lightning","Happy Flower","Whetstone","Oddly Smooth Stone","Matryoshka","Philosopher\u0027s Stone","Vajra"],"potions_floor_usage":[16,18,22,23,33,42],"damage_taken":[{"damage":1,"enemies":"Cultist","floor":1,"turns":4},{"damage":3,"enemies":"Jaw Worm","floor":2,"turns":5},{"damage":0,"enemies":"Small Slimes","floor":3,"turns":3},{"damage":9,"enemies":"2 Fungi Beasts","floor":7,"turns":4},{"damage":8,"enemies":"3 Sentries","floor":10,"turns":9},{"damage":1,"enemies":"Blue Slaver","floor":11,"turns":3},{"damage":1,"enemies":"Gremlin Nob","floor":12,"turns":3},{"damage":10,"enemies":"3 Sentries","floor":14,"turns":7},{"damage":39,"enemies":"Hexaghost","floor":16,"turns":10},{"damage":2,"enemies":"Shell Parasite","floor":18,"turns":4},{"damage":17,"enemies":"Colosseum Slavers","floor":22,"turns":5},{"damage":4,"enemies":"Colosseum Nobs","floor":22,"turns":6},{"damage":19,"enemies":"Book of Stabbing","floor":23,"turns":5},{"damage":21,"enemies":"Slavers","floor":25,"turns":5},{"damage":0,"enemies":"Chosen","floor":28,"turns":4},{"damage":33,"enemies":"Gremlin Leader","floor":30,"turns":7},{"damage":4,"enemies":"Snake Plant","floor":31,"turns":4},{"damage":27,"enemies":"Collector","floor":33,"turns":9},{"damage":0,"enemies":"Orb Walker","floor":35,"turns":2},{"damage":14,"enemies":"3 Shapes","floor":39,"turns":3},{"damage":14,"enemies":"Awakened One","floor":42,"turns":8}],"seed_played":"8570162301571631514","potions_obtained":[{"floor":2,"key":"FearPotion"},{"floor":11,"key":"GamblersBrew"},{"floor":14,"key":"Strength Potion"},{"floor":22,"key":"Fire Potion"},{"floor":25,"key":"Dexterity Potion"},{"floor":33,"key":"Regen Potion"},{"floor":35,"key":"Energy Potion"}],"is_trial":false,"path_per_floor":["M","?","M","?","?","?","?","?","?","?"],"character_chosen":"IRONCLAD","items_purchased":["Pen Nib","True Grit","Spot Weakness","Happy Flower","True Grit","Vajra","Disarm"],"campfire_rested":1,"item_purchase_floors":[21,21,24,24,24,38,38],"current_hp_per_floor":[80,80,80,80,80,80,77,77,77,75,80,80,80,76,76,43,80,84,84,84,84,85,77,77,67,67,67,75,75,50,54,83,64,98,98,93,93,93,85,85,85,93],"gold":44,"neow_bonus":"TRANSFORM_CARD","is_prod":false,"is_daily":false,"chose_seed":false,"campfire_upgraded":6,"win_rate":0,"timestamp":1552711817,"path_taken":["M","?","M","?","$","R","?","R","T","E","M","E","?","E","R","BOSS","M","?","?","$","?","E","$","E","T","R","M","R","E","M","R","BOSS","M","?","?","$","M","R","?","BOSS"],"build_version":"2019-01-23","purchased_purges":2,"victory":true,"max_hp_per_floor":[80,80,80,80,80,80,80,80,80,80,80,80,80,80,80,80,80,84,84,84,84,92,95,95,98,98,98,98,98,98,98,98,98,98,98,93,93,93,93,93,93,93],"card_choices":[{"not_picked":["Flex","Perfected Strike"],"picked":"Iron Wave","floor":1},{"not_picked":["Flex","Burning Pact"],"picked":"Havoc","floor":2},{"not_picked":["Armaments","Headbutt"],"picked":"Shrug It Off","floor":3},{"not_picked":["Disarm","Anger"],"picked":"Reckless Charge","floor":7},{"not_picked":["Rampage","Pummel"],"picked":"Headbutt","floor":10},{"not_picked":["Bloodletting","Shrug It Off"],"picked":"Clothesline","floor":11},{"not_picked":["Clothesline","Iron Wave"],"picked":"Pommel Strike","floor":12},{"not_picked":["Combust","Pommel Strike"],"picked":"Impervious","floor":14},{"not_picked":["Bludgeon","Offering"],"picked":"Feed","floor":16},{"not_picked":["Bloodletting","Burning Pact"],"picked":"Shrug It Off+1","floor":18},{"not_picked":["Cleave","Havoc"],"picked":"Feel No Pain","floor":22},{"not_picked":["Headbutt","Flex"],"picked":"Burning Pact","floor":23},{"not_picked":["Headbutt","Cleave"],"picked":"Heavy Blade","floor":25},{"not_picked":["Entrench","Havoc","Thunderclap+1"],"picked":"SKIP","floor":28},{"not_picked":["Cleave","Headbutt+1"],"picked":"Seeing Red","floor":30},{"not_picked":["Sword Boomerang","Havoc"],"picked":"Limit Break","floor":31},{"not_picked":["Offering","Feed"],"picked":"Dark Embrace","floor":33},{"not_picked":["Body Slam","Ghostly Armor"],"picked":"Havoc+1","floor":35},{"not_picked":["Wild Strike+1","Twin Strike","Headbutt"],"picked":"SKIP","floor":39}],"player_experience":217061,"relics_obtained":[{"floor":9,"key":"War Paint"},{"floor":10,"key":"Juzu Bracelet"},{"floor":12,"key":"Smiling Mask"},{"floor":14,"key":"Lantern"},{"floor":22,"key":"Shuriken"},{"floor":22,"key":"Charon\u0027s Ashes"},{"floor":23,"key":"Bottled Lightning"},{"floor":25,"key":"Whetstone"},{"floor":26,"key":"Oddly Smooth Stone"},{"floor":30,"key":"Matryoshka"}],"event_choices":[{"damage_healed":0,"gold_gain":0,"player_choice":"Rummage","damage_taken":0,"relics_obtained":["WarpedTongs"],"max_hp_gain":0,"max_hp_loss":0,"event_name":"Accursed Blacksmith","floor":4,"gold_loss":0,"cards_obtained":["Pain"]},{"damage_healed":0,"gold_gain":0,"player_choice":"Upgraded","damage_taken":0,"max_hp_gain":0,"max_hp_loss":0,"event_name":"Upgrade Shrine","floor":13,"gold_loss":0,"cards_upgraded":["Clothesline"]},{"damage_healed":0,"gold_gain":0,"player_choice":"Opened","damage_taken":0,"relics_obtained":["Blood Vial"],"max_hp_gain":0,"max_hp_loss":0,"event_name":"The Mausoleum","floor":19,"gold_loss":0},{"damage_healed":0,"gold_gain":99,"player_choice":"Stole From Cult","damage_taken":0,"max_hp_gain":0,"max_hp_loss":0,"event_name":"Nest","floor":20,"gold_loss":0},{"damage_healed":0,"gold_gain":0,"player_choice":"Fight","damage_taken":0,"max_hp_gain":0,"max_hp_loss":0,"event_name":"Colosseum","floor":22,"gold_loss":0},{"damage_healed":0,"gold_gain":0,"player_choice":"Fought Nobs","damage_taken":0,"max_hp_gain":0,"max_hp_loss":0,"event_name":"Colosseum","floor":22,"gold_loss":0},{"damage_healed":0,"gold_gain":0,"player_choice":"Max HP","damage_taken":0,"max_hp_gain":0,"max_hp_loss":5,"event_name":"Winding Halls","floor":36,"gold_loss":0},{"damage_healed":0,"gold_gain":0,"player_choice":"Memory 1","damage_taken":0,"max_hp_gain":0,"max_hp_loss":0,"event_name":"SensoryStone","floor":37,"gold_loss":0},{"damage_healed":0,"gold_gain":0,"player_choice":"Took Portal","damage_taken":0,"max_hp_gain":0,"max_hp_loss":0,"event_name":"SecretPortal","floor":41,"gold_loss":0}],"is_beta":false,"boss_relics":[{"not_picked":["Runic Cube","Cursed Key"],"picked":"Mark of Pain"},{"not_picked":["Orrery","Tiny House"],"picked":"Philosopher\u0027s Stone"}],"items_purged_floors":[5,24],"is_endless":false,"potions_floor_spawned":[2,11,14,22,23,25,33,35],"ascension_level":3}