{"gold_per_floor":[13,32,32,56,72,105,105,135,135,135,210,249,56,92,92,213,213,234,234,12,27,43,43],"floor_reached":23,"playtime":1157,"items_purged":["Injury"],"score":251,"play_id":"3caca8f8-13a1-4427-80f5-605b41dcaaf3","local_time":"20190124220852","is_ascension_mode":true,"campfire_choices":[{"data":"Rebound","floor":7.0,"key":"SMITH"},{"floor":10.0,"key":"REST"},{"floor":15,"key":"REST"}],"neow_cost":"NO_GOLD","seed_source_timestamp":10490897357526,"circlet_count":0,"master_deck":["Strike_B","Strike_B","Strike_B","Defend_B","Defend_B","Defend_B","Zap","Dualcast","Hello World","Rainbow","Conserve Battery","Ball Lightning","Rebound+1","Self Repair","Sweeping Beam","Coolheaded","Beam Cell","Seek","Darkness+1","Gash","Defragment"],"special_seed":0,"relics":["Cracked Core","Golden Idol","Pear","The Courier","Ornamental Fan","Cables","Oddly Smooth Stone","Snecko Eye","Question Card","OrangePellets"],"potions_floor_usage":[14,16],"damage_taken":[{"damage":7.0,"enemies":"Jaw Worm","floor":1.0,"turns":3.0},{"damage":9.0,"enemies":"2 Louse","floor":2.0,"turns":2.0},{"damage":0.0,"enemies":"Cultist","floor":4.0,"turns":3.0},{"damage":11.0,"enemies":"Looter","floor":5.0,"turns":2.0},{"damage":21.0,"enemies":"Lagavulin","floor":6.0,"turns":6.0},{"damage":40.0,"enemies":"Gremlin Nob","floor":12.0,"turns":5.0},{"damage":24,"enemies":"Lagavulin","floor":14,"turns":5},{"damage":16,"enemies":"Hexaghost","floor":16,"turns":9},{"damage":18,"enemies":"3 Byrds","floor":18,"turns":5},{"damage":24,"enemies":"2 Thieves","floor":21,"turns":5},{"damage":20,"enemies":"Snake Plant","floor":22,"turns":2},{"damage":42,"enemies":"Slavers","floor":23,"turns":3}],"seed_played":"4193195328916159363","potions_obtained":[{"floor":6.0,"key":"SkillPotion"},{"floor":12.0,"key":"FocusPotion"},{"floor":14,"key":"Fire Potion"}],"is_trial":false,"path_per_floor":["M","M","?","M","M","E","R","?","T","R","?","E","$","E","R","B",null,"M","T","$","M","M","E"],"character_chosen":"DEFECT","items_purchased":["Cables","OrangePellets"],"campfire_rested":2,"item_purchase_floors":[13,20],"current_hp_per_floor":[68,59,59,59,48,44,44,44,44,69,58,32,32,15,40,31,85,74,74,74,50,30,0],"gold":43,"neow_bonus":"TRANSFORM_TWO_CARDS","is_prod":false,"is_daily":false,"chose_seed":false,"campfire_upgraded":1,"win_rate":0,"timestamp":1548385732,"path_taken":["M","M","?","M","M","E","R","?","T","R","?","E","?","E","R","BOSS","M","?","$","M","M","E"],"build_version":"2019-01-23","purchased_purges":1,"victory":false,"max_hp_per_floor":[75,75,75,75,75,85,85,85,85,85,85,85,85,85,85,85,85,85,85,85,85,85,85],"card_choices":[{"not_picked":["Streamline","Compile Driver"],"picked":"Conserve Battery","floor":1.0},{"not_picked":["FTL","Streamline"],"picked":"Ball Lightning","floor":2.0},{"not_picked":["Leap","Darkness"],"picked":"Rebound","floor":4.0},{"not_picked":["Thunder Strike","Turbo"],"picked":"Self Repair","floor":5.0},{"not_picked":["Hologram","FTL"],"picked":"Sweeping Beam","floor":6.0},{"not_picked":["Tempest","Force Field"],"picked":"Coolheaded","floor":12.0},{"not_picked":["Auto Shields","Rebound"],"picked":"Beam Cell","floor":14},{"not_picked":["Biased Cognition","Buffer"],"picked":"Seek","floor":16},{"not_picked":["Streamline","Capacitor"],"picked":"Darkness+1","floor":18},{"not_picked":["Barrage","Reprogram+1","Beam Cell"],"picked":"Gash","floor":21},{"not_picked":["Recycle","Redo","Compile Driver+1"],"picked":"Defragment","floor":22}],"player_experience":156025,"relics_obtained":[{"floor":6.0,"key":"Pear"},{"floor":9.0,"key":"The Courier"},{"floor":12.0,"key":"Ornamental Fan"},{"floor":14,"key":"Oddly Smooth Stone"},{"floor":19,"key":"Question Card"}],"event_choices":[{"damage_healed":0.0,"max_hp_gain":0.0,"max_hp_loss":0.0,"gold_gain":0.0,"event_name":"Golden Idol","player_choice":"Take Wound","floor":3.0,"gold_loss":0.0,"damage_taken":0.0,"relics_obtained":["Golden Idol"],"cards_obtained":["Injury"]},{"damage_healed":0.0,"max_hp_gain":0.0,"max_hp_loss":0.0,"gold_gain":30.0,"event_name":"Dead Adventurer","player_choice":"Searched \u00272\u0027 times","floor":8.0,"gold_loss":0.0,"damage_taken":0.0},{"damage_healed":0.0,"max_hp_gain":0.0,"max_hp_loss":0.0,"gold_gain":75.0,"event_name":"World of Goop","player_choice":"Gather Gold","floor":11.0,"gold_loss":0.0,"damage_taken":11.0}],"is_beta":false,"boss_relics":[{"not_picked":["Ectoplasm","Pandora\u0027s Box"],"picked":"Snecko Eye"}],"items_purged_floors":[20],"is_endless":false,"potions_floor_spawned":[6,12,14],"killed_by":"Slavers","ascension_level":4}