{"gold_per_floor":[119,69,69,84,5,39,39,39,39,39,55,11,11,23,23,23],"floor_reached":16,"playtime":1090,"items_purged":[],"score":147,"play_id":"eac006e0-7da5-43e2-a484-e6297ebde652","local_time":"20190401182202","is_ascension_mode":true,"campfire_choices":[{"data":"Neutralize","floor":8,"key":"SMITH"},{"floor":15,"key":"REST"}],"neow_cost":"NONE","seed_source_timestamp":2515963936177,"circlet_count":0,"master_deck":["AscendersBane","Defend_G","Defend_G","Defend_G","Defend_G","Defend_G","Strike_G","Strike_G+1","Strike_G","Strike_G+1","Survivor","Neutralize+1","PiercingWail","Deadly Poison","Footwork","Flechettes","Flying Knee"],"relics":["Ring of the Snake","Potion Belt","Calipers","Juzu Bracelet","Singing Bowl"],"potions_floor_usage":[],"damage_taken":[{"damage":1,"enemies":"Small Slimes","floor":1,"turns":4},{"damage":1,"enemies":"Jaw Worm","floor":4,"turns":8},{"damage":25,"enemies":"Lagavulin","floor":6,"turns":10},{"damage":0,"enemies":"2 Louse","floor":11,"turns":3},{"damage":0,"enemies":"Gremlin Gang","floor":14,"turns":5},{"damage":47,"enemies":"Hexaghost","floor":16,"turns":12}],"seed_played":"-394188902824509368","potions_obtained":[{"floor":6,"key":"Strength Potion"}],"is_trial":false,"path_per_floor":["?","?","?","?","?"],"character_chosen":"THE_SILENT","items_purchased":["Footwork"],"campfire_rested":1,"item_purchase_floors":[5],"current_hp_per_floor":[62,62,62,61,61,36,36,36,36,22,24,24,24,24,45,0],"gold":23,"neow_bonus":"RANDOM_COMMON_RELIC","is_prod":false,"is_daily":false,"chose_seed":false,"campfire_upgraded":1,"win_rate":0,"timestamp":1554139322,"path_taken":["M","?","?","M","$","E","?","R","T","?","M","?","$","M","R","BOSS"],"build_version":"2019-01-23","purchased_purges":0,"victory":false,"max_hp_per_floor":[70,70,70,70,70,70,70,70,70,70,72,72,72,72,72,72],"card_choices":[{"not_picked":["Dodge and Roll","Bane"],"picked":"PiercingWail","floor":1},{"not_picked":["Setup","Acrobatics"],"picked":"Deadly Poison","floor":4},{"not_picked":["Reflex","Terror"],"picked":"Flechettes","floor":6},{"not_picked":["Bane","Outmaneuver","PiercingWail"],"picked":"Singing Bowl","floor":11},{"not_picked":["Dagger Spray","Deadly Poison"],"picked":"Flying Knee","floor":14}],"player_experience":424002,"relics_obtained":[{"floor":6,"key":"Calipers"},{"floor":9,"key":"Singing Bowl"}],"event_choices":[{"cards_removed":["Strike_G"],"damage_healed":0,"gold_gain":0,"player_choice":"Card Removal","damage_taken":0,"max_hp_gain":0,"max_hp_loss":0,"event_name":"The Cleric","floor":2,"gold_loss":50},{"damage_healed":0,"gold_gain":0,"player_choice":"Ignored","damage_taken":0,"max_hp_gain":0,"max_hp_loss":0,"event_name":"Golden Wing","floor":3,"gold_loss":0},{"damage_healed":0,"gold_gain":0,"player_choice":"Gave Potion","damage_taken":0,"relics_obtained":["Juzu Bracelet"],"max_hp_gain":0,"max_hp_loss":0,"event_name":"WeMeetAgain","floor":7,"gold_loss":0},{"damage_healed":0,"gold_gain":0,"player_choice":"Entered Light","damage_taken":14,"max_hp_gain":0,"max_hp_loss":0,"event_name":"Shining Light","floor":10,"gold_loss":0,"cards_upgraded":["Strike_G","Strike_G"]},{"damage_healed":0,"gold_gain":0,"player_choice":"Left Gold","damage_taken":0,"max_hp_gain":0,"max_hp_loss":0,"event_name":"World of Goop","floor":12,"gold_loss":44}],"is_beta":false,"boss_relics":[],"items_purged_floors":[],"is_endless":false,"potions_floor_spawned":[6],"killed_by":"Hexaghost","ascension_level":10}