{"gold_per_floor":[118,137,152,152,164,164,198,198,252,264,339,366,385,398,398,498,498,509,523,622,354,354,354,354,354,380,186,264,264,277,47,47,146,196,206,206,206,206,217,245,245],"floor_reached":41,"playtime":1467,"items_purged":["Strike_B"],"score":584,"play_id":"6d3a7d53-c8f4-4217-b808-c58377820868","local_time":"20190206201321","is_ascension_mode":true,"campfire_choices":[{"data":"Sunder","floor":6.0,"key":"SMITH"},{"floor":15.0,"key":"REST"},{"data":"Echo Form","floor":23.0,"key":"SMITH"},{"data":"Self Repair","floor":25,"key":"SMITH"},{"data":"Mayhem","floor":29,"key":"SMITH"},{"data":"Apotheosis","floor":32,"key":"SMITH"}],"neow_cost":"NONE","seed_source_timestamp":33771639651300,"circlet_count":0,"master_deck":["Strike_B","Strike_B","Defend_B","Defend_B","Defend_B","Defend_B","Zap","Dualcast","Coolheaded","Gash","Sunder+1","Gash","Hologram","Chill","Echo Form+1","Self Repair+1","Mayhem+1","Apotheosis+1","Creative AI+1","Undo","Master of Strategy"],"special_seed":0,"relics":["Cracked Core","NeowsBlessing","Matryoshka","Lantern","Mummified Hand","Blood Vial","Smiling Mask","Sozu","Bag of Marbles","Tiny Chest","Potion Belt","Omamori","Symbiotic Virus","Tiny House","DataDisk"],"potions_floor_usage":[24],"damage_taken":[{"damage":0.0,"enemies":"Cultist","floor":1.0,"turns":1.0},{"damage":0.0,"enemies":"Small Slimes","floor":2.0,"turns":1.0},{"damage":0.0,"enemies":"Jaw Worm","floor":3.0,"turns":1.0},{"damage":12.0,"enemies":"2 Fungi Beasts","floor":5.0,"turns":5.0},{"damage":16.0,"enemies":"3 Sentries","floor":7.0,"turns":4.0},{"damage":4.0,"enemies":"Blue Slaver","floor":10.0,"turns":3.0},{"damage":4.0,"enemies":"Gremlin Nob","floor":12.0,"turns":3.0},{"damage":0.0,"enemies":"Large Slime","floor":13.0,"turns":5.0},{"damage":0.0,"enemies":"Lots of Slimes","floor":14.0,"turns":4.0},{"damage":34.0,"enemies":"Hexaghost","floor":16.0,"turns":9.0},{"damage":11.0,"enemies":"3 Byrds","floor":18.0,"turns":6.0},{"damage":30.0,"enemies":"2 Thieves","floor":19.0,"turns":4.0},{"damage":0,"enemies":"Slavers","floor":24,"turns":1},{"damage":0,"enemies":"Snake Plant","floor":30,"turns":2},{"damage":68,"enemies":"Collector","floor":33,"turns":11},{"damage":15,"enemies":"3 Shapes","floor":35,"turns":3},{"damage":17,"enemies":"Orb Walker","floor":39,"turns":4},{"damage":34,"enemies":"Giant Head","floor":40,"turns":8},{"damage":19,"enemies":"4 Shapes","floor":41,"turns":6}],"seed_played":"7107297790298907493","potions_obtained":[{"floor":2.0,"key":"AttackPotion"},{"floor":5.0,"key":"FocusPotion"},{"floor":13.0,"key":"Fire Potion"},{"floor":14.0,"key":"Fire Potion"},{"floor":16.0,"key":"SmokeBomb"}],"is_trial":false,"path_per_floor":["M","M","M","?","M","R","E","$","T","M","?","E","M","M","R","B",null,"M","M","?","$","?","R","E","R","T","$","T","R","M","$","R","B",null,"M","?","?","?","M","E","M"],"character_chosen":"DEFECT","items_purchased":["Bag of Marbles","Tiny Chest","Mayhem","Apotheosis"],"campfire_rested":1,"item_purchase_floors":[21,21,27,31],"current_hp_per_floor":[68,68,68,68,56,56,40,40,40,38,27,25,27,29,51,19,61,52,38,38,38,63,63,65,65,65,65,65,65,67,67,67,11,64,51,51,51,51,36,14,0],"gold":245,"neow_bonus":"THREE_ENEMY_KILL","is_prod":false,"is_daily":false,"chose_seed":false,"campfire_upgraded":5,"win_rate":0,"timestamp":1549502001,"path_taken":["M","?","?","?","?","R","E","?","T","M","?","E","M","M","R","BOSS","M","M","?","$","?","R","E","R","T","$","?","R","M","$","R","BOSS","M","?","?","?","?","E","M"],"build_version":"2019-01-23","purchased_purges":1,"victory":false,"max_hp_per_floor":[75,75,75,75,75,75,75,75,75,75,75,75,75,75,75,75,75,75,75,75,75,75,75,75,75,75,75,75,75,75,75,75,75,80,80,80,80,80,80,80,80],"card_choices":[{"not_picked":["Steam","Recycle"],"picked":"Coolheaded","floor":1.0},{"not_picked":["Recycle","Redo","Beam Cell"],"picked":"SKIP","floor":2.0},{"not_picked":["Leap","Stack"],"picked":"Gash","floor":3.0},{"not_picked":["Lockon","Barrage"],"picked":"Sunder","floor":5.0},{"not_picked":["Hello World","Genetic Algorithm","Go for the Eyes"],"picked":"SKIP","floor":7.0},{"not_picked":["Stack","Sweeping Beam"],"picked":"Gash","floor":10.0},{"not_picked":["Hologram","Fusion","Hello World"],"picked":"SKIP","floor":12.0},{"not_picked":["Fusion","Hello World"],"picked":"Hologram","floor":12.0},{"not_picked":["Storm","Turbo"],"picked":"Chill","floor":13.0},{"not_picked":["Cold Snap","Reboot","Hologram"],"picked":"SKIP","floor":14.0},{"not_picked":["Buffer","Seek"],"picked":"Echo Form","floor":16.0},{"not_picked":["Lockon","Sunder"],"picked":"Self Repair","floor":18.0},{"not_picked":["Hologram","Redo","Barrage"],"picked":"SKIP","floor":19.0},{"not_picked":["Static Discharge","Sweeping Beam","Go for the Eyes"],"picked":"SKIP","floor":30},{"not_picked":["Reboot","Echo Form"],"picked":"Creative AI","floor":33},{"not_picked":["Lockon","Force Field"],"picked":"Undo","floor":34},{"not_picked":["Cold Snap","Compile Driver+1","Go for the Eyes+1"],"picked":"SKIP","floor":35},{"not_picked":["Forethought","Transmutation"],"picked":"Master of Strategy","floor":36},{"not_picked":["Beam Cell","Leap+1","Sweeping Beam"],"picked":"SKIP","floor":39},{"not_picked":["Genetic Algorithm+1","Steam","Redo"],"picked":"SKIP","floor":40}],"player_experience":392226,"relics_obtained":[{"floor":7.0,"key":"Lantern"},{"floor":9.0,"key":"Mummified Hand"},{"floor":9.0,"key":"Blood Vial"},{"floor":12.0,"key":"Smiling Mask"},{"floor":26,"key":"Potion Belt"},{"floor":26,"key":"Omamori"},{"floor":28,"key":"Symbiotic Virus"},{"floor":40,"key":"DataDisk"}],"event_choices":[{"damage_healed":0.0,"max_hp_gain":0.0,"max_hp_loss":0.0,"gold_gain":0.0,"event_name":"WeMeetAgain","player_choice":"Gave Potion","floor":4.0,"gold_loss":0.0,"damage_taken":0.0,"relics_obtained":["Matryoshka"]},{"damage_healed":0.0,"max_hp_gain":0.0,"max_hp_loss":0.0,"gold_gain":75.0,"event_name":"World of Goop","player_choice":"Gather Gold","floor":11.0,"gold_loss":0.0,"damage_taken":11.0},{"damage_healed":0.0,"max_hp_gain":0.0,"max_hp_loss":0.0,"gold_gain":99.0,"event_name":"Nest","player_choice":"Stole From Cult","floor":20.0,"gold_loss":0.0,"damage_taken":0.0},{"damage_healed":25.0,"max_hp_gain":0.0,"max_hp_loss":0.0,"gold_gain":0.0,"event_name":"The Library","player_choice":"Heal","floor":22.0,"gold_loss":0.0,"damage_taken":0.0},{"damage_healed":0,"gold_gain":0,"player_choice":"Memory 1","damage_taken":0,"max_hp_gain":0,"max_hp_loss":0,"event_name":"SensoryStone","floor":36,"gold_loss":0},{"cards_removed":["Strike_B"],"damage_healed":0,"gold_gain":0,"player_choice":"Removed Attack","damage_taken":0,"max_hp_gain":0,"max_hp_loss":0,"event_name":"Falling","floor":37,"gold_loss":0},{"damage_healed":0,"gold_gain":0,"player_choice":"Ignored","damage_taken":0,"max_hp_gain":0,"max_hp_loss":0,"event_name":"SecretPortal","floor":38,"gold_loss":0}],"is_beta":false,"boss_relics":[{"not_picked":["Black Star","FrozenCore"],"picked":"Sozu"},{"not_picked":["Philosopher\u0027s Stone","Velvet Choker"],"picked":"Tiny House"}],"items_purged_floors":[31],"is_endless":false,"potions_floor_spawned":[2,5,13,14,16,18,19,33,40],"killed_by":"4 Shapes","ascension_level":6}