{"path_per_floor":["M","?","M","M","M","R","$","R","T","M","M","M","M","M","R","B",null,"M","?","?","?","M","R","M"],"character_chosen":"DEFECT","items_purchased":["Static Discharge"],"gold_per_floor":[109,109,121,136,149,149,114,114,114,125,145,164,183,202,202,302,302,319,409,409,409,389,389,404,404],"floor_reached":25,"campfire_rested":2,"playtime":1100,"current_hp_per_floor":[68,61,60,60,54,54,54,54,54,49,39,45,36,23,45,3,75,53,37,62,62,17,39,13,0],"items_purged":[],"gold":404,"score":199,"play_id":"4c8c03f7-9997-43b8-9e20-e14707d5ddea","local_time":"20180501202127","is_prod":false,"is_daily":false,"chose_seed":false,"is_ascension_mode":false,"campfire_upgraded":2,"timestamp":1525220487,"path_taken":["M","?","M","M","M","R","$","R","T","M","?","M","M","M","R","BOSS","M","?","?","?","M","R","?","M"],"build_version":"2018-05-01","seed_source_timestamp":206317658908382,"purchased_purges":0,"victory":false,"master_deck":["Strike_B","Strike_B","Defend_B","Defend_B","Defend_B","Defend_B","Zap","Dualcast","Cold Snap","Darkness","Sunder+1","Static Discharge+1","Cold Snap","Creative AI","Nova","Impulse"],"max_hp_per_floor":[75,75,75,75,75,75,75,75,75,75,75,75,75,75,75,75,75,75,75,75,75,75,75,75,75],"relics":["Cracked Core","Girya","Inserter"],"card_choices":[{"not_picked":["Sunder","Axe Kick"],"picked":"Cold Snap","floor":1},{"not_picked":["Stack","Skim"],"picked":"Darkness","floor":4},{"not_picked":["Recycle","Reprogram"],"picked":"Sunder","floor":5},{"not_picked":["Hologram","Chaos"],"picked":"Cold Snap","floor":10},{"not_picked":["Cold Snap","Steam Power"],"picked":"Creative AI","floor":11},{"not_picked":["Prime","Fission"],"picked":"Nova","floor":16},{"not_picked":["Steam Power","Skim"],"picked":"Impulse","floor":22}],"player_experience":181367,"potions_floor_usage":[12,18,24,25],"damage_taken":[{"damage":7,"enemies":"2 Louse","floor":1,"turns":4},{"damage":1,"enemies":"Jaw Worm","floor":3,"turns":3},{"damage":0,"enemies":"Cultist","floor":4,"turns":3},{"damage":6,"enemies":"3 Louse","floor":5,"turns":3},{"damage":5,"enemies":"Lots of Slimes","floor":10,"turns":3},{"damage":10,"enemies":"Exordium Thugs","floor":11,"turns":3},{"damage":9,"enemies":"Large Slime","floor":12,"turns":6},{"damage":9,"enemies":"2 Fungi Beasts","floor":13,"turns":3},{"damage":13,"enemies":"Looter","floor":14,"turns":2},{"damage":42,"enemies":"The Guardian","floor":16,"turns":12},{"damage":22,"enemies":"Spheric Guardian","floor":18,"turns":5},{"damage":45,"enemies":"2 Thieves","floor":22,"turns":4},{"damage":26,"enemies":"Snecko","floor":24,"turns":6},{"damage":20,"enemies":"Cultist and Chosen","floor":25,"turns":4}],"event_choices":[{"event_name":"Golden Wing","player_choice":"Card Removal","floor":2,"damage_taken":0},{"event_name":"Knowing Skull","player_choice":"GOLD ","floor":19,"damage_taken":0},{"event_name":"The Library","player_choice":"Heal","floor":20,"damage_taken":0},{"event_name":"Back to Basics","player_choice":"Elegance","floor":21,"damage_taken":0}],"boss_relics":[{"not_picked":["Cursed Key","White Beast Statue"],"picked":"Inserter"}],"potions_floor_spawned":[1,10,11,16],"seed_played":"-8503834125651406348","killed_by":"Cultist and Chosen","ascension_level":0,"is_trial":false}