{"gold_per_floor":[118,131,306,306,317,317,342,354,381,381,400,432,103,123,123,221,221,240,253,272,124,138,138],"floor_reached":23,"playtime":817,"items_purged":["Doubt"],"score":319,"play_id":"a907f8be-0084-4763-8776-21d0f1305dcc","local_time":"20190205213559","is_ascension_mode":true,"campfire_choices":[{"data":"Zap","floor":6.0,"key":"SMITH"},{"floor":10.0,"key":"REST"},{"floor":15.0,"key":"REST"}],"neow_cost":"NONE","seed_source_timestamp":0,"circlet_count":0,"master_deck":["Strike_B","Strike_B","Strike_B","Strike_B+1","Defend_B","Defend_B","Defend_B","Defend_B","Zap+1","Dualcast","Storm","Gash+1","Conserve Battery","Rip and Tear","Gash","Doom and Gloom","Beam Cell","Go for the Eyes","Echo Form","Hello World","Ball Lightning"],"special_seed":0,"relics":["Cracked Core","NeowsBlessing","Centennial Puzzle","Omamori","Lantern","Symbiotic Virus","Lizard Tail","PreservedInsect"],"potions_floor_usage":[23],"damage_taken":[{"damage":0.0,"enemies":"Small Slimes","floor":1.0,"turns":1.0},{"damage":0.0,"enemies":"Jaw Worm","floor":2.0,"turns":1.0},{"damage":0.0,"enemies":"Cultist","floor":5.0,"turns":1.0},{"damage":37.0,"enemies":"3 Sentries","floor":7.0,"turns":9.0},{"damage":11.0,"enemies":"Red Slaver","floor":8.0,"turns":4.0},{"damage":0.0,"enemies":"Large Slime","floor":11.0,"turns":4.0},{"damage":28.0,"enemies":"Gremlin Nob","floor":12.0,"turns":4.0},{"damage":0.0,"enemies":"Blue Slaver","floor":14.0,"turns":2.0},{"damage":0.0,"enemies":"Slime Boss","floor":16.0,"turns":6.0},{"damage":4.0,"enemies":"3 Byrds","floor":18.0,"turns":3.0},{"damage":7.0,"enemies":"Chosen","floor":19.0,"turns":3.0},{"damage":44.0,"enemies":"Centurion and Healer","floor":20.0,"turns":4.0},{"damage":18.0,"enemies":"Chosen and Byrds","floor":22.0,"turns":4.0},{"damage":33,"enemies":"Book of Stabbing","floor":23,"turns":3}],"seed_played":"4608814430137277778","potions_obtained":[{"floor":1.0,"key":"EssenceOfSteel"},{"floor":7.0,"key":"Swift Potion"},{"floor":8.0,"key":"SkillPotion"},{"floor":14.0,"key":"LiquidBronze"},{"floor":19.0,"key":"SteroidPotion"},{"floor":22,"key":"Poison Potion"}],"is_trial":false,"path_per_floor":["M","M","?","?","M","R","E","M","T","R","M","E","$","M","R","B",null,"M","M","M","$","M","E"],"character_chosen":"DEFECT","items_purchased":["Symbiotic Virus","PreservedInsect"],"campfire_rested":2,"item_purchase_floors":[13,21],"current_hp_per_floor":[75,75,75,60,60,60,23,12,12,34,34,6,6,6,28,28,63,59,52,8,8,31,0],"gold":138,"neow_bonus":"THREE_ENEMY_KILL","is_prod":false,"is_daily":false,"chose_seed":false,"campfire_upgraded":1,"win_rate":0,"timestamp":1549420559,"path_taken":["M","M","?","?","M","R","E","M","T","R","M","E","?","M","R","BOSS","M","?","M","$","M","E"],"build_version":"2019-01-23","purchased_purges":1,"victory":false,"max_hp_per_floor":[75,75,75,75,75,75,75,75,75,75,75,75,75,75,75,75,75,75,75,75,75,75,75],"card_choices":[{"not_picked":["Consume","Steam"],"picked":"Storm","floor":1.0},{"not_picked":["Tempest","Leap"],"picked":"Gash","floor":2.0},{"not_picked":["Blizzard","Steam"],"picked":"Conserve Battery","floor":5.0},{"not_picked":["Sunder","Sweeping Beam"],"picked":"Rip and Tear","floor":7.0},{"not_picked":["Lockon","Hologram"],"picked":"Gash","floor":8.0},{"not_picked":["Amplify","Streamline"],"picked":"Doom and Gloom","floor":11.0},{"not_picked":["Hologram","Cold Snap"],"picked":"Beam Cell","floor":12.0},{"not_picked":["Reprogram","Coolheaded"],"picked":"Go for the Eyes","floor":14.0},{"not_picked":["Biased Cognition","Thunder Strike"],"picked":"Echo Form","floor":16.0},{"not_picked":["Leap+1","Doom and Gloom"],"picked":"Hello World","floor":18.0},{"not_picked":["Compile Driver+1","Conserve Battery"],"picked":"Ball Lightning","floor":19.0},{"not_picked":["Compile Driver","Redo+1","Fusion"],"picked":"SKIP","floor":20.0},{"not_picked":["Redo","Stack+1","Hologram"],"picked":"SKIP","floor":22}],"player_experience":373715,"relics_obtained":[{"floor":7.0,"key":"Centennial Puzzle"},{"floor":9.0,"key":"Omamori"},{"floor":12.0,"key":"Lantern"}],"event_choices":[{"damage_healed":0.0,"max_hp_gain":0.0,"max_hp_loss":0.0,"gold_gain":175.0,"event_name":"Liars Game","player_choice":"AGREE","floor":3.0,"gold_loss":0.0,"damage_taken":0.0,"cards_obtained":["Doubt"]},{"damage_healed":0.0,"max_hp_gain":0.0,"max_hp_loss":0.0,"gold_gain":0.0,"event_name":"Shining Light","player_choice":"Entered Light","floor":4.0,"gold_loss":0.0,"damage_taken":15.0,"cards_upgraded":["Strike_B","Gash"]}],"is_beta":false,"boss_relics":[{"not_picked":["Eternal Feather","Coffee Dripper"],"picked":"Lizard Tail"}],"items_purged_floors":[13],"is_endless":false,"potions_floor_spawned":[1,7,8,14,19,22],"killed_by":"Book of Stabbing","ascension_level":5}