{"gold_per_floor":[109,109,17,30,30,55,55,83,83,95,113,113,113,130,130,227,227,239,256,256,281,53,53],"floor_reached":23,"playtime":930,"items_purged":[],"score":256,"play_id":"8f53e1d5-90dc-4f2d-af1e-d5f28bd4d3e8","local_time":"20190204104447","is_ascension_mode":true,"campfire_choices":[{"data":"Armaments","floor":7,"key":"SMITH"},{"floor":12,"key":"REST"},{"floor":15,"key":"REST"}],"neow_cost":"NONE","seed_source_timestamp":767467108063630,"circlet_count":0,"master_deck":["Strike_R","Strike_R","Strike_R","Strike_R","Defend_R","Defend_R","Defend_R","Defend_R","Bash","Pommel Strike","Shockwave","Armaments+1","True Grit","Rampage","Headbutt","Seeing Red","Body Slam","Body Slam","Decay","Reaper","Dark Embrace","Dual Wield","Headbutt+1","Writhe","Sentinel+1"],"relics":["Burning Blood","Darkstone Periapt","Mercury Hourglass","Kunai","Mark of Pain","MawBank","Toxic Egg 2"],"potions_floor_usage":[8],"damage_taken":[{"damage":19,"enemies":"Jaw Worm","floor":1,"turns":5},{"damage":4,"enemies":"2 Louse","floor":4,"turns":3},{"damage":37,"enemies":"Gremlin Nob","floor":6,"turns":4},{"damage":37,"enemies":"Lagavulin","floor":8,"turns":7},{"damage":0,"enemies":"Cultist","floor":10,"turns":3},{"damage":13,"enemies":"Exordium Wildlife","floor":11,"turns":4},{"damage":13,"enemies":"Blue Slaver","floor":14,"turns":3},{"damage":41,"enemies":"The Guardian","floor":16,"turns":11},{"damage":21,"enemies":"Spheric Guardian","floor":18,"turns":4},{"damage":28,"enemies":"Chosen","floor":19,"turns":5},{"damage":26,"enemies":"Centurion and Healer","floor":21,"turns":6},{"damage":63,"enemies":"Slavers","floor":23,"turns":4}],"seed_played":"3192842096831412165","potions_obtained":[{"floor":4,"key":"SteroidPotion"},{"floor":6,"key":"FairyPotion"},{"floor":10,"key":"Block Potion"},{"floor":19,"key":"SpeedPotion"}],"is_trial":false,"path_per_floor":["?","?","M","?"],"character_chosen":"IRONCLAD","items_purchased":["Armaments","True Grit","Toxic Egg 2"],"campfire_rested":2,"item_purchase_floors":[3,3,22],"current_hp_per_floor":[75,75,75,77,77,46,46,15,15,21,14,40,46,39,67,32,94,79,62,68,54,54,10],"gold":53,"neow_bonus":"TEN_PERCENT_HP_BONUS","is_prod":false,"is_daily":false,"chose_seed":false,"campfire_upgraded":1,"win_rate":0,"timestamp":1549305887,"path_taken":["M","?","$","M","$","E","R","E","T","M","M","R","?","M","R","BOSS","M","?","?","M","$","E"],"build_version":"2019-01-23","purchased_purges":0,"victory":false,"max_hp_per_floor":[88,88,88,88,88,88,88,88,88,88,88,88,94,94,94,94,94,94,94,100,100,100,100],"card_choices":[{"not_picked":["Reckless Charge","Warcry"],"picked":"Pommel Strike","floor":1},{"not_picked":["Havoc","True Grit"],"picked":"Rampage","floor":4},{"not_picked":["Wild Strike","Armaments"],"picked":"Headbutt","floor":6},{"not_picked":["Second Wind","Armaments"],"picked":"Seeing Red","floor":8},{"not_picked":["Warcry","Sword Boomerang"],"picked":"Body Slam","floor":10},{"not_picked":["Fire Breathing","Twin Strike"],"picked":"Body Slam","floor":11},{"not_picked":["Inflame","Heavy Blade"],"picked":"Reaper","floor":14},{"not_picked":["Exhume","Reaper"],"picked":"Dark Embrace","floor":16},{"not_picked":["Cleave","Wild Strike"],"picked":"Dual Wield","floor":18},{"not_picked":["Perfected Strike","Sword Boomerang+1"],"picked":"Headbutt+1","floor":19},{"not_picked":["Entrench+1","Flame Barrier"],"picked":"Sentinel+1","floor":21}],"player_experience":48583,"relics_obtained":[{"floor":6,"key":"Darkstone Periapt"},{"floor":8,"key":"Mercury Hourglass"},{"floor":9,"key":"Kunai"}],"event_choices":[{"damage_healed":0,"gold_gain":0,"cards_transformed":["Strike_R"],"player_choice":"Change","damage_taken":0,"max_hp_gain":0,"max_hp_loss":0,"event_name":"Living Wall","floor":2,"gold_loss":0,"cards_obtained":["Shockwave"]},{"damage_healed":0,"gold_gain":0,"player_choice":"Cursed","damage_taken":0,"max_hp_gain":0,"max_hp_loss":0,"event_name":"Wheel of Change","floor":13,"gold_loss":0,"cards_obtained":["Decay"]},{"damage_healed":0,"gold_gain":0,"player_choice":"Opened","damage_taken":0,"relics_obtained":["MawBank"],"max_hp_gain":0,"max_hp_loss":0,"event_name":"The Mausoleum","floor":20,"gold_loss":0,"cards_obtained":["Writhe"]}],"is_beta":false,"boss_relics":[{"not_picked":["Runic Dome","Tiny House"],"picked":"Mark of Pain"}],"items_purged_floors":[],"is_endless":false,"potions_floor_spawned":[4,6,10,19,21],"killed_by":"Slavers","ascension_level":3}