{"gold_per_floor":[218,230,244,244,258,289,289,305,357,357,386,40,73,89,89,188,188,202,202,202,213,227,257,257,269,296,330,341,372,141,141,141,241,241,254,57,57,57,57,57,0,0,0,29,51,63,100,122,134,146],"floor_reached":51,"playtime":2419,"items_purged":["Writhe"],"score":867,"play_id":"cf5d568a-db82-4dd9-b89c-52c49bab12fe","local_time":"20181027230108","is_ascension_mode":true,"campfire_choices":[{"data":"Dagger Throw","floor":7,"key":"SMITH"},{"data":"Apotheosis","floor":15,"key":"SMITH"},{"floor":24,"key":"REST"},{"floor":32,"key":"REST"},{"data":"Footwork","floor":40,"key":"SMITH"},{"data":"Footwork","floor":42,"key":"SMITH"},{"floor":46,"key":"REST"},{"data":"Mayhem","floor":49,"key":"SMITH"}],"neow_cost":"NONE","seed_source_timestamp":42845225307800,"circlet_count":0,"master_deck":["Defend_G","Defend_G","Defend_G","Defend_G","Defend_G","Strike_G","Strike_G","Strike_G","Strike_G","Strike_G","Survivor","Neutralize","Caltrops+1","Dagger Throw+1","Dodge and Roll+1","Dodge and Roll","Unload","Apotheosis+1","Caltrops","Unload","RitualDagger","Backflip","Backstab+1","Backflip","Footwork+1","Blur","Adrenaline","Dash+1","Blur","Footwork+1","Metamorphosis+1","Mayhem+1","RitualDagger","Leg Sweep+1","Skewer+1"],"relics":["Ring of the Snake","Darkstone Periapt","Dream Catcher","Pantograph","Blood Vial","Vajra","Velvet Choker","Anchor","Pear","Boot","Bronze Scales","Happy Flower","Pen Nib","Orrery","DollysMirror","Red Mask","MawBank","Smiling Mask"],"potions_floor_usage":[6,11,13,14,21,23,27,50,50],"damage_taken":[{"damage":0,"enemies":"Small Slimes","floor":1,"turns":5},{"damage":1,"enemies":"2 Louse","floor":2,"turns":4},{"damage":1,"enemies":"Cultist","floor":3,"turns":4},{"damage":0,"enemies":"Blue Slaver","floor":5,"turns":5},{"damage":20,"enemies":"3 Sentries","floor":6,"turns":7},{"damage":0,"enemies":"Red Slaver","floor":8,"turns":5},{"damage":20,"enemies":"Gremlin Nob","floor":11,"turns":5},{"damage":10,"enemies":"3 Sentries","floor":13,"turns":8},{"damage":0,"enemies":"2 Fungi Beasts","floor":14,"turns":3},{"damage":19,"enemies":"Slime Boss","floor":16,"turns":13},{"damage":6,"enemies":"2 Thieves","floor":18,"turns":4},{"damage":6,"enemies":"Spheric Guardian","floor":21,"turns":4},{"damage":4,"enemies":"Cultist and Chosen","floor":22,"turns":7},{"damage":3,"enemies":"Book of Stabbing","floor":23,"turns":5},{"damage":12,"enemies":"Snecko","floor":25,"turns":6},{"damage":31,"enemies":"Gremlin Leader","floor":27,"turns":10},{"damage":5,"enemies":"Shelled Parasite and Fungi","floor":28,"turns":3},{"damage":9,"enemies":"Book of Stabbing","floor":29,"turns":5},{"damage":21,"enemies":"Champ","floor":33,"turns":16},{"damage":4,"enemies":"Orb Walker","floor":35,"turns":3},{"damage":5,"enemies":"3 Shapes","floor":44,"turns":3},{"damage":19,"enemies":"Transient","floor":45,"turns":5},{"damage":0,"enemies":"Nemesis","floor":47,"turns":7},{"damage":0,"enemies":"3 Darklings","floor":48,"turns":3},{"damage":49,"enemies":"Time Eater","floor":50,"turns":13}],"seed_played":"9019092473431668956","potions_obtained":[{"floor":2,"key":"Fire Potion"},{"floor":6,"key":"Swift Potion"},{"floor":8,"key":"SpeedPotion"},{"floor":13,"key":"Fire Potion"},{"floor":18,"key":"Fruit Juice"},{"floor":21,"key":"EssenceOfSteel"},{"floor":25,"key":"GhostInAJar"},{"floor":27,"key":"Block Potion"},{"floor":47,"key":"SteroidPotion"},{"floor":48,"key":"FearPotion"}],"is_trial":false,"path_per_floor":["M","M","M","?","M","E","R","M","T","?","E","$","E","M","R","B",null,"M","?","?","M","M","E","R","M","T","E","M","E","$","?","R","B",null,"M","$","?","?","?","R","?","R","T","M","M","R","E","M","R","B"],"character_chosen":"THE_SILENT","items_purchased":["Apotheosis","Blood Vial","Pen Nib","DollysMirror"],"campfire_rested":3,"item_purchase_floors":[12,12,30,36],"current_hp_per_floor":[70,69,68,68,68,48,48,48,48,48,28,28,20,22,22,30,70,64,58,64,65,63,72,91,79,79,50,47,40,40,22,50,56,96,92,92,82,82,82,82,82,82,82,79,62,90,92,94,94,47],"gold":158,"neow_bonus":"HUNDRED_GOLD","is_prod":false,"is_daily":false,"chose_seed":false,"campfire_upgraded":5,"win_rate":0,"timestamp":1540695668,"path_taken":["M","M","M","?","M","E","R","?","T","?","E","$","E","M","R","BOSS","M","?","?","?","M","E","R","M","T","E","M","E","?","?","R","BOSS","M","$","?","?","?","R","?","R","T","M","M","R","E","M","R","BOSS"],"build_version":"2018-10-25v2","purchased_purges":1,"victory":true,"max_hp_per_floor":[70,70,70,70,70,70,70,70,70,70,70,70,70,70,70,70,70,70,70,76,81,81,91,91,91,91,91,91,91,91,96,96,96,96,96,96,96,96,96,96,96,96,96,96,96,96,96,96,96,96],"card_choices":[{"not_picked":["Blade Dance","Well Laid Plans"],"picked":"Caltrops","floor":1},{"not_picked":["Sucker Punch","Expertise"],"picked":"Dagger Throw","floor":2},{"not_picked":["Blade Dance","Heel Hook","Outmaneuver"],"picked":"SKIP","floor":3},{"not_picked":["Burst","Dagger Spray"],"picked":"Dodge and Roll","floor":5},{"not_picked":["Outmaneuver","Underhanded Strike","Concentrate"],"picked":"SKIP","floor":6},{"not_picked":["Riddle With Holes","Slice"],"picked":"Dodge and Roll","floor":8},{"not_picked":["Outmaneuver","Distraction"],"picked":"Unload","floor":11},{"not_picked":["Sucker Punch","Deadly Poison","Dodge and Roll"],"picked":"SKIP","floor":13},{"not_picked":["Deadly Poison","Eviscerate"],"picked":"Caltrops","floor":14},{"not_picked":["Malaise","Storm of Steel"],"picked":"Unload","floor":16},{"not_picked":["Masterful Stab","Slice","Dagger Spray"],"picked":"SKIP","floor":18},{"not_picked":["PiercingWail","Flechettes"],"picked":"Backflip","floor":21},{"not_picked":["Bane","Outmaneuver","Sucker Punch"],"picked":"SKIP","floor":22},{"not_picked":["Night Terror","Concentrate","Tactician"],"picked":"SKIP","floor":23},{"not_picked":["Catalyst","All Out Attack"],"picked":"Backstab+1","floor":24},{"not_picked":["Bane","Concentrate+1","Flying Knee"],"picked":"SKIP","floor":25},{"not_picked":["Crippling Poison","Cloak And Dagger","All Out Attack"],"picked":"SKIP","floor":27},{"not_picked":["Setup","Tools of the Trade"],"picked":"Backflip","floor":28},{"not_picked":["Deflect+1","PiercingWail"],"picked":"Footwork","floor":29},{"not_picked":["Infinite Blades+1","Outmaneuver"],"picked":"Blur","floor":32},{"not_picked":["Tools of the Trade","Venomology"],"picked":"Adrenaline","floor":33},{"not_picked":["Leg Sweep+1","Quick Slash"],"picked":"Dash+1","floor":34},{"not_picked":["Backflip","Dodge and Roll"],"picked":"Blur","floor":34},{"not_picked":["Concentrate+1","Dodge and Roll","Flying Knee"],"picked":"SKIP","floor":35},{"not_picked":["Secret Weapon","Mayhem"],"picked":"Metamorphosis","floor":37},{"not_picked":["Transmutation","HandOfGreed"],"picked":"Mayhem","floor":37},{"not_picked":["Accuracy+1","All Out Attack","Setup+1"],"picked":"SKIP","floor":44},{"not_picked":["Dodge and Roll+1","Choke+1"],"picked":"Leg Sweep+1","floor":45},{"not_picked":["Accuracy","Eviscerate","Poisoned Stab+1"],"picked":"SKIP","floor":47},{"not_picked":["Bane+1","Quick Slash"],"picked":"Skewer+1","floor":48}],"player_experience":259127,"relics_obtained":[{"floor":6,"key":"Darkstone Periapt"},{"floor":9,"key":"Dream Catcher"},{"floor":11,"key":"Pantograph"},{"floor":13,"key":"Vajra"},{"floor":23,"key":"Pear"},{"floor":26,"key":"Boot"},{"floor":27,"key":"Bronze Scales"},{"floor":29,"key":"Happy Flower"},{"floor":43,"key":"MawBank"},{"floor":47,"key":"Smiling Mask"}],"event_choices":[{"damage_healed":0,"gold_gain":0,"player_choice":"Grow","damage_taken":0,"max_hp_gain":0,"max_hp_loss":0,"event_name":"Living Wall","floor":4,"gold_loss":0,"cards_upgraded":["Caltrops"]},{"damage_healed":0,"gold_gain":0,"player_choice":"Upgraded","damage_taken":0,"max_hp_gain":0,"max_hp_loss":0,"event_name":"Upgrade Shrine","floor":10,"gold_loss":0,"cards_upgraded":["Dodge and Roll"]},{"damage_healed":0,"gold_gain":0,"player_choice":"Joined the Cult","damage_taken":6,"max_hp_gain":0,"max_hp_loss":0,"event_name":"Nest","floor":19,"gold_loss":0,"cards_obtained":["RitualDagger"]},{"damage_healed":0,"gold_gain":0,"player_choice":"Opened","damage_taken":0,"relics_obtained":["Anchor"],"max_hp_gain":0,"max_hp_loss":0,"event_name":"The Mausoleum","floor":20,"gold_loss":0,"cards_obtained":["Writhe"]},{"damage_healed":0,"gold_gain":0,"player_choice":"Shed Blood","damage_taken":23,"max_hp_gain":5,"max_hp_loss":0,"event_name":"Forgotten Altar","floor":31,"gold_loss":0},{"damage_healed":0,"gold_gain":0,"player_choice":"Memory 3","damage_taken":10,"max_hp_gain":0,"max_hp_loss":0,"event_name":"SensoryStone","floor":37,"gold_loss":0},{"damage_healed":0,"gold_gain":0,"player_choice":"Copied","damage_taken":0,"max_hp_gain":0,"max_hp_loss":0,"event_name":"Duplicator","floor":38,"gold_loss":0,"cards_obtained":["RitualDagger"]},{"damage_healed":0,"gold_gain":0,"player_choice":"Upgraded","damage_taken":0,"max_hp_gain":0,"max_hp_loss":0,"event_name":"Upgrade Shrine","floor":39,"gold_loss":0,"cards_upgraded":["Metamorphosis"]},{"damage_healed":0,"gold_gain":0,"player_choice":"Paid","damage_taken":0,"relics_obtained":["Red Mask"],"max_hp_gain":0,"max_hp_loss":0,"event_name":"Tomb of Lord Red Mask","floor":41,"gold_loss":57}],"is_beta":true,"boss_relics":[{"not_picked":["HoveringKite","Sozu"],"picked":"Velvet Choker"},{"not_picked":["WristBlade","Philosopher\u0027s Stone"],"picked":"Orrery"}],"items_purged_floors":[30],"is_endless":false,"potions_floor_spawned":[2,6,8,13,18,21,25,27,47,48],"ascension_level":1}