{"path_per_floor":["M","M","M","M","M","R","?","R","T","?","R","M","$","M","R","B",null,"M","M","$","M","$","M","R","M","T","R","M","M","R","M","R"],"character_chosen":"THE_SILENT","items_purchased":["Bane","Thread and Needle","Bronze Scales"],"gold_per_floor":[218,237,257,274,288,288,288,288,336,336,336,353,305,320,320,423,423,434,454,146,162,9,27,27,41,41,41,57,77,77,93,93,93],"floor_reached":33,"campfire_rested":1,"playtime":3871,"item_purchase_floors":[13,20,22],"current_hp_per_floor":[70,69,69,63,62,62,48,48,48,48,48,48,48,48,48,33,70,48,46,46,31,31,31,41,34,34,44,34,26,57,40,50,0],"items_purged":[],"gold":93,"score":245,"play_id":"8ae07f27-d968-4379-992d-529295f0d557","local_time":"20180606210352","is_prod":false,"is_daily":false,"chose_seed":false,"is_ascension_mode":false,"campfire_upgraded":7,"win_rate":0.0,"timestamp":1528333432,"campfire_choices":[{"data":"Deadly Poison","floor":6,"key":"SMITH"},{"data":"Deadly Poison","floor":8,"key":"SMITH"},{"data":"Underhanded Strike","floor":11,"key":"SMITH"},{"data":"Flechettes","floor":15,"key":"SMITH"},{"data":"Die Die Die","floor":24,"key":"SMITH"},{"data":"Corpse Explosion","floor":27,"key":"SMITH"},{"floor":30,"key":"REST"},{"data":"Footwork","floor":32,"key":"SMITH"}],"path_taken":["M","M","M","M","M","R","?","R","T","?","R","M","$","M","R","BOSS","M","M","$","M","$","M","R","M","T","R","M","M","R","M","R","BOSS"],"build_version":"2018-06-05","seed_source_timestamp":277676949050032,"purchased_purges":0,"victory":false,"master_deck":["Defend_G","Defend_G","Defend_G+1","Defend_G","Defend_G","Strike_G","Strike_G","Strike_G","Strike_G","Strike_G+1","Survivor","Neutralize","Underhanded Strike+1","Deadly Poison+1","Acrobatics","Dodge and Roll+1","Deadly Poison+1","Flechettes+1","Bane","Backflip","Die Die Die+1","Deadly Poison","Footwork+1","Backstab","Footwork","Corpse Explosion+1","Deflect+1"],"max_hp_per_floor":[70,70,70,70,70,70,70,70,70,70,70,70,70,70,70,70,70,70,70,70,70,70,70,70,70,70,70,70,70,70,70,70,70],"relics":["Ring of the Snake","Anchor","Eternal Feather","Thread and Needle","Bronze Scales","Gambling Chip"],"card_choices":[{"not_picked":["Prepared","Distraction"],"picked":"Underhanded Strike","floor":1},{"not_picked":["Distraction","Backstab"],"picked":"Deadly Poison","floor":2},{"not_picked":["Quick Slash","Poisoned Stab"],"picked":"Acrobatics","floor":3},{"not_picked":["Dagger Spray","Sucker Punch"],"picked":"Dodge and Roll","floor":4},{"not_picked":["Backflip","Acrobatics"],"picked":"Deadly Poison","floor":5},{"not_picked":["Choke","Outmaneuver"],"picked":"Flechettes","floor":12},{"not_picked":["Cloak And Dagger","Finisher"],"picked":"Backflip","floor":14},{"not_picked":["Doppelganger","Adrenaline"],"picked":"Die Die Die","floor":16},{"not_picked":["Caltrops","Backstab"],"picked":"Deadly Poison","floor":18},{"not_picked":["Skewer","Acrobatics"],"picked":"Footwork","floor":19},{"not_picked":["Underhanded Strike","Bane"],"picked":"Backstab","floor":21},{"not_picked":["Backflip","Outmaneuver"],"picked":"Footwork","floor":23},{"not_picked":["Flying Knee","Bouncing Flask"],"picked":"Corpse Explosion","floor":25},{"not_picked":["Flying Knee","Eviscerate","Dagger Spray"],"picked":"SKIP","floor":28},{"not_picked":["Dagger Throw","Finisher+1","Glass Knife"],"picked":"SKIP","floor":29},{"not_picked":["Dash","Setup"],"picked":"Deflect+1","floor":31}],"player_experience":211256,"potions_floor_usage":[16,23,31,33,33,33,33],"damage_taken":[{"damage":0,"enemies":"Small Slimes","floor":1,"turns":4},{"damage":1,"enemies":"Jaw Worm","floor":2,"turns":6},{"damage":0,"enemies":"2 Louse","floor":3,"turns":2},{"damage":6,"enemies":"Lots of Slimes","floor":4,"turns":6},{"damage":1,"enemies":"3 Louse","floor":5,"turns":3},{"damage":0,"enemies":"Exordium Wildlife","floor":12,"turns":4},{"damage":0,"enemies":"Red Slaver","floor":14,"turns":3},{"damage":15,"enemies":"Hexaghost","floor":16,"turns":8},{"damage":22,"enemies":"2 Thieves","floor":18,"turns":4},{"damage":2,"enemies":"Shell Parasite","floor":19,"turns":4},{"damage":15,"enemies":"3 Cultists","floor":21,"turns":9},{"damage":0,"enemies":"Snecko","floor":23,"turns":4},{"damage":7,"enemies":"Slaver and Parasite","floor":25,"turns":8},{"damage":10,"enemies":"Centurion and Healer","floor":28,"turns":9},{"damage":8,"enemies":"Snake Plant","floor":29,"turns":3},{"damage":17,"enemies":"Cultist and Chosen","floor":31,"turns":8},{"damage":52,"enemies":"Champ","floor":33,"turns":13}],"relics_obtained":[{"floor":9,"key":"Anchor"},{"floor":26,"key":"Gambling Chip"}],"event_choices":[{"event_name":"Shining Light","player_choice":"Entered Light","floor":7,"damage_taken":0},{"event_name":"Living Wall","player_choice":"Grow","floor":10,"damage_taken":0}],"boss_relics":[{"not_picked":["Philosopher\u0027s Stone","Cursed Key"],"picked":"Eternal Feather"}],"items_purged_floors":[],"potions_floor_spawned":[2,3,12,14,21,23,31],"seed_played":"-955282901099561457","killed_by":"Champ","ascension_level":0,"potions_obtained":[{"floor":2,"key":"Swift Potion"},{"floor":3,"key":"GhostInAJar"},{"floor":12,"key":"Swift Potion"},{"floor":14,"key":"SpeedPotion"},{"floor":21,"key":"GhostInAJar"},{"floor":23,"key":"FearPotion"},{"floor":31,"key":"EntropicBrew"}],"is_trial":false}