{"path_per_floor":["M","?","?","T","M","R","M","R","T","M","?","$","?","$","R","B",null,"M","M","?","?","M","R","?","?","T","?","R","E","M","?","R"],"character_chosen":"IRONCLAD","items_purchased":["Apotheosis"],"gold_per_floor":[115,115,115,115,131,131,142,142,188,208,208,133,208,22,22,118,148,166,176,176,176,196,196,196,96,96,96,96,122,134,134,134],"floor_reached":33,"campfire_rested":3,"playtime":1522,"current_hp_per_floor":[79,79,79,79,80,80,80,80,80,80,80,80,69,69,69,58,85,60,48,85,85,57,82,67,67,67,51,78,20,21,21,48],"items_purged":["Regret"],"gold":134,"play_id":"4e25c40d-9f4a-4a50-8133-064db08c3dc2","is_prod":false,"is_daily":false,"is_ascension_mode":false,"campfire_upgraded":3,"path_taken":["M","?","?","?","M","R","M","R","T","M","?","$","?","$","R","BOSS","M","M","?","?","M","R","?","?","T","?","R","E","?","?","R","BOSS"],"build_version":"2018-02-01-PROD3","purchased_purges":1,"victory":false,"master_deck":["Strike_R+1","Strike_R","Strike_R","Strike_R+1","Strike_R","Defend_R","Defend_R","Defend_R","Defend_R","Cleave+1","Body Slam+1","Rampage+1","Rampage","Apotheosis+1","Juggernaut","Spot Weakness","J.A.X.","Necronomicurse","Whirlwind"],"max_hp_per_floor":[80,80,80,80,80,80,80,80,80,80,80,80,80,80,80,80,85,85,85,85,85,85,85,90,90,90,90,90,90,90,90,90],"relics":["Burning Blood","Mercury Hourglass","Gambling Chip","Whetstone","Tiny House","Blood Vial","Necronomicon","Centennial Puzzle"],"card_choices":[{"not_picked":["Bloodletting","Sever Soul"],"picked":"Cleave"},{"not_picked":["Whirlwind","Heavy Blade"],"picked":"Body Slam"},{"not_picked":["Thunderclap","Flex"],"picked":"Rampage"},{"not_picked":["Evolve","Bloodletting"],"picked":"Rampage"},{"not_picked":["Immolate","Brutality"],"picked":"Juggernaut"},{"not_picked":["Clash","Dual Wield"],"picked":"Spot Weakness"},{"not_picked":["Cleave","Anger"],"picked":"Flame Barrier"},{"not_picked":["Warcry","Flex"],"picked":"Clothesline"},{"not_picked":["Flex","Pommel Strike"],"picked":"Whirlwind"}],"player_experience":69765,"potions_floor_usage":[33,33,33],"damage_taken":[{"damage":7.0,"enemies":"Small Slimes","floor":1.0,"turns":4.0},{"damage":0.0,"enemies":"2 Louse","floor":5.0,"turns":2.0},{"damage":3.0,"enemies":"Jaw Worm","floor":7.0,"turns":4.0},{"damage":0.0,"enemies":"Lots of Slimes","floor":10.0,"turns":1.0},{"damage":17.0,"enemies":"The Guardian","floor":16.0,"turns":8.0},{"damage":31.0,"enemies":"Shell Parasite","floor":18.0,"turns":7.0},{"damage":18.0,"enemies":"3 Byrds","floor":19.0,"turns":4.0},{"damage":34.0,"enemies":"Slaver and Parasite","floor":22.0,"turns":8.0},{"damage":66.0,"enemies":"Slavers","floor":29.0,"turns":7.0},{"damage":7.0,"enemies":"Centurion and Healer","floor":30.0,"turns":5.0},{"damage":58,"enemies":"Champ","floor":33,"turns":9}],"event_choices":[{"event_name":"Living Wall","player_choice":"Grow","floor":2.0,"damage_taken":0.0},{"event_name":"Big Fish","player_choice":"Box","floor":3.0,"damage_taken":0.0},{"event_name":"Liars Game","player_choice":"disagreed","floor":11.0,"damage_taken":0.0},{"event_name":"World of Goop","player_choice":"Gather Gold","floor":13.0,"damage_taken":0.0},{"event_name":"Bonfire Elementals","player_choice":"UNCOMMON","floor":20.0,"damage_taken":0.0},{"event_name":"Back to Basics","player_choice":"Elegance","floor":21.0,"damage_taken":0.0},{"event_name":"Forgotten Altar","player_choice":"Shed Blood","floor":24.0,"damage_taken":0.0},{"event_name":"Drug Dealer","player_choice":"Got JAXXED","floor":25.0,"damage_taken":0.0},{"event_name":"Cursed Tome","player_choice":"Obtained Book","floor":27.0,"damage_taken":0.0},{"event_name":"Purifier","player_choice":"One Purge","floor":31.0,"damage_taken":0.0}],"boss_relics":[],"potions_floor_spawned":[1,7,16,29,30],"seed_played":"6198293080471536881","killed_by":"Champ","ascension_level":0,"is_trial":false}