{"gold_per_floor":[114,130,80,100,78,103,103,120,169,194,194,209,209,16,16,142,142,161,161],"floor_reached":19,"playtime":763,"items_purged":[],"score":177,"play_id":"0730c0d7-88bc-434a-ad02-d05e11b34e7c","local_time":"20180724135011","is_ascension_mode":false,"campfire_choices":[{"data":"Noxious Fumes","floor":7,"key":"SMITH"},{"floor":11,"key":"REST"},{"data":"Dash","floor":15,"key":"SMITH"}],"neow_cost":"NONE","seed_source_timestamp":10537671277529,"circlet_count":0,"master_deck":["Defend_G","Defend_G","Defend_G","Defend_G","Defend_G","Strike_G","Strike_G","Strike_G","Strike_G","Survivor","Neutralize","Noxious Fumes+1","Dash+1","Blur","Outmaneuver","Distraction","Backstab","Flying Knee","Outmaneuver","Envenom"],"relics":["Ring of the Snake","NeowsBlessing","Darkstone Periapt","Blood Vial","Omamori","Golden Idol","Strange Spoon","Snecko Eye"],"potions_floor_usage":[10,10,16],"damage_taken":[{"damage":0,"enemies":"Small Slimes","floor":1,"turns":1},{"damage":0,"enemies":"Cultist","floor":2,"turns":1},{"damage":0,"enemies":"Jaw Worm","floor":4,"turns":1},{"damage":24,"enemies":"Lagavulin","floor":6,"turns":12},{"damage":1,"enemies":"Exordium Wildlife","floor":8,"turns":5},{"damage":21,"enemies":"Gremlin Nob","floor":10,"turns":5},{"damage":0,"enemies":"Exordium Thugs","floor":12,"turns":4},{"damage":22,"enemies":"The Guardian","floor":16,"turns":12},{"damage":36,"enemies":"2 Thieves","floor":18,"turns":4},{"damage":38,"enemies":"Spheric Guardian","floor":19,"turns":7}],"seed_played":"-2503464609100197739","potions_obtained":[{"floor":1,"key":"PowerPotion"},{"floor":2,"key":"LiquidBronze"},{"floor":10,"key":"Ancient Potion"},{"floor":12,"key":"EssenceOfSteel"}],"is_trial":false,"path_per_floor":["M","M","?","M","$","E","R","M","T","E","R","M","?","$","R","B",null,"M"],"character_chosen":"THE_SILENT","items_purchased":["Outmaneuver","Strange Spoon"],"campfire_rested":1,"item_purchase_floors":[5,14],"current_hp_per_floor":[70,70,70,70,70,46,46,45,45,26,47,49,49,49,49,29,70,34,0],"gold":161,"neow_bonus":"THREE_ENEMY_KILL","is_prod":false,"is_daily":false,"chose_seed":false,"campfire_upgraded":2,"win_rate":0.0,"timestamp":1532454611,"path_taken":["M","M","?","?","$","E","R","?","T","E","R","M","?","$","R","BOSS","M","M"],"build_version":"2018-07-23","purchased_purges":0,"victory":false,"max_hp_per_floor":[70,70,70,70,70,70,70,70,70,70,70,70,70,70,70,70,70,70,70],"card_choices":[{"not_picked":["Bouncing Flask","Deflect"],"picked":"Noxious Fumes","floor":1},{"not_picked":["Tactician","Outmaneuver"],"picked":"Dash","floor":2},{"not_picked":["Poisoned Stab","Skewer"],"picked":"Blur","floor":4},{"not_picked":["Slice","Finisher"],"picked":"Distraction","floor":6},{"not_picked":["Acrobatics","Prepared"],"picked":"Backstab","floor":8},{"not_picked":["All Out Attack","Infinite Blades"],"picked":"Flying Knee","floor":10},{"not_picked":["Quick Slash","Acrobatics"],"picked":"Outmaneuver","floor":12},{"not_picked":["Glass Knife","Burst"],"picked":"Envenom","floor":16},{"not_picked":["Outmaneuver","Tactician","Quick Slash"],"picked":"SKIP","floor":18}],"player_experience":228945,"relics_obtained":[{"floor":6,"key":"Darkstone Periapt"},{"floor":9,"key":"Blood Vial"},{"floor":10,"key":"Omamori"}],"event_choices":[{"event_name":"The Cleric","player_choice":"Card Removal","floor":3,"damage_taken":0},{"event_name":"Golden Idol","player_choice":"Take Wound","floor":13,"damage_taken":0}],"is_beta":true,"boss_relics":[{"not_picked":["Empty Cage","Tiny House"],"picked":"Snecko Eye"}],"items_purged_floors":[],"is_endless":false,"potions_floor_spawned":[1,2,10,12],"killed_by":"Spheric Guardian","ascension_level":0}