{"path_per_floor":["M","M","?","M","M","R","M","M","T","M","R","M","M","M","R","B",null,"M","$","M","M","M","R","M","R","T","M","?","?","R","?","R","B",null,"M","M","$","?","M","R","E","R","T","M"],"character_chosen":"DEFECT","items_purchased":["Frozen Egg 2","Omamori"],"gold_per_floor":[115,131,131,144,155,155,166,186,186,203,203,218,228,246,246,344,344,361,286,302,320,340,340,351,351,430,450,450,450,450,450,450,546,546,557,577,125,471,487,487,517,517,571,588,588],"floor_reached":45,"campfire_rested":5,"playtime":2305,"current_hp_per_floor":[82,82,82,81,80,80,69,58,58,44,68,66,65,49,49,20,82,62,62,61,46,25,49,28,52,52,34,18,47,47,47,47,47,87,87,85,85,46,37,63,57,83,83,24,0],"items_purged":["Strike_B","Strike_B"],"gold":588,"score":470,"play_id":"a0765eb3-49a8-4f2f-932a-c59e41365a81","local_time":"20180501152919","is_prod":false,"is_daily":false,"chose_seed":false,"is_ascension_mode":false,"campfire_upgraded":4,"timestamp":1525202959,"path_taken":["M","M","?","M","M","R","M","M","T","M","R","M","M","M","R","BOSS","M","$","M","M","M","R","M","R","T","M","?","?","R","?","R","BOSS","M","M","$","?","M","R","E","R","T","M","M"],"build_version":"2018-04-30","seed_source_timestamp":187582323167372,"purchased_purges":2,"victory":false,"master_deck":["Strike_B","Strike_B","Defend_B","Defend_B","Defend_B","Defend_B","Zap","Dualcast","Sunder+1","Static Discharge+1","Heatsinks","Rebound","Ball Lightning","Blaster","Hello World","Capacitor","Echo Form","Reprieve+1","Self Repair+1","Creative AI","Writhe","All For One","Static Discharge+1","Leap+1","Stack+1","Self Repair+1","Fission+1"],"max_hp_per_floor":[82,82,82,82,82,82,82,82,82,82,82,82,82,82,82,82,82,82,82,82,82,82,82,82,82,82,82,87,87,87,87,87,87,87,87,87,87,87,87,87,87,87,87,87,87],"relics":["Cracked Core","Torii","Snecko Eye","Smiling Mask","Oddly Smooth Stone","Sozu","Frozen Egg 2","Omamori","Old Coin","Toxic Egg 2","Lantern"],"card_choices":[{"not_picked":["Axe Kick","Go for the Eyes"],"picked":"Sunder","floor":1},{"not_picked":["Auto Shields","Doom and Gloom"],"picked":"Static Discharge","floor":2},{"not_picked":["Turbo","Beam Cell"],"picked":"Heatsinks","floor":5},{"not_picked":["Streamline","Gash"],"picked":"Rebound","floor":7},{"not_picked":["Impulse","Hologram"],"picked":"Ball Lightning","floor":8},{"not_picked":["Tempest","Rebound"],"picked":"Blaster","floor":10},{"not_picked":["Double Energy","Coolheaded"],"picked":"Hello World","floor":12},{"not_picked":["Barrage","Sunder"],"picked":"Capacitor","floor":14},{"not_picked":["Machine Learning","Nova"],"picked":"Echo Form","floor":16},{"not_picked":["Capacitor","Recycle"],"picked":"Reprieve","floor":20},{"not_picked":["Leap","Double Energy"],"picked":"Self Repair","floor":22},{"not_picked":["Leap","Beam Cell"],"picked":"Creative AI","floor":24},{"not_picked":["Creative AI","Machine Learning"],"picked":"All For One","floor":33},{"not_picked":["Chill","Sweeping Beam"],"picked":"Static Discharge","floor":35},{"not_picked":["Consume","Streamline"],"picked":"Leap","floor":36},{"not_picked":["Go for the Eyes","Axe Kick"],"picked":"Stack","floor":38},{"not_picked":["Ball Lightning","Go for the Eyes"],"picked":"Self Repair","floor":39},{"not_picked":["Ball Lightning","Recycle"],"picked":"Fission","floor":41}],"player_experience":177525,"potions_floor_usage":[5,14,16,16,21,33,38],"damage_taken":[{"damage":0,"enemies":"2 Louse","floor":1,"turns":2},{"damage":0,"enemies":"Cultist","floor":2,"turns":4},{"damage":1,"enemies":"Small Slimes","floor":4,"turns":2},{"damage":1,"enemies":"Exordium Thugs","floor":5,"turns":3},{"damage":11,"enemies":"3 Louse","floor":7,"turns":4},{"damage":11,"enemies":"2 Fungi Beasts","floor":8,"turns":2},{"damage":14,"enemies":"Blue Slaver","floor":10,"turns":3},{"damage":2,"enemies":"Looter","floor":12,"turns":3},{"damage":1,"enemies":"3 Louse","floor":13,"turns":3},{"damage":16,"enemies":"Large Slime","floor":14,"turns":4},{"damage":29,"enemies":"The Guardian","floor":16,"turns":8},{"damage":20,"enemies":"2 Thieves","floor":18,"turns":4},{"damage":1,"enemies":"Spheric Guardian","floor":20,"turns":3},{"damage":15,"enemies":"Snake Plant","floor":21,"turns":2},{"damage":21,"enemies":"Centurion and Healer","floor":22,"turns":7},{"damage":21,"enemies":"Sentry and Sphere","floor":24,"turns":3},{"damage":25,"enemies":"3 Cultists","floor":27,"turns":4},{"damage":35,"enemies":"Champ","floor":33,"turns":7},{"damage":10,"enemies":"Flame Bruiser 1 Orb","floor":35,"turns":5},{"damage":22,"enemies":"3 Darklings","floor":36,"turns":3},{"damage":39,"enemies":"Mysterious Sphere","floor":38,"turns":5},{"damage":29,"enemies":"Flame Bruiser 2 Orb","floor":39,"turns":6},{"damage":46,"enemies":"Nemesis","floor":41,"turns":7},{"damage":79,"enemies":"Spire Growth","floor":44,"turns":6},{"damage":26,"enemies":"4 Shapes","floor":45,"turns":4}],"event_choices":[{"event_name":"The Lab","player_choice":"Got Potions","floor":3,"damage_taken":0},{"event_name":"Forgotten Altar","player_choice":"Shed Blood","floor":28,"damage_taken":0},{"event_name":"The Library","player_choice":"Heal","floor":29,"damage_taken":0},{"event_name":"The Mausoleum","player_choice":"Yes","floor":31,"damage_taken":0},{"event_name":"Mysterious Sphere","player_choice":"Fight","floor":38,"damage_taken":0}],"boss_relics":[{"not_picked":["Velvet Choker","Black Star"],"picked":"Snecko Eye"},{"not_picked":["Runic Dome","White Beast Statue"],"picked":"Sozu"}],"potions_floor_spawned":[1,7,10,12,18,24,33,36,39],"seed_played":"-7527231178434527024","killed_by":"4 Shapes","ascension_level":0,"is_trial":false}