{"gold_per_floor":[111,127,58,69,135,135,169,181,204,279,292,310,310,310,310,409,409,424,436],"floor_reached":19,"playtime":2070,"items_purged":[],"score":222,"play_id":"69059595-5267-4298-aaa3-8ca95716a8a5","local_time":"20190316031223","is_ascension_mode":true,"campfire_choices":[{"data":"Cloak And Dagger","floor":6,"key":"SMITH"},{"floor":13,"key":"REST"},{"data":"Neutralize","floor":15,"key":"SMITH"}],"neow_cost":"NONE","seed_source_timestamp":274778980656224,"circlet_count":0,"master_deck":["Defend_G","Defend_G","Defend_G","Defend_G","Defend_G","Strike_G","Strike_G","Strike_G","Strike_G","Strike_G","Survivor","Neutralize+1","Cloak And Dagger+1","Corpse Explosion","Well Laid Plans","Dash","Dagger Throw","PiercingWail","Predator","Infinite Blades","Regret","Bullet Time","Caltrops","Dash+1"],"relics":["Ring of the Snake","PreservedInsect","Smiling Mask","Lantern","Strawberry","Sozu"],"potions_floor_usage":[16,16],"damage_taken":[{"damage":2,"enemies":"Jaw Worm","floor":1,"turns":6},{"damage":3,"enemies":"Small Slimes","floor":2,"turns":4},{"damage":0,"enemies":"Cultist","floor":4,"turns":5},{"damage":15,"enemies":"Lagavulin","floor":7,"turns":8},{"damage":5,"enemies":"Gremlin Gang","floor":8,"turns":3},{"damage":0,"enemies":"Red Slaver","floor":11,"turns":4},{"damage":0,"enemies":"Lots of Slimes","floor":12,"turns":2},{"damage":53,"enemies":"Hexaghost","floor":16,"turns":12},{"damage":10,"enemies":"3 Byrds","floor":18,"turns":5},{"damage":5,"enemies":"Chosen","floor":19,"turns":5}],"seed_played":"-1143702886217750574","potions_obtained":[{"floor":2,"key":"Ancient Potion"},{"floor":4,"key":"Regen Potion"},{"floor":7,"key":"AttackPotion"},{"floor":16,"key":"Ancient Potion"}],"is_trial":false,"path_per_floor":["?","?","?"],"character_chosen":"THE_SILENT","items_purchased":["Well Laid Plans"],"campfire_rested":1,"item_purchase_floors":[3],"current_hp_per_floor":[61,58,58,58,58,58,43,38,38,27,27,27,48,55,55,17,62,52,47],"gold":436,"neow_bonus":"RANDOM_COMMON_RELIC","is_prod":false,"is_daily":false,"chose_seed":false,"campfire_upgraded":2,"win_rate":0,"timestamp":1552705943,"path_taken":["M","M","$","M","?","R","E","M","T","?","M","M","R","?","R","BOSS","M","M"],"build_version":"2019-01-23","purchased_purges":0,"victory":false,"max_hp_per_floor":[70,70,70,70,70,70,70,70,70,70,70,70,70,77,77,77,77,77,77],"card_choices":[{"not_picked":["Slice","Blade Dance"],"picked":"Cloak And Dagger","floor":1},{"not_picked":["Acrobatics","Prepared"],"picked":"Corpse Explosion","floor":2},{"not_picked":["Dagger Spray","Catalyst"],"picked":"Dash","floor":4},{"not_picked":["Crippling Poison","Night Terror"],"picked":"Dagger Throw","floor":7},{"not_picked":["Outmaneuver","Masterful Stab"],"picked":"PiercingWail","floor":8},{"not_picked":["Slice","Concentrate"],"picked":"Predator","floor":11},{"not_picked":["Poisoned Stab","Eviscerate"],"picked":"Infinite Blades","floor":12},{"not_picked":["Venomology","Storm of Steel"],"picked":"Bullet Time","floor":16},{"not_picked":["Setup","Prepared"],"picked":"Caltrops","floor":18},{"not_picked":["PiercingWail","Blade Dance"],"picked":"Dash+1","floor":19}],"player_experience":214991,"relics_obtained":[{"floor":7,"key":"Smiling Mask"},{"floor":9,"key":"Lantern"}],"event_choices":[{"damage_healed":0,"gold_gain":66,"player_choice":"Gained Gold","damage_taken":0,"max_hp_gain":0,"max_hp_loss":0,"event_name":"Golden Wing","floor":5,"gold_loss":0},{"damage_healed":0,"gold_gain":75,"player_choice":"Gather Gold","damage_taken":11,"max_hp_gain":0,"max_hp_loss":0,"event_name":"World of Goop","floor":10,"gold_loss":0},{"damage_healed":0,"gold_gain":0,"player_choice":"Box","damage_taken":0,"relics_obtained":["Strawberry"],"max_hp_gain":0,"max_hp_loss":0,"event_name":"Big Fish","floor":14,"gold_loss":0,"cards_obtained":["Regret"]}],"is_beta":false,"boss_relics":[{"not_picked":["White Beast Statue","Orrery"],"picked":"Sozu"}],"items_purged_floors":[],"is_endless":false,"potions_floor_spawned":[2,4,7,16,18,19],"killed_by":"Chosen","ascension_level":6}