{"gold_per_floor":[111,128,128,128,128,144,144,176,199,199,0,0,32,48,48,149,149,162,87,87,177,191,191,191],"floor_reached":24,"playtime":1945,"items_purged":[],"score":303,"play_id":"7a3f16d5-8405-4d0d-a70c-2dd00c63ecbc","local_time":"20190403160215","is_ascension_mode":true,"campfire_choices":[{"data":"Bash","floor":7,"key":"SMITH"},{"data":"Headbutt","floor":10,"key":"SMITH"},{"floor":12,"key":"REST"},{"data":"Disarm","floor":15,"key":"SMITH"},{"data":"Feed","floor":23,"key":"SMITH"}],"neow_cost":"TEN_PERCENT_HP_LOSS","seed_source_timestamp":166068167429990,"circlet_count":0,"master_deck":["AscendersBane","Strike_R+1","Strike_R","Strike_R","Strike_R","Defend_R","Defend_R","Defend_R+1","Defend_R","Bash+1","Headbutt+1","Anger","True Grit","Warcry","Clothesline","Spot Weakness","Corruption","Shrug It Off","Battle Trance","Disarm+1","Dark Embrace","Shrug It Off+1","Feed+1","Thunderclap"],"relics":["Burning Blood","Torii","Art of War","Prayer Wheel","Orichalcum","Boot","Coffee Dripper"],"potions_floor_usage":[13,16,22],"damage_taken":[{"damage":7,"enemies":"Jaw Worm","floor":1,"turns":4},{"damage":1,"enemies":"2 Louse","floor":2,"turns":2},{"damage":0,"enemies":"Small Slimes","floor":6,"turns":2},{"damage":8,"enemies":"Gremlin Nob","floor":8,"turns":3},{"damage":4,"enemies":"3 Sentries","floor":13,"turns":7},{"damage":1,"enemies":"2 Fungi Beasts","floor":14,"turns":3},{"damage":12,"enemies":"The Guardian","floor":16,"turns":13},{"damage":2,"enemies":"Chosen","floor":18,"turns":4},{"damage":8,"enemies":"3 Byrds","floor":22,"turns":7},{"damage":60,"enemies":"Gremlin Leader","floor":24,"turns":10}],"seed_played":"-567698885404649895","potions_obtained":[{"floor":2,"key":"Block Potion"},{"floor":6,"key":"Explosive Potion"},{"floor":16,"key":"Block Potion"},{"floor":18,"key":"SpeedPotion"}],"is_trial":false,"path_per_floor":["?","?","?","?","?","?"],"character_chosen":"IRONCLAD","items_purchased":["Clothesline","Spot Weakness","Corruption"],"campfire_rested":1,"item_purchase_floors":[11,11,11],"current_hp_per_floor":[71,72,58,40,40,46,46,44,44,44,44,65,67,72,72,66,71,72,72,72,58,56,56,0],"gold":191,"neow_bonus":"ONE_RARE_RELIC","is_prod":false,"is_daily":false,"chose_seed":false,"campfire_upgraded":4,"win_rate":0,"timestamp":1554303735,"path_taken":["M","M","?","?","?","M","R","E","T","R","$","R","E","M","R","BOSS","M","?","?","?","M","R","E"],"build_version":"2019-01-23","purchased_purges":0,"victory":false,"max_hp_per_floor":[72,72,72,72,72,72,72,72,72,72,72,72,72,72,72,72,72,72,72,72,72,72,72,72],"card_choices":[{"not_picked":["Clash","Battle Trance"],"picked":"Headbutt","floor":1},{"not_picked":["Twin Strike","Spot Weakness"],"picked":"Anger","floor":2},{"not_picked":["Sentinel","Twin Strike"],"picked":"True Grit","floor":6},{"not_picked":["Brutality","Flex"],"picked":"Warcry","floor":8},{"not_picked":["Entrench","Brutality"],"picked":"Shrug It Off","floor":13},{"not_picked":["Rupture","Twin Strike"],"picked":"Battle Trance","floor":14},{"not_picked":["Intimidate","Thunderclap"],"picked":"Disarm","floor":14},{"not_picked":["Offering","Berserk"],"picked":"Dark Embrace","floor":16},{"not_picked":["Cleave","Wild Strike"],"picked":"Shrug It Off+1","floor":18},{"not_picked":["Headbutt","Bloodletting","Flex"],"picked":"SKIP","floor":18},{"not_picked":["Twin Strike","True Grit"],"picked":"Feed","floor":22},{"not_picked":["Pommel Strike","Cleave"],"picked":"Thunderclap","floor":22}],"player_experience":436908,"relics_obtained":[{"floor":8,"key":"Prayer Wheel"},{"floor":9,"key":"Orichalcum"},{"floor":13,"key":"Boot"}],"event_choices":[{"damage_healed":0,"gold_gain":0,"player_choice":"Entered Light","damage_taken":14,"max_hp_gain":0,"max_hp_loss":0,"event_name":"Shining Light","floor":3,"gold_loss":0,"cards_upgraded":["Strike_R","Defend_R"]},{"damage_healed":0,"gold_gain":0,"player_choice":"Success","damage_taken":18,"relics_obtained":["Art of War"],"max_hp_gain":0,"max_hp_loss":0,"event_name":"Scrap Ooze","floor":4,"gold_loss":0},{"damage_healed":0,"gold_gain":0,"player_choice":"Ignored","damage_taken":0,"max_hp_gain":0,"max_hp_loss":0,"event_name":"Liars Game","floor":5,"gold_loss":0},{"cards_removed":["Strike_R"],"damage_healed":0,"gold_gain":0,"player_choice":"Gave Gold","damage_taken":0,"max_hp_gain":0,"max_hp_loss":0,"event_name":"Beggar","floor":19,"gold_loss":75},{"damage_healed":0,"gold_gain":0,"player_choice":"Ignored","damage_taken":0,"max_hp_gain":0,"max_hp_loss":0,"event_name":"Ghosts","floor":20,"gold_loss":0},{"damage_healed":0,"gold_gain":90,"player_choice":"GOLD ","damage_taken":14,"max_hp_gain":0,"max_hp_loss":0,"event_name":"Knowing Skull","floor":21,"potions_obtained":[],"gold_loss":0,"cards_obtained":[]}],"is_beta":false,"boss_relics":[{"not_picked":["Astrolabe","Runic Pyramid"],"picked":"Coffee Dripper"}],"items_purged_floors":[],"is_endless":false,"potions_floor_spawned":[2,6,16,18],"killed_by":"Gremlin Leader","ascension_level":10}