{"gold_per_floor":[113,131,150,100,114,143,203,203,203,215,245,260,289,14,14,109,109,125,144,144,144,144,173,173,207,207,207,232,245,245,245,245,349,349,364,24,41,61,8,36,36,36,85,113,113,123,137,157,157,157],"floor_reached":50,"playtime":5574,"items_purged":["Dualcast"],"score":836,"play_id":"68250d0c-afa3-4f2e-b02e-30e0049eb69a","local_time":"20190325225448","is_ascension_mode":true,"campfire_choices":[{"floor":8.0,"key":"REST"},{"data":"Beam Cell","floor":15.0,"key":"SMITH"},{"floor":24.0,"key":"REST"},{"floor":27.0,"key":"REST"},{"data":"Hologram","floor":30.0,"key":"SMITH"},{"data":"Hologram","floor":32.0,"key":"SMITH"},{"data":"Reinforced Body","floor":41,"key":"SMITH"},{"floor":45,"key":"RECALL"},{"data":"Go for the Eyes","floor":49,"key":"SMITH"}],"neow_cost":"NONE","seed_source_timestamp":587514007884881,"circlet_count":0,"master_deck":["Strike_B","Strike_B","Defend_B","Defend_B","Defend_B","Defend_B","Hyperbeam","BootSequence","Beam Cell+1","Steam","Gash","Hyperbeam","Gash","Reinforced Body+1","Compile Driver","Conserve Battery","Go for the Eyes+1","Core Surge","Auto Shields","Cold Snap","Genetic Algorithm+1","Conserve Battery","Hologram+1","Hologram+1","Gash","Hyperbeam","Hyperbeam","Stack+1","Gash","Reinforced Body+1","Rip and Tear","Gash+1","Stack+1"],"special_seed":0,"relics":["Cracked Core","Bag of Marbles","Kunai","Dream Catcher","Strawberry","Letter Opener","Vajra","Nuclear Battery","Art of War","Pen Nib","Bottled Flame","Gambling Chip","White Beast Statue","HandDrill","The Courier","Ornamental Fan"],"potions_floor_usage":[44,48,50,50],"damage_taken":[{"damage":2.0,"enemies":"Jaw Worm","floor":1.0,"turns":3.0},{"damage":0.0,"enemies":"2 Louse","floor":2.0,"turns":1.0},{"damage":0.0,"enemies":"Small Slimes","floor":3.0,"turns":2.0},{"damage":4.0,"enemies":"Red Slaver","floor":5.0,"turns":2.0},{"damage":21.0,"enemies":"Lagavulin","floor":6.0,"turns":7.0},{"damage":0.0,"enemies":"Gremlin Nob","floor":7.0,"turns":2.0},{"damage":0.0,"enemies":"Blue Slaver","floor":10.0,"turns":2.0},{"damage":17.0,"enemies":"Gremlin Nob","floor":11.0,"turns":4.0},{"damage":0.0,"enemies":"2 Fungi Beasts","floor":12.0,"turns":2.0},{"damage":26.0,"enemies":"Lagavulin","floor":13.0,"turns":4.0},{"damage":0.0,"enemies":"Slime Boss","floor":16.0,"turns":6.0},{"damage":0.0,"enemies":"3 Byrds","floor":18.0,"turns":4.0},{"damage":0.0,"enemies":"Spheric Guardian","floor":19.0,"turns":4.0},{"damage":41.0,"enemies":"Gremlin Leader","floor":23.0,"turns":7.0},{"damage":18.0,"enemies":"Book of Stabbing","floor":25.0,"turns":4.0},{"damage":7.0,"enemies":"Slavers","floor":28.0,"turns":2.0},{"damage":0.0,"enemies":"Cultist and Chosen","floor":29.0,"turns":4.0},{"damage":20,"enemies":"Collector","floor":33,"turns":7},{"damage":0,"enemies":"3 Darklings","floor":35,"turns":1},{"damage":1,"enemies":"Orb Walker","floor":37,"turns":2},{"damage":1,"enemies":"4 Shapes","floor":38,"turns":1},{"damage":46,"enemies":"Nemesis","floor":40,"turns":7},{"damage":0,"enemies":"Reptomancer","floor":44,"turns":4},{"damage":0,"enemies":"Jaw Worm Horde","floor":46,"turns":2},{"damage":2,"enemies":"Transient","floor":47,"turns":5},{"damage":2,"enemies":"Maw","floor":48,"turns":6},{"damage":60,"enemies":"Time Eater","floor":50,"turns":12}],"seed_played":"1622553005411434486","potions_obtained":[{"floor":2.0,"key":"Block Potion"},{"floor":3.0,"key":"Energy Potion"},{"floor":5.0,"key":"LiquidBronze"},{"floor":12.0,"key":"AttackPotion"},{"floor":13.0,"key":"Strength Potion"},{"floor":23.0,"key":"Ancient Potion"},{"floor":28.0,"key":"Fire Potion"},{"floor":33,"key":"Strength Potion"},{"floor":35,"key":"Dexterity Potion"},{"floor":40,"key":"Regen Potion"},{"floor":44,"key":"Fire Potion"},{"floor":48,"key":"SpeedPotion"}],"is_trial":false,"path_per_floor":["?","?","?","?","?","M","?","?","M"],"character_chosen":"DEFECT","items_purchased":["Vajra","Go for the Eyes","Hyperbeam","HandDrill","Gash"],"campfire_rested":3,"item_purchase_floors":[14,14,36,36,39],"current_hp_per_floor":[73,73,73,73,69,48,48,70,70,70,60,60,34,34,34,34,82,82,82,66,66,66,25,51,33,33,59,52,52,52,52,52,32,87,87,87,86,85,85,39,39,39,39,51,51,51,49,47,47,0],"gold":157,"neow_bonus":"ONE_RANDOM_RARE_CARD","is_prod":false,"is_daily":false,"chose_seed":false,"campfire_upgraded":5,"win_rate":0,"timestamp":1553579688,"path_taken":["M","M","M","?","M","E","?","R","T","M","E","M","E","$","R","BOSS","M","M","?","?","?","E","R","E","T","R","E","?","R","?","R","BOSS","M","$","M","M","$","E","R","?","T","E","R","M","M","?","R","BOSS"],"build_version":"2019-01-23","purchased_purges":1,"victory":false,"max_hp_per_floor":[75,75,75,75,75,75,75,75,75,75,82,82,82,82,82,82,82,82,82,87,87,87,87,87,87,87,87,87,87,87,87,87,87,87,87,87,87,87,87,87,87,87,87,87,87,87,87,87,87,87],"card_choices":[{"not_picked":["Compile Driver","Steam"],"picked":"BootSequence","floor":1.0},{"not_picked":["Darkness","Coolheaded"],"picked":"Beam Cell","floor":2.0},{"not_picked":["Defragment","Cold Snap"],"picked":"Steam","floor":3.0},{"not_picked":["Ball Lightning","Streamline"],"picked":"Gash","floor":5.0},{"not_picked":["Consume","Coolheaded"],"picked":"Hyperbeam","floor":6.0},{"not_picked":["Hologram","Steam"],"picked":"Gash","floor":7.0},{"not_picked":["Reprogram","Recycle","Streamline"],"picked":"SKIP","floor":10.0},{"not_picked":["Steam","Chaos"],"picked":"Reinforced Body","floor":11.0},{"not_picked":["Glacier","Aggregate"],"picked":"Compile Driver","floor":12.0},{"not_picked":["Hologram","Steam"],"picked":"Conserve Battery","floor":13.0},{"not_picked":["Electrodynamics","Biased Cognition"],"picked":"Core Surge","floor":16.0},{"not_picked":["Redo","Hello World","Barrage+1"],"picked":"SKIP","floor":18.0},{"not_picked":["Barrage","Fusion"],"picked":"Auto Shields","floor":19.0},{"not_picked":["Reprogram","Turbo"],"picked":"Genetic Algorithm+1","floor":23.0},{"not_picked":["Sweeping Beam+1","Stack"],"picked":"Conserve Battery","floor":24.0},{"not_picked":["Turbo","Amplify"],"picked":"Hologram","floor":25.0},{"not_picked":["Tempest","Leap+1"],"picked":"Hologram","floor":27.0},{"not_picked":["Turbo","Auto Shields"],"picked":"Gash","floor":28.0},{"not_picked":["Fusion","Chaos","Heatsinks"],"picked":"SKIP","floor":29.0},{"not_picked":["Biased Cognition","Reboot"],"picked":"Hyperbeam","floor":33},{"not_picked":["Redo","Reprogram","Steam"],"picked":"SKIP","floor":35},{"not_picked":["Ball Lightning+1","Go for the Eyes+1"],"picked":"Stack+1","floor":37},{"not_picked":["Barrage+1","Defragment","Recycle+1"],"picked":"SKIP","floor":38},{"not_picked":["Auto Shields","Redo"],"picked":"Reinforced Body+1","floor":40},{"not_picked":["Steam Power","Force Field+1"],"picked":"Gash+1","floor":44},{"not_picked":["Core Surge","Coolheaded+1","Cold Snap"],"picked":"SKIP","floor":46},{"not_picked":["White Noise","Rebound+1","Consume+1"],"picked":"SKIP","floor":47},{"not_picked":["Tempest","Compile Driver+1"],"picked":"Stack+1","floor":48}],"player_experience":120083,"relics_obtained":[{"floor":6.0,"key":"Bag of Marbles"},{"floor":7.0,"key":"Kunai"},{"floor":9.0,"key":"Dream Catcher"},{"floor":11.0,"key":"Strawberry"},{"floor":13.0,"key":"Letter Opener"},{"floor":23.0,"key":"Art of War"},{"floor":25.0,"key":"Pen Nib"},{"floor":26.0,"key":"Bottled Flame"},{"floor":28.0,"key":"Gambling Chip"},{"floor":40,"key":"The Courier"},{"floor":44,"key":"Ornamental Fan"}],"event_choices":[{"cards_removed":["Strike_B"],"damage_healed":0.0,"max_hp_gain":0.0,"max_hp_loss":0.0,"gold_gain":0.0,"event_name":"The Cleric","player_choice":"Card Removal","floor":4.0,"gold_loss":50.0,"damage_taken":0.0},{"damage_healed":0.0,"max_hp_gain":0.0,"max_hp_loss":0.0,"gold_gain":30.0,"event_name":"Dead Adventurer","player_choice":"Searched \u00273\u0027 times","floor":7.0,"gold_loss":0.0,"damage_taken":0.0},{"damage_healed":0.0,"max_hp_gain":5.0,"max_hp_loss":0.0,"gold_gain":0.0,"event_name":"Forgotten Altar","player_choice":"Shed Blood","floor":20.0,"gold_loss":0.0,"damage_taken":21.0},{"damage_healed":0.0,"max_hp_gain":0.0,"max_hp_loss":0.0,"gold_gain":0.0,"cards_transformed":["Zap","Strike_B"],"event_name":"Drug Dealer","player_choice":"Became Test Subject","floor":21.0,"gold_loss":0.0,"damage_taken":0.0,"cards_obtained":["Heatsinks","Cold Snap"]},{"damage_healed":0.0,"max_hp_gain":0.0,"max_hp_loss":0.0,"gold_gain":0.0,"event_name":"Match and Keep!","player_choice":"0 cards matched","floor":22.0,"gold_loss":0.0,"damage_taken":0.0,"cards_obtained":[]},{"damage_healed":0.0,"max_hp_gain":0.0,"max_hp_loss":0.0,"gold_gain":0.0,"event_name":"Match and Keep!","player_choice":"0 cards matched","floor":22.0,"gold_loss":0.0,"damage_taken":0.0,"cards_obtained":[]},{"damage_healed":0.0,"max_hp_gain":0.0,"max_hp_loss":0.0,"gold_gain":0.0,"event_name":"Ghosts","player_choice":"Ignored","floor":31.0,"gold_loss":0.0,"damage_taken":0.0},{"damage_healed":0,"gold_gain":0,"cards_transformed":["Heatsinks"],"player_choice":"Transformed","damage_taken":0,"max_hp_gain":0,"max_hp_loss":0,"event_name":"Transmorgrifier","floor":42,"gold_loss":0,"cards_obtained":["Rip and Tear"]}],"is_beta":false,"boss_relics":[{"not_picked":["Runic Dome","Philosopher\u0027s Stone"],"picked":"Nuclear Battery"},{"not_picked":["Coffee Dripper","Snecko Eye"],"picked":"White Beast Statue"}],"items_purged_floors":[14],"is_endless":false,"potions_floor_spawned":[2,3,5,12,13,23,28,33,35,37,38,40,44,46,47,48],"killed_by":"Time Eater","ascension_level":4}