{"gold_per_floor":[119,119,136,148,98,98,124,144,144,175,175,200,200,217,217,318,318,329,254,304,24,43,43,43,60,107,107,132,142,161,176,176,279,279,279,279,33,46,46,79,130,130,130,130,0,14,29,29,29,29],"floor_reached":50,"playtime":2602,"items_purged":["Strike_R"],"score":719,"play_id":"974e1a8e-621c-45bc-9972-3e3a4bae8efd","local_time":"20190412141706","is_ascension_mode":true,"campfire_choices":[{"data":"Armaments","floor":6,"key":"SMITH"},{"data":"Limit Break","floor":11,"key":"SMITH"},{"floor":15,"key":"REST"},{"data":"Demon Form","floor":23,"key":"SMITH"},{"floor":27,"key":"REST"},{"floor":32,"key":"REST"},{"floor":42,"key":"REST"},{"data":"Shockwave","floor":44,"key":"SMITH"},{"floor":49,"key":"REST"}],"neow_cost":"NONE","seed_source_timestamp":98965036450752,"circlet_count":0,"master_deck":["Strike_R","Strike_R","Strike_R","Defend_R","Defend_R","Defend_R","Bash+1","Armaments+1","Warcry","Dual Wield","Double Tap","Headbutt","Limit Break+1","Heavy Blade","Anger","Demon Form+1","Clothesline","Heavy Blade","Flex","Shockwave+1","Parasite","Double Tap","Shrug It Off+1","Thunderclap","Shrug It Off+1","Limit Break","Madness","Madness","Pommel Strike","Armaments+1","Decay","Headbutt+1","Writhe","Havoc+1","Headbutt+1","Heavy Blade"],"relics":["Burning Blood","Orichalcum","Bronze Scales","Ornamental Fan","Mummified Hand","Cursed Key","Bag of Marbles","Regal Pillow","Gremlin Horn","Velvet Choker","Darkstone Periapt","Strawberry","Dream Catcher","Letter Opener","Red Mask"],"potions_floor_usage":[10,10,16,25,28,30,35,40,46],"damage_taken":[{"damage":2,"enemies":"Small Slimes","floor":1,"turns":4},{"damage":0,"enemies":"Jaw Worm","floor":3,"turns":3},{"damage":1,"enemies":"Cultist","floor":4,"turns":3},{"damage":43,"enemies":"Lagavulin","floor":7,"turns":7},{"damage":2,"enemies":"3 Louse","floor":8,"turns":3},{"damage":6,"enemies":"3 Sentries","floor":10,"turns":6},{"damage":31,"enemies":"Lagavulin","floor":12,"turns":7},{"damage":12,"enemies":"Large Slime","floor":14,"turns":4},{"damage":40,"enemies":"Hexaghost","floor":16,"turns":9},{"damage":6,"enemies":"Chosen","floor":18,"turns":3},{"damage":26,"enemies":"2 Thieves","floor":22,"turns":3},{"damage":37,"enemies":"Cultist and Chosen","floor":25,"turns":7},{"damage":19,"enemies":"Book of Stabbing","floor":28,"turns":3},{"damage":26,"enemies":"Snake Plant","floor":29,"turns":4},{"damage":0,"enemies":"Chosen and Byrds","floor":30,"turns":4},{"damage":14,"enemies":"Centurion and Healer","floor":31,"turns":6},{"damage":26,"enemies":"Champ","floor":33,"turns":7},{"damage":0,"enemies":"3 Darklings","floor":35,"turns":1},{"damage":3,"enemies":"3 Shapes","floor":38,"turns":6},{"damage":63,"enemies":"Nemesis","floor":40,"turns":5},{"damage":44,"enemies":"Maw","floor":46,"turns":8},{"damage":22,"enemies":"4 Shapes","floor":47,"turns":4},{"damage":75,"enemies":"Awakened One","floor":50,"turns":5}],"seed_played":"-7515746122229948164","potions_obtained":[{"floor":7,"key":"EssenceOfSteel"},{"floor":8,"key":"Energy Potion"},{"floor":12,"key":"Weak Potion"},{"floor":18,"key":"SkillPotion"},{"floor":22,"key":"Strength Potion"},{"floor":28,"key":"AttackPotion"},{"floor":33,"key":"SmokeBomb"},{"floor":38,"key":"Fire Potion"},{"floor":40,"key":"Fire Potion"}],"is_trial":false,"path_per_floor":["M","?","M","M","?","R","E","M","T","E","R","E","?","M","R","B",null,"M","?","?","$","M","R","?","M","T","R","E","M","M","M","R","B",null,"M","?","$","M","?","E","T","R","T","R","?","M","M","$","R","B"],"character_chosen":"IRONCLAD","items_purchased":["Bag of Marbles","Heavy Blade","Darkstone Periapt"],"campfire_rested":5,"item_purchase_floors":[21,21,37],"current_hp_per_floor":[80,85,85,85,85,85,48,52,52,52,52,27,27,21,46,12,67,67,67,67,67,47,47,47,16,16,56,43,23,29,21,61,41,74,80,69,69,72,72,22,28,72,78,78,78,40,24,24,70,0],"gold":29,"neow_bonus":"UPGRADE_CARD","is_prod":false,"is_daily":false,"chose_seed":false,"campfire_upgraded":4,"win_rate":0,"timestamp":1555093026,"path_taken":["M","?","M","M","?","R","E","M","T","E","R","E","?","M","R","BOSS","M","?","?","$","?","R","?","M","T","R","E","M","M","M","R","BOSS","M","?","$","M","?","E","?","R","T","R","?","M","M","?","R","BOSS"],"build_version":"2019-01-23","purchased_purges":1,"victory":false,"max_hp_per_floor":[80,85,85,85,85,85,85,85,85,85,85,85,85,85,85,85,85,85,85,85,85,85,85,85,85,85,85,85,85,85,85,85,85,85,85,85,85,85,85,92,98,98,104,104,104,104,104,104,104,104],"card_choices":[{"not_picked":["Clothesline","Shrug It Off"],"picked":"Armaments","floor":1},{"not_picked":["Rampage","Headbutt"],"picked":"Warcry","floor":3},{"not_picked":["Wild Strike","Rupture"],"picked":"Dual Wield","floor":4},{"not_picked":["Thunderclap","Dual Wield"],"picked":"Double Tap","floor":7},{"not_picked":["Body Slam","Hemokinesis"],"picked":"Headbutt","floor":8},{"not_picked":["Havoc","Clothesline"],"picked":"Limit Break","floor":10},{"not_picked":["Pommel Strike","Sentinel"],"picked":"Heavy Blade","floor":12},{"not_picked":["Body Slam","True Grit"],"picked":"Anger","floor":14},{"not_picked":["Barricade","Immolate"],"picked":"Demon Form","floor":16},{"not_picked":["Wild Strike","Body Slam"],"picked":"Clothesline","floor":18},{"not_picked":["Pommel Strike","Wild Strike"],"picked":"Flex","floor":22},{"not_picked":["Armaments","Disarm"],"picked":"Shockwave","floor":25},{"not_picked":["Immolate","Wild Strike+1"],"picked":"Double Tap","floor":28},{"not_picked":["Feel No Pain+1","Flame Barrier+1"],"picked":"Shrug It Off+1","floor":29},{"not_picked":["Searing Blow","Reckless Charge"],"picked":"Thunderclap","floor":30},{"not_picked":["Heavy Blade","Hemokinesis"],"picked":"Shrug It Off+1","floor":31},{"not_picked":["Impervious","Double Tap"],"picked":"Limit Break","floor":33},{"not_picked":["Clash","Searing Blow+1"],"picked":"Pommel Strike","floor":38},{"not_picked":["Thunderclap+1","Seeing Red+1"],"picked":"Armaments+1","floor":40},{"not_picked":["Iron Wave+1","Clash+1"],"picked":"Headbutt+1","floor":42},{"not_picked":["Whirlwind+1","Ghostly Armor"],"picked":"Havoc+1","floor":46},{"not_picked":["Twin Strike+1","Dual Wield"],"picked":"Headbutt+1","floor":47},{"not_picked":["Wild Strike","Evolve+1"],"picked":"Heavy Blade","floor":49}],"player_experience":300113,"relics_obtained":[{"floor":7,"key":"Orichalcum"},{"floor":9,"key":"Bronze Scales"},{"floor":10,"key":"Ornamental Fan"},{"floor":12,"key":"Mummified Hand"},{"floor":26,"key":"Regal Pillow"},{"floor":28,"key":"Gremlin Horn"},{"floor":40,"key":"Strawberry"},{"floor":41,"key":"Dream Catcher"},{"floor":43,"key":"Letter Opener"}],"event_choices":[{"damage_healed":0,"gold_gain":0,"player_choice":"Donut","damage_taken":0,"max_hp_gain":5,"max_hp_loss":0,"event_name":"Big Fish","floor":2,"gold_loss":0},{"cards_removed":["Defend_R"],"damage_healed":0,"gold_gain":0,"player_choice":"Card Removal","damage_taken":0,"max_hp_gain":0,"max_hp_loss":0,"event_name":"The Cleric","floor":5,"gold_loss":50},{"damage_healed":0,"gold_gain":0,"player_choice":"Ignored","damage_taken":0,"max_hp_gain":0,"max_hp_loss":0,"event_name":"Liars Game","floor":13,"gold_loss":0},{"cards_removed":["Strike_R"],"damage_healed":0,"gold_gain":0,"player_choice":"Gave Gold","damage_taken":0,"max_hp_gain":0,"max_hp_loss":0,"event_name":"Beggar","floor":19,"gold_loss":75},{"damage_healed":0,"gold_gain":100,"player_choice":"Bet on Murderer","damage_taken":0,"max_hp_gain":0,"max_hp_loss":0,"event_name":"The Joust","floor":20,"gold_loss":50},{"damage_healed":0,"gold_gain":0,"player_choice":"Ignored","damage_taken":0,"max_hp_gain":0,"max_hp_loss":0,"event_name":"Cursed Tome","floor":24,"gold_loss":0},{"damage_healed":0,"gold_gain":0,"player_choice":"Embrace Madness","damage_taken":11,"max_hp_gain":0,"max_hp_loss":0,"event_name":"Winding Halls","floor":36,"gold_loss":0,"cards_obtained":["Madness","Madness"]},{"damage_healed":0,"gold_gain":0,"player_choice":"Ignored","damage_taken":0,"max_hp_gain":0,"max_hp_loss":0,"event_name":"Mysterious Sphere","floor":39,"gold_loss":0},{"damage_healed":0,"gold_gain":0,"player_choice":"Paid","damage_taken":0,"relics_obtained":["Red Mask"],"max_hp_gain":0,"max_hp_loss":0,"event_name":"Tomb of Lord Red Mask","floor":45,"gold_loss":130}],"is_beta":false,"boss_relics":[{"not_picked":["Ectoplasm","Coffee Dripper"],"picked":"Cursed Key"},{"not_picked":["Orrery","Tiny House"],"picked":"Velvet Choker"}],"items_purged_floors":[21],"is_endless":false,"potions_floor_spawned":[7,8,12,18,22,28,33,35,38,40],"killed_by":"Awakened One","ascension_level":5}