{"gold_per_floor":[118,118,83,83,102,102,132,146,146,157,174,174,199,1,1,80,80,99,112,147,163,263,289,289,351,405,419,453,368,22,39,39,112,112,129,129,141,158,177,177,205,205,283,311,331,348,348,364,364,364,364,364,364,17,48,48],"floor_reached":57,"playtime":4924,"items_purged":["Strike_B","Decay","Shame"],"score":2968,"play_id":"93af31b5-25d7-4155-8565-c835b3f72254","local_time":"20190426035318","is_ascension_mode":true,"campfire_choices":[{"data":"Leap","floor":6.0,"key":"SMITH"},{"data":"Coolheaded","floor":12.0,"key":"SMITH"},{"data":"Dualcast","floor":15.0,"key":"SMITH"},{"data":"White Noise","floor":24.0,"key":"SMITH"},{"data":"Biased Cognition","floor":32.0,"key":"SMITH"},{"floor":40.0,"key":"RECALL"},{"floor":47.0,"key":"REST"},{"floor":49.0,"key":"REST"},{"floor":53.0,"key":"REST"}],"neow_cost":"NONE","seed_source_timestamp":30400932194157,"circlet_count":0,"master_deck":["AscendersBane","Strike_B","Defend_B","Defend_B","Defend_B","Defend_B","Zap+1","Dualcast+1","Cold Snap","Leap+1","Skim","Reprogram","Glacier","Coolheaded+1","BootSequence","All For One","Reboot","Sweeping Beam+1","Chill","Go for the Eyes","Sweeping Beam","Hologram","White Noise+1","Biased Cognition+1","Hologram","Self Repair","Core Surge","Compile Driver","Fission","Core Surge","BootSequence","Darkness+1","White Noise+1","Capacitor","Echo Form","Capacitor","Turbo+1"],"special_seed":0,"relics":["Cracked Core","NeowsBlessing","Nunchaku","Pen Nib","The Courier","Emotion Chip","Cursed Key","Red Mask","Ginger","Kunai","DataDisk","Tiny Chest","Lantern","Regal Pillow","Strawberry","Dead Branch","Fusion Hammer","Orichalcum","Potion Belt","Mercury Hourglass"],"potions_floor_usage":[56,56,56],"damage_taken":[{"damage":0.0,"enemies":"Small Slimes","floor":1.0,"turns":1.0},{"damage":0.0,"enemies":"2 Louse","floor":5.0,"turns":1.0},{"damage":0.0,"enemies":"Lagavulin","floor":7.0,"turns":1.0},{"damage":5.0,"enemies":"Jaw Worm","floor":8.0,"turns":2.0},{"damage":0.0,"enemies":"Looter","floor":10.0,"turns":3.0},{"damage":0.0,"enemies":"Large Slime","floor":11.0,"turns":7.0},{"damage":31.0,"enemies":"3 Sentries","floor":13.0,"turns":14.0},{"damage":1.0,"enemies":"The Guardian","floor":16.0,"turns":15.0},{"damage":0.0,"enemies":"Chosen","floor":18.0,"turns":6.0},{"damage":0.0,"enemies":"3 Byrds","floor":19.0,"turns":6.0},{"damage":3.0,"enemies":"Masked Bandits","floor":20.0,"turns":4.0},{"damage":0.0,"enemies":"Centurion and Healer","floor":21.0,"turns":9.0},{"damage":0.0,"enemies":"Colosseum Slavers","floor":22.0,"turns":3.0},{"damage":0.0,"enemies":"Colosseum Nobs","floor":22.0,"turns":4.0},{"damage":6.0,"enemies":"Slavers","floor":23.0,"turns":3.0},{"damage":9.0,"enemies":"Book of Stabbing","floor":25.0,"turns":8.0},{"damage":0.0,"enemies":"Chosen and Byrds","floor":27.0,"turns":4.0},{"damage":15.0,"enemies":"Gremlin Leader","floor":28.0,"turns":9.0},{"damage":0.0,"enemies":"Sentry and Sphere","floor":31.0,"turns":6.0},{"damage":0.0,"enemies":"Collector","floor":33.0,"turns":12.0},{"damage":0.0,"enemies":"3 Shapes","floor":35.0,"turns":3.0},{"damage":0.0,"enemies":"Orb Walker","floor":37.0,"turns":4.0},{"damage":2.0,"enemies":"3 Darklings","floor":38.0,"turns":4.0},{"damage":0.0,"enemies":"Maw","floor":39.0,"turns":6.0},{"damage":0.0,"enemies":"Reptomancer","floor":41.0,"turns":6.0},{"damage":21.0,"enemies":"Nemesis","floor":44.0,"turns":7.0},{"damage":0.0,"enemies":"4 Shapes","floor":45.0,"turns":3.0},{"damage":0.0,"enemies":"Writhing Mass","floor":46.0,"turns":7.0},{"damage":0.0,"enemies":"Transient","floor":48.0,"turns":6.0},{"damage":26.0,"enemies":"Time Eater","floor":50.0,"turns":13.0},{"damage":17.0,"enemies":"Awakened One","floor":51.0,"turns":11.0},{"damage":46.0,"enemies":"Shield and Spear","floor":55.0,"turns":9.0},{"damage":23,"enemies":"The Heart","floor":56,"turns":7}],"seed_played":"-4487794521730608254","potions_obtained":[{"floor":7.0,"key":"Ancient Potion"},{"floor":8.0,"key":"SpeedPotion"},{"floor":10.0,"key":"Weak Potion"},{"floor":16.0,"key":"Regen Potion"},{"floor":21.0,"key":"SkillPotion"},{"floor":22.0,"key":"PowerPotion"},{"floor":23.0,"key":"Explosive Potion"},{"floor":28.0,"key":"Swift Potion"},{"floor":37.0,"key":"LiquidBronze"},{"floor":44.0,"key":"Regen Potion"},{"floor":48.0,"key":"SpeedPotion"}],"is_trial":false,"path_per_floor":["M","?","?","?","M","R","E","M","T","M","M","R","E","$","R","B",null,"M","M","?","M","?","E","R","E","T","M","E","?","$","M","R","B",null,"M","?","M","M","M","R","E","?","T","E","M","M","R","M","R","B","B",null,"R","$","E","B",null],"character_chosen":"DEFECT","items_purchased":["All For One","Dead Branch","Capacitor","Echo Form","Capacitor"],"campfire_rested":3,"item_purchase_floors":[14,30,54,54,54],"current_hp_per_floor":[64,59,71,71,71,71,71,66,66,66,66,66,35,35,35,34,62,62,62,59,59,71,65,65,56,56,56,41,48,48,55,55,62,74,78,78,78,78,78,78,78,78,78,57,57,64,78,78,78,59,49,71,78,78,39,37],"gold":48,"neow_bonus":"THREE_ENEMY_KILL","is_prod":false,"is_daily":false,"chose_seed":false,"campfire_upgraded":5,"win_rate":0,"timestamp":1556243598,"path_taken":["M","?","?","?","M","R","E","M","T","M","M","R","E","?","R","BOSS","M","M","?","M","?","E","R","E","T","M","E","?","$","M","R","BOSS","M","?","M","?","M","R","E","?","T","E","M","M","R","M","R","BOSS","BOSS","R","$","E","BOSS"],"build_version":"2019-04-23","purchased_purges":3,"victory":true,"max_hp_per_floor":[71,71,71,71,71,71,71,71,71,71,71,71,71,71,71,71,71,71,71,71,71,71,71,71,71,71,71,71,78,78,78,78,78,78,78,78,78,78,78,78,78,78,78,78,78,78,78,78,78,78,78,78,78,78,78,78],"card_choices":[{"not_picked":["Sweeping Beam","Melter"],"picked":"Cold Snap","floor":1.0},{"not_picked":["Rebound","Darkness"],"picked":"Leap","floor":5.0},{"not_picked":["Double Energy","Fusion"],"picked":"Skim","floor":7.0},{"not_picked":["Barrage","Conserve Battery"],"picked":"Reprogram","floor":8.0},{"not_picked":["Compile Driver","Leap"],"picked":"Glacier","floor":10.0},{"not_picked":["Streamline","Chaos"],"picked":"Coolheaded","floor":11.0},{"not_picked":["Barrage","Consume"],"picked":"BootSequence","floor":13.0},{"not_picked":["Meteor Strike","Thunder Strike"],"picked":"Reboot","floor":16.0},{"not_picked":["Redo","Force Field"],"picked":"Sweeping Beam+1","floor":18.0},{"not_picked":["Leap","Melter"],"picked":"Chill","floor":19.0},{"not_picked":["Rebound","Melter"],"picked":"Go for the Eyes","floor":20.0},{"not_picked":["Streamline","Cold Snap"],"picked":"Sweeping Beam","floor":21.0},{"not_picked":["Cold Snap","Auto Shields"],"picked":"Hologram","floor":22.0},{"not_picked":["Leap","Steam"],"picked":"White Noise","floor":23.0},{"not_picked":["Leap","Streamline"],"picked":"Biased Cognition","floor":25.0},{"not_picked":["Scrape+1","Barrage"],"picked":"Hologram","floor":27.0},{"not_picked":["Skim","Compile Driver"],"picked":"Self Repair","floor":28.0},{"not_picked":["Ball Lightning","Barrage","Beam Cell"],"picked":"SKIP","floor":31.0},{"not_picked":["Electrodynamics","Hyperbeam"],"picked":"Core Surge","floor":33.0},{"not_picked":["Leap","Go for the Eyes"],"picked":"Compile Driver","floor":35.0},{"not_picked":["Heatsinks","Conserve Battery+1"],"picked":"Core Surge","floor":37.0},{"not_picked":["Stack","Redo+1"],"picked":"BootSequence","floor":38.0},{"not_picked":["Coolheaded","Doom and Gloom"],"picked":"Darkness+1","floor":39.0},{"not_picked":["Streamline","Aggregate"],"picked":"White Noise+1","floor":41.0},{"not_picked":["Scrape","Redo","Auto Shields+1"],"picked":"SKIP","floor":44.0},{"not_picked":["Streamline","Undo","Conserve Battery"],"picked":"SKIP","floor":45.0},{"not_picked":["Chaos+1","Turbo","Stack"],"picked":"SKIP","floor":46.0},{"not_picked":["Consume","Ball Lightning","Go for the Eyes"],"picked":"SKIP","floor":48.0},{"not_picked":["Ball Lightning","Redo"],"picked":"Turbo+1","floor":55.0}],"player_experience":1217899,"relics_obtained":[{"floor":7.0,"key":"Pen Nib"},{"floor":9.0,"key":"The Courier"},{"floor":13.0,"key":"Emotion Chip"},{"floor":20.0,"key":"Red Mask"},{"floor":22.0,"key":"Ginger"},{"floor":22.0,"key":"Kunai"},{"floor":23.0,"key":"DataDisk"},{"floor":25.0,"key":"Tiny Chest"},{"floor":26.0,"key":"Lantern"},{"floor":28.0,"key":"Regal Pillow"},{"floor":41.0,"key":"Orichalcum"},{"floor":44.0,"key":"Potion Belt"},{"floor":55.0,"key":"Mercury Hourglass"}],"event_choices":[{"damage_healed":0.0,"max_hp_gain":0.0,"max_hp_loss":0.0,"gold_gain":0.0,"event_name":"Scrap Ooze","player_choice":"Success","floor":2.0,"gold_loss":0.0,"damage_taken":5.0,"relics_obtained":["Nunchaku"]},{"damage_healed":17.0,"max_hp_gain":0.0,"max_hp_loss":0.0,"gold_gain":0.0,"event_name":"The Cleric","player_choice":"Healed","floor":3.0,"gold_loss":35.0,"damage_taken":0.0},{"damage_healed":0.0,"max_hp_gain":0.0,"max_hp_loss":0.0,"gold_gain":0.0,"event_name":"Living Wall","player_choice":"Grow","floor":4.0,"gold_loss":0.0,"damage_taken":0.0,"cards_upgraded":["Zap"]},{"damage_healed":0.0,"max_hp_gain":0.0,"max_hp_loss":0.0,"gold_gain":0.0,"event_name":"Masked Bandits","player_choice":"Fought Bandits","floor":20.0,"gold_loss":0.0,"damage_taken":0.0},{"damage_healed":0.0,"max_hp_gain":0.0,"max_hp_loss":0.0,"gold_gain":0.0,"event_name":"Colosseum","player_choice":"Fight","floor":22.0,"gold_loss":0.0,"damage_taken":0.0},{"damage_healed":0.0,"max_hp_gain":0.0,"max_hp_loss":0.0,"gold_gain":0.0,"event_name":"Colosseum","player_choice":"Fought Nobs","floor":22.0,"gold_loss":0.0,"damage_taken":0.0},{"damage_healed":0.0,"max_hp_gain":0.0,"max_hp_loss":0.0,"gold_gain":0.0,"event_name":"Addict","player_choice":"Obtained Relic","floor":29.0,"gold_loss":85.0,"damage_taken":0.0,"relics_obtained":["Strawberry"]},{"damage_healed":0.0,"max_hp_gain":0.0,"max_hp_loss":0.0,"gold_gain":0.0,"cards_transformed":["Strike_B"],"event_name":"Transmorgrifier","player_choice":"Transformed","floor":36.0,"gold_loss":0.0,"damage_taken":0.0,"cards_obtained":["Fission"]},{"cards_removed":["Strike_B"],"damage_healed":0.0,"max_hp_gain":0.0,"max_hp_loss":0.0,"gold_gain":0.0,"event_name":"Purifier","player_choice":"Purged","floor":42.0,"gold_loss":0.0,"damage_taken":0.0}],"is_beta":true,"boss_relics":[{"not_picked":["Astrolabe","FrozenCore"],"picked":"Cursed Key"},{"not_picked":["Snecko Eye","Eternal Feather"],"picked":"Fusion Hammer"}],"items_purged_floors":[14,30,54],"is_endless":false,"potions_floor_spawned":[7,8,10,11,16,21,22,22,23,28,37,39,44,48],"ascension_level":20}