{"gold_per_floor":[213,227,227,244,259,259,272,272,272,547,563,563,598,609,609,609],"floor_reached":16,"playtime":424,"items_purged":[],"score":130,"play_id":"9ce3976e-dbb0-4404-b06d-d873dfd66347","local_time":"20190203003624","is_ascension_mode":true,"campfire_choices":[{"data":"Zap","floor":6,"key":"SMITH"},{"floor":8,"key":"REST"},{"data":"Echo Form","floor":12,"key":"SMITH"},{"floor":15,"key":"REST"}],"neow_cost":"NONE","seed_source_timestamp":20458789430600,"circlet_count":0,"master_deck":["Strike_B+1","Strike_B","Strike_B","Strike_B","Defend_B","Defend_B","Defend_B+1","Defend_B","Zap+1","Dualcast","Ball Lightning","Hologram","Cold Snap","Conserve Battery","Ball Lightning","Regret","Echo Form+1","Self Repair","Leap"],"relics":["Cracked Core","Bottled Flame","Pocketwatch"],"potions_floor_usage":[11,13],"damage_taken":[{"damage":0,"enemies":"Small Slimes","floor":1,"turns":4},{"damage":11,"enemies":"2 Louse","floor":2,"turns":2},{"damage":1,"enemies":"Cultist","floor":4,"turns":3},{"damage":6,"enemies":"Looter","floor":5,"turns":2},{"damage":16,"enemies":"Exordium Thugs","floor":7,"turns":4},{"damage":6,"enemies":"3 Louse","floor":11,"turns":2},{"damage":17,"enemies":"Gremlin Nob","floor":13,"turns":3},{"damage":11,"enemies":"Red Slaver","floor":14,"turns":2},{"damage":53,"enemies":"Slime Boss","floor":16,"turns":8}],"seed_played":"-2824673437260740994","potions_obtained":[{"floor":1,"key":"Swift Potion"},{"floor":5,"key":"Strength Potion"},{"floor":7,"key":"SteroidPotion"}],"is_trial":false,"path_per_floor":["M","M","?","M","M","R","M","R","T","?","M","R","E","M","R","B"],"character_chosen":"DEFECT","items_purchased":[],"campfire_rested":2,"item_purchase_floors":[],"current_hp_per_floor":[75,64,49,48,42,42,26,48,48,48,42,42,25,21,43,0],"gold":609,"neow_bonus":"HUNDRED_GOLD","is_prod":false,"is_daily":false,"chose_seed":false,"campfire_upgraded":2,"win_rate":0,"timestamp":1549172184,"path_taken":["M","M","?","M","M","R","M","R","T","?","?","R","E","M","R","BOSS"],"build_version":"2019-01-23","purchased_purges":0,"victory":false,"max_hp_per_floor":[75,75,75,75,75,75,75,75,75,75,75,75,75,75,75,75],"card_choices":[{"not_picked":["Hello World","Force Field"],"picked":"Ball Lightning","floor":1},{"not_picked":["Compile Driver","Reinforced Body"],"picked":"Hologram","floor":2},{"not_picked":["Heatsinks","Go for the Eyes"],"picked":"Cold Snap","floor":4},{"not_picked":["Force Field","Turbo"],"picked":"Conserve Battery","floor":5},{"not_picked":["Compile Driver","Rebound"],"picked":"Ball Lightning","floor":7},{"not_picked":["Leap","Cold Snap"],"picked":"Echo Form","floor":11},{"not_picked":["Coolheaded","Chaos"],"picked":"Self Repair","floor":13},{"not_picked":["Coolheaded","Ball Lightning"],"picked":"Leap","floor":14}],"player_experience":361198,"relics_obtained":[{"floor":9,"key":"Bottled Flame"},{"floor":13,"key":"Pocketwatch"}],"event_choices":[{"damage_healed":0,"gold_gain":0,"player_choice":"Entered Light","damage_taken":15,"max_hp_gain":0,"max_hp_loss":0,"event_name":"Shining Light","floor":3,"gold_loss":0,"cards_upgraded":["Strike_B","Defend_B"]},{"damage_healed":0,"gold_gain":275,"player_choice":"Desecrate","damage_taken":0,"max_hp_gain":0,"max_hp_loss":0,"event_name":"Golden Shrine","floor":10,"gold_loss":0,"cards_obtained":["Regret"]}],"is_beta":false,"boss_relics":[],"items_purged_floors":[],"is_endless":false,"potions_floor_spawned":[1,5,7],"killed_by":"Slime Boss","ascension_level":5}