{"path_per_floor":["M","?","M","M","M","R","?","M","T","E","R","M","M","T","R","B",null,"M","M","M","?","M","R","$","?","T","M","M","M","?","M","R","B",null,"M","?","M"],"character_chosen":"IRONCLAD","items_purchased":["Mummified Hand","Lantern"],"gold_per_floor":[109,109,124,138,156,156,156,174,199,234,234,249,264,264,264,369,369,385,404,419,419,432,432,42,42,91,107,123,133,33,52,52,149,149,161,208,224],"floor_reached":38,"campfire_rested":2,"playtime":3659,"current_hp_per_floor":[76,76,80,79,63,63,63,65,65,59,59,65,64,64,64,52,80,80,66,63,47,40,64,64,64,64,41,39,51,51,41,65,8,80,65,45,12],"items_purged":[],"gold":224,"play_id":"9d82125b-43f8-4b0a-ad56-4c487e2655db","is_prod":false,"is_daily":false,"is_ascension_mode":false,"campfire_upgraded":3,"path_taken":["M","?","?","M","?","R","?","?","T","E","R","M","M","?","R","BOSS","M","M","?","?","M","R","$","?","T","M","M","M","?","M","R","BOSS","M","?","M","?"],"build_version":"2018-01-25-PROD3","purchased_purges":1,"victory":false,"master_deck":["Strike_R","Strike_R","Strike_R","Strike_R","Strike_R","Defend_R","Defend_R","Defend_R","Defend_R","Bash+1","Shrug It Off+1","Heavy Blade","Heavy Blade","Metallicize+1","Juggernaut+1","Inflame+1","Barricade","Whirlwind","Body Slam","Impervious","J.A.X.","Double Tap","Bloodletting+1","Armaments+1"],"max_hp_per_floor":[80,80,80,80,80,80,80,80,80,80,80,80,80,80,80,80,80,80,80,80,80,80,80,80,80,80,80,80,80,80,80,80,80,80,80,83,83],"relics":["Black Blood","Molten Egg","Orichalcum","Bronze Scales","Bird Faced Urn","Black Star","Nilry\u0027s Codex","Mummified Hand","Lantern","Ancient Tea Set","Peace Pipe"],"card_choices":[{"not_picked":["Twin Strike","Combust"],"picked":"Shrug It Off"},{"not_picked":["Power Through","Warcry"],"picked":"Heavy Blade"},{"not_picked":["Iron Wave","Warcry"],"picked":"Heavy Blade"},{"not_picked":["Sever Soul","Pommel Strike"],"picked":"Metallicize"},{"not_picked":["Uppercut","Burning Pact"],"picked":"Juggernaut"},{"not_picked":["Anger","True Grit"],"picked":"Inflame"},{"not_picked":["Reaper","Offering"],"picked":"Barricade"},{"not_picked":["Searing Blow","Dropkick"],"picked":"Whirlwind"},{"not_picked":["Flex","Shrug It Off"],"picked":"Body Slam"},{"not_picked":["Burning Pact","Flex"],"picked":"Impervious"},{"not_picked":["Demon Form","Reaper"],"picked":"Double Tap"},{"not_picked":["Combust","Twin Strike"],"picked":"Bloodletting"},{"not_picked":["Shrug It Off","Twin Strike"],"picked":"Armaments"}],"player_experience":41112,"potions_floor_usage":[8,10,16,16,16,27,29,33,35,37,38],"damage_taken":[{"damage":10,"enemies":"Jaw Worm","floor":1,"turns":4},{"damage":1,"enemies":"2 Louse","floor":3,"turns":3},{"damage":7,"enemies":"Blue Slaver","floor":4,"turns":5},{"damage":22,"enemies":"Lots of Slimes","floor":5,"turns":6},{"damage":4,"enemies":"Gremlin Gang","floor":8,"turns":7},{"damage":12,"enemies":"3 Sentries","floor":10,"turns":6},{"damage":0,"enemies":"Looter","floor":12,"turns":3},{"damage":7,"enemies":"Exordium Thugs","floor":13,"turns":4},{"damage":24,"enemies":"The Guardian","floor":16,"turns":8},{"damage":9,"enemies":"3 Byrds","floor":18,"turns":4},{"damage":23,"enemies":"Chosen","floor":19,"turns":7},{"damage":15,"enemies":"Centurion and Healer","floor":20,"turns":6},{"damage":21,"enemies":"Snecko","floor":22,"turns":5},{"damage":35,"enemies":"3 Cultists","floor":27,"turns":6},{"damage":16,"enemies":"Centurion and Healer","floor":28,"turns":6},{"damage":0,"enemies":"Snecko","floor":29,"turns":3},{"damage":24,"enemies":"Chosen and Byrds","floor":31,"turns":5},{"damage":73,"enemies":"Champ","floor":33,"turns":13},{"damage":29,"enemies":"3 Darklings","floor":35,"turns":5},{"damage":41,"enemies":"Mysterious Sphere","floor":36,"turns":5},{"damage":49,"enemies":"3 Shapes","floor":37,"turns":4},{"damage":24,"enemies":"Sphere and 2 Shapes","floor":38,"turns":3}],"event_choices":[{"event_name":"Living Wall","player_choice":"Grow","floor":2,"damage_taken":0},{"event_name":"Liars Game","player_choice":"disagreed","floor":7,"damage_taken":0},{"event_name":"Cursed Tome","player_choice":"Obtained Book","floor":21,"damage_taken":0},{"event_name":"Beggar","player_choice":"Ignored","floor":25,"damage_taken":0},{"event_name":"Drug Dealer","player_choice":"Got JAXXED","floor":30,"damage_taken":0},{"event_name":"Mysterious Sphere","player_choice":"Fight","floor":36,"damage_taken":0}],"boss_relics":[{"not_picked":["Sozu","Snecko Eye"],"picked":"Black Star"},{"not_picked":["Orrery","Philosopher\u0027s Stone"],"picked":"Black Blood"}],"potions_floor_spawned":[3,8,10,12,13,22,28,31,33,35,37],"seed_played":"2759923509236089029","killed_by":"Sphere and 2 Shapes","ascension_level":0,"is_trial":false}