{"gold_per_floor":[117,136,436,452,452,487,1,33,104,104,117,117,143,159,159,257,257,269,279,289,12,30,30],"floor_reached":23,"playtime":794,"items_purged":[],"score":256,"play_id":"7385dda6-31f7-44d5-b1c3-a1b04a1db107","local_time":"20190203130947","is_ascension_mode":true,"campfire_choices":[{"floor":10,"key":"REST"},{"floor":12,"key":"REST"},{"floor":15,"key":"REST"}],"neow_cost":"NONE","seed_source_timestamp":2729707633700,"circlet_count":0,"master_deck":["Strike_R","Strike_R","Strike_R","Strike_R","Strike_R","Defend_R","Defend_R","Defend_R","Defend_R","Bash","Demon Form","Searing Blow","Heavy Blade","Regret","Rampage","Corruption","Apotheosis","Seeing Red","Whirlwind","Headbutt","Headbutt","Headbutt","Rampage","Barricade","Battle Trance","Inflame+1"],"relics":["Burning Blood","Old Coin","Regal Pillow","Art of War","Vajra","Shuriken","Matryoshka","Juzu Bracelet","Snecko Eye","Membership Card","Lantern"],"potions_floor_usage":[6,13,20,20,23],"damage_taken":[{"damage":2,"enemies":"Small Slimes","floor":1,"turns":4},{"damage":13,"enemies":"2 Louse","floor":2,"turns":4},{"damage":16,"enemies":"Jaw Worm","floor":4,"turns":3},{"damage":23,"enemies":"Gremlin Nob","floor":6,"turns":4},{"damage":28,"enemies":"3 Sentries","floor":8,"turns":3},{"damage":43,"enemies":"Exordium Thugs","floor":11,"turns":5},{"damage":35,"enemies":"Gremlin Nob","floor":13,"turns":4},{"damage":7,"enemies":"Blue Slaver","floor":14,"turns":4},{"damage":63,"enemies":"The Guardian","floor":16,"turns":8},{"damage":22,"enemies":"3 Byrds","floor":18,"turns":4},{"damage":31,"enemies":"Chosen","floor":19,"turns":5},{"damage":28,"enemies":"Shelled Parasite and Fungi","floor":20,"turns":4},{"damage":24,"enemies":"Sentry and Sphere","floor":22,"turns":4},{"damage":19,"enemies":"Book of Stabbing","floor":23,"turns":2}],"seed_played":"-1931961405652923204","potions_obtained":[{"floor":2,"key":"FearPotion"},{"floor":4,"key":"GamblersBrew"},{"floor":8,"key":"Weak Potion"},{"floor":16,"key":"BloodPotion"},{"floor":18,"key":"AttackPotion"}],"is_trial":false,"path_per_floor":["M","M","?","M","?","E","$","E","T","R","M","R","E","M","R","B",null,"M","M","M","$","M","E"],"character_chosen":"IRONCLAD","items_purchased":["Apotheosis","Seeing Red","Vajra","Whirlwind","Membership Card","Lantern"],"campfire_rested":3,"item_purchase_floors":[7,7,7,7,21,21],"current_hp_per_floor":[80,73,73,63,56,39,39,17,17,56,19,58,29,28,67,10,80,64,39,25,25,7,0],"gold":30,"neow_bonus":"ONE_RANDOM_RARE_CARD","is_prod":false,"is_daily":false,"chose_seed":false,"campfire_upgraded":0,"win_rate":0,"timestamp":1549217387,"path_taken":["M","M","?","M","?","E","$","E","T","R","M","R","E","M","R","BOSS","M","M","M","$","M","E"],"build_version":"2019-01-23","purchased_purges":0,"victory":false,"max_hp_per_floor":[80,80,80,80,80,80,80,80,80,80,80,80,80,80,80,80,80,80,80,80,80,80,80],"card_choices":[{"not_picked":["Sword Boomerang","True Grit"],"picked":"Searing Blow","floor":1},{"not_picked":["Perfected Strike","Havoc"],"picked":"Heavy Blade","floor":2},{"not_picked":["Blood for Blood","Cleave"],"picked":"Rampage","floor":4},{"not_picked":["Infernal Blade","Clothesline"],"picked":"Corruption","floor":6},{"not_picked":["Havoc","Impervious"],"picked":"Headbutt","floor":8},{"not_picked":["Metallicize","Heavy Blade"],"picked":"Headbutt","floor":11},{"not_picked":["Searing Blow","Twin Strike"],"picked":"Headbutt","floor":13},{"not_picked":["True Grit","Headbutt"],"picked":"Rampage","floor":14},{"not_picked":["Dark Embrace","Offering"],"picked":"Barricade","floor":16},{"not_picked":["Whirlwind+1","Perfected Strike"],"picked":"Battle Trance","floor":18},{"not_picked":["Uppercut","Warcry"],"picked":"Inflame+1","floor":19},{"not_picked":["Fire Breathing","Sword Boomerang","Evolve+1"],"picked":"SKIP","floor":20},{"not_picked":["Combust","Metallicize+1","Headbutt"],"picked":"SKIP","floor":22}],"player_experience":366141,"relics_obtained":[{"floor":6,"key":"Art of War"},{"floor":8,"key":"Shuriken"},{"floor":9,"key":"Matryoshka"},{"floor":13,"key":"Juzu Bracelet"}],"event_choices":[{"damage_healed":0,"gold_gain":0,"player_choice":"Box","damage_taken":0,"relics_obtained":["Old Coin"],"max_hp_gain":0,"max_hp_loss":0,"event_name":"Big Fish","floor":3,"gold_loss":0,"cards_obtained":["Regret"]},{"damage_healed":0,"gold_gain":0,"player_choice":"Success","damage_taken":7,"relics_obtained":["Regal Pillow"],"max_hp_gain":0,"max_hp_loss":0,"event_name":"Scrap Ooze","floor":5,"gold_loss":0}],"is_beta":false,"boss_relics":[{"not_picked":["Orrery","Cursed Key"],"picked":"Snecko Eye"}],"items_purged_floors":[],"is_endless":false,"potions_floor_spawned":[2,4,8,16,18],"killed_by":"Book of Stabbing","ascension_level":4}