{"path_per_floor":["M","?","M","?","M","?","M","M","T","M","$","?","M","T","R","B",null,"M","?","?","M","$","R","?"],"character_chosen":"DEFECT","items_purchased":["Omamori","Blaster","Defragment","Regal Pillow","Tempest"],"gold_per_floor":[118,118,132,307,325,325,337,350,377,389,47,47,64,64,64,167,167,179,209,309,322,93,93,93,93],"floor_reached":25,"campfire_rested":2,"playtime":866,"current_hp_per_floor":[69,69,69,69,63,48,48,46,46,36,36,54,21,21,43,36,75,41,41,41,17,17,54,54,0],"items_purged":["Doubt"],"gold":93,"score":193,"play_id":"77e1481a-babf-4698-91a7-e7407d4fd67e","local_time":"20180502184613","is_prod":false,"is_daily":false,"chose_seed":false,"is_ascension_mode":false,"campfire_upgraded":0,"timestamp":1525301173,"path_taken":["M","?","M","?","M","?","M","?","T","M","$","?","M","?","R","BOSS","M","?","?","M","$","R","?","M"],"build_version":"2018-05-01v2","seed_source_timestamp":287241334585313,"purchased_purges":1,"victory":false,"master_deck":["Strike_B","Strike_B","Strike_B","Defend_B+1","Defend_B","Defend_B","Defend_B","Zap+1","Dualcast","Ball Lightning+1","Buffer","Turbo","Leap","Stack","Leap","Blaster","Defragment","Thunder Strike","Meteor Strike","Barrage+1","Tempest"],"max_hp_per_floor":[75,75,75,75,75,75,75,75,75,75,75,75,75,75,75,75,75,75,75,75,75,75,75,75,75],"relics":["Cracked Core","Juzu Bracelet","Omamori","Ice Cream","Inserter","Tiny Chest","Regal Pillow"],"card_choices":[{"not_picked":["Darkness","Doom and Gloom"],"picked":"Ball Lightning","floor":1},{"not_picked":["Turbo","Streamline"],"picked":"Buffer","floor":3},{"not_picked":["Skim","Axe Kick"],"picked":"Turbo","floor":5},{"not_picked":["Go for the Eyes","Scrape"],"picked":"Leap","floor":7},{"not_picked":["Impulse","Hologram"],"picked":"Stack","floor":8},{"not_picked":["Beam Cell","Cold Snap"],"picked":"Leap","floor":10},{"not_picked":["Rebound","Capacitor"],"picked":"Thunder Strike","floor":13},{"not_picked":["Rainbow","Fusion"],"picked":"Meteor Strike","floor":16},{"not_picked":["Axe Kick","Melter"],"picked":"Barrage","floor":21}],"player_experience":189463,"potions_floor_usage":[7,13,25],"damage_taken":[{"damage":6,"enemies":"Jaw Worm","floor":1,"turns":4},{"damage":0,"enemies":"Small Slimes","floor":3,"turns":2},{"damage":6,"enemies":"Cultist","floor":5,"turns":3},{"damage":0,"enemies":"3 Louse","floor":7,"turns":1},{"damage":2,"enemies":"Looter","floor":8,"turns":3},{"damage":10,"enemies":"Exordium Wildlife","floor":10,"turns":4},{"damage":33,"enemies":"Gremlin Gang","floor":13,"turns":7},{"damage":7,"enemies":"Slime Boss","floor":16,"turns":10},{"damage":34,"enemies":"3 Byrds","floor":18,"turns":5},{"damage":24,"enemies":"Shell Parasite","floor":21,"turns":7},{"damage":63,"enemies":"3 Cultists","floor":25,"turns":5}],"event_choices":[{"event_name":"Living Wall","player_choice":"Grow","floor":2,"damage_taken":0},{"event_name":"Liars Game","player_choice":"agreed","floor":4,"damage_taken":0},{"event_name":"Shining Light","player_choice":"Entered Light","floor":6,"damage_taken":0},{"event_name":"Mushrooms","player_choice":"Healed and dodged fight","floor":12,"damage_taken":0},{"event_name":"Accursed Blacksmith","player_choice":"Rummage","floor":19,"damage_taken":0},{"event_name":"Golden Shrine","player_choice":"Pray","floor":20,"damage_taken":0},{"event_name":"Back to Basics","player_choice":"Elegance","floor":24,"damage_taken":0}],"boss_relics":[{"not_picked":["Ectoplasm","White Beast Statue"],"picked":"Inserter"}],"potions_floor_spawned":[1,3,7,21],"seed_played":"6441283687254395523","killed_by":"3 Cultists","ascension_level":0,"is_trial":false}