{"gold_per_floor":[114,114,139,139,163,163,163,88,158,191,212,227,251,267,267,267],"floor_reached":16,"playtime":470,"items_purged":[],"score":114,"play_id":"6eb75638-be82-454c-ad87-b6f6a93f0d5f","local_time":"20181212164344","is_ascension_mode":true,"campfire_choices":[{"data":"Perfected Strike","floor":6.0,"key":"SMITH"},{"floor":15,"key":"REST"}],"neow_cost":"NONE","seed_source_timestamp":3154247495100,"circlet_count":0,"master_deck":["Strike_R","Strike_R","Strike_R","Strike_R","Defend_R","Defend_R","Defend_R","Defend_R","Bash","Perfected Strike+1","Spot Weakness","Pommel Strike","Impervious","Carnage","Flex","Dual Wield","Rage"],"special_seed":0,"relics":["Burning Blood","NeowsBlessing","Golden Idol","Paper Frog","Blue Candle"],"potions_floor_usage":[],"damage_taken":[{"damage":0.0,"enemies":"2 Louse","floor":1.0,"turns":1.0},{"damage":0.0,"enemies":"Cultist","floor":3.0,"turns":1.0},{"damage":0.0,"enemies":"Jaw Worm","floor":5.0,"turns":1.0},{"damage":25.0,"enemies":"3 Sentries","floor":10.0,"turns":10.0},{"damage":7.0,"enemies":"3 Louse","floor":11.0,"turns":3.0},{"damage":11,"enemies":"Looter","floor":12,"turns":2},{"damage":10,"enemies":"2 Fungi Beasts","floor":13,"turns":3},{"damage":14,"enemies":"Exordium Wildlife","floor":14,"turns":5},{"damage":61,"enemies":"The Guardian","floor":16,"turns":9}],"seed_played":"-2173509744860876388","potions_obtained":[{"floor":5.0,"key":"Ancient Potion"},{"floor":10.0,"key":"SteroidPotion"},{"floor":13,"key":"Ancient Potion"}],"is_trial":false,"path_per_floor":["M","?","M","?","M","R","?","$","T","E","M","M","M","M","R","B"],"character_chosen":"IRONCLAD","items_purchased":["Impervious"],"campfire_rested":1,"item_purchase_floors":[8],"current_hp_per_floor":[80,60,66,66,72,72,72,72,72,53,52,47,43,35,59,0],"gold":267,"neow_bonus":"THREE_ENEMY_KILL","is_prod":false,"is_daily":false,"chose_seed":false,"campfire_upgraded":1,"win_rate":0,"timestamp":1544651024,"path_taken":["M","?","M","?","?","R","?","$","T","E","M","M","M","M","R","BOSS"],"build_version":"2018-12-11","purchased_purges":0,"victory":false,"max_hp_per_floor":[80,80,80,80,80,80,80,80,80,80,80,80,80,80,80,80],"card_choices":[{"not_picked":["True Grit","Warcry"],"picked":"Perfected Strike","floor":1.0},{"not_picked":["Second Wind","Sentinel"],"picked":"Spot Weakness","floor":3.0},{"not_picked":["Perfected Strike","Havoc"],"picked":"Pommel Strike","floor":5.0},{"not_picked":["Wild Strike","Disarm"],"picked":"Carnage","floor":10.0},{"not_picked":["Rupture","Uppercut"],"picked":"Flex","floor":11.0},{"not_picked":["Warcry","Body Slam","True Grit"],"picked":"SKIP","floor":12},{"not_picked":["Clash","Iron Wave"],"picked":"Dual Wield","floor":13},{"not_picked":["Sentinel","Clothesline"],"picked":"Rage","floor":14}],"player_experience":298420,"relics_obtained":[{"floor":9.0,"key":"Paper Frog"},{"floor":10.0,"key":"Blue Candle"}],"event_choices":[{"damage_healed":0.0,"max_hp_gain":0.0,"max_hp_loss":0.0,"gold_gain":0.0,"event_name":"Golden Idol","player_choice":"Take Damage","floor":2.0,"gold_loss":0.0,"damage_taken":20.0,"relics_obtained":["Golden Idol"]},{"damage_healed":0.0,"max_hp_gain":0.0,"max_hp_loss":0.0,"gold_gain":0.0,"cards_transformed":["Strike_R"],"event_name":"Transmorgrifier","player_choice":"Transformed","floor":4.0,"gold_loss":0.0,"damage_taken":0.0,"cards_obtained":["Blood for Blood"]},{"cards_removed":["Blood for Blood"],"damage_healed":0.0,"max_hp_gain":0.0,"max_hp_loss":0.0,"gold_gain":0.0,"event_name":"Purifier","player_choice":"Purged","floor":7.0,"gold_loss":0.0,"damage_taken":0.0}],"is_beta":true,"boss_relics":[],"items_purged_floors":[],"is_endless":false,"potions_floor_spawned":[5,10,13],"killed_by":"The Guardian","ascension_level":2}