{"gold_per_floor":[131,154,166,193,67,79,117,129,189,213,225,264,276,288,300,415,427,455,486,498,520,532,544],"floor_reached":23,"playtime":1173,"items_purged":[],"score":264,"play_id":"6a65008c-d816-4331-b913-2d08373acddc","local_time":"20190203013942","is_ascension_mode":true,"campfire_choices":[{"data":"Clothesline","floor":6.0,"key":"SMITH"},{"data":"True Grit","floor":8.0,"key":"SMITH"},{"data":"Battle Trance","floor":11,"key":"SMITH"},{"data":"Armaments","floor":13,"key":"SMITH"},{"data":"Flame Barrier","floor":15,"key":"SMITH"}],"neow_cost":"NONE","seed_source_timestamp":23479395479500,"circlet_count":0,"master_deck":["Defend_R+1","Defend_R","Defend_R","Defend_R+1","Bash","Flame Barrier+1","Clothesline+1","True Grit+1","Warcry","Battle Trance+1","Armaments+1","Offering","Seeing Red+1","Barricade+1","Body Slam+1","Flame Barrier","Bite","Bite","Bite","Bite","Bite","Bloodletting+1"],"special_seed":0,"relics":["Burning Blood","MawBank","Pen Nib","Art of War","Thread and Needle","War Paint","Oddly Smooth Stone","Astrolabe"],"potions_floor_usage":[16],"damage_taken":[{"damage":14.0,"enemies":"Jaw Worm","floor":1.0,"turns":4.0},{"damage":0.0,"enemies":"Small Slimes","floor":2.0,"turns":3.0},{"damage":4.0,"enemies":"Cultist","floor":4.0,"turns":3.0},{"damage":20.0,"enemies":"3 Sentries","floor":7.0,"turns":6.0},{"damage":7,"enemies":"Exordium Thugs","floor":10,"turns":6},{"damage":8,"enemies":"Lagavulin","floor":12,"turns":8},{"damage":12,"enemies":"Hexaghost","floor":16,"turns":13},{"damage":6,"enemies":"Spheric Guardian","floor":18,"turns":3},{"damage":6,"enemies":"Shell Parasite","floor":19,"turns":5},{"damage":11,"enemies":"Snake Plant","floor":21,"turns":5},{"damage":79,"enemies":"Gremlin Leader","floor":23,"turns":4}],"seed_played":"-597634585709361905","potions_obtained":[{"floor":1.0,"key":"EssenceOfSteel"},{"floor":4.0,"key":"AttackPotion"},{"floor":16,"key":"SpeedPotion"}],"is_trial":false,"path_per_floor":["M","M","?","M","?","R","E","R","T","M","R","E","R","$","R","B",null,"M","M","?","M","$","E"],"character_chosen":"IRONCLAD","items_purchased":[],"campfire_rested":0,"item_purchase_floors":[],"current_hp_per_floor":[72,78,60,62,62,62,48,48,48,47,47,45,45,45,45,39,80,80,80,56,56,56,0],"gold":544,"neow_bonus":"RANDOM_COMMON_RELIC","is_prod":false,"is_daily":false,"chose_seed":false,"campfire_upgraded":5,"win_rate":0,"timestamp":1549175982,"path_taken":["M","M","?","M","?","R","E","R","T","?","R","E","R","?","R","BOSS","M","?","?","M","?","E"],"build_version":"2019-01-23","purchased_purges":0,"victory":false,"max_hp_per_floor":[80,80,80,80,80,80,80,80,80,80,80,80,80,80,80,80,80,80,80,56,56,56,56],"card_choices":[{"not_picked":["True Grit","Clash"],"picked":"Flame Barrier","floor":1.0},{"not_picked":["Warcry","Iron Wave"],"picked":"Clothesline","floor":2.0},{"not_picked":["Hemokinesis","Heavy Blade"],"picked":"True Grit","floor":4.0},{"not_picked":["Anger","True Grit"],"picked":"Warcry","floor":7.0},{"not_picked":["Bloodletting","Hemokinesis"],"picked":"Battle Trance","floor":10},{"not_picked":["Sentinel","Cleave"],"picked":"Armaments","floor":12},{"not_picked":["Exhume","Berserk"],"picked":"Offering","floor":16},{"not_picked":["Iron Wave+1","Reckless Charge","Pummel"],"picked":"SKIP","floor":18},{"not_picked":["Carnage","Armaments"],"picked":"Flame Barrier","floor":19},{"not_picked":["Headbutt+1","Battle Trance+1"],"picked":"Bloodletting+1","floor":21}],"player_experience":363022,"relics_obtained":[{"floor":7.0,"key":"Thread and Needle"},{"floor":9.0,"key":"War Paint"},{"floor":12,"key":"Oddly Smooth Stone"}],"event_choices":[{"damage_healed":0.0,"max_hp_gain":0.0,"max_hp_loss":0.0,"gold_gain":0.0,"event_name":"Scrap Ooze","player_choice":"Success","floor":3.0,"gold_loss":0.0,"damage_taken":18.0,"relics_obtained":["Pen Nib"]},{"damage_healed":0.0,"max_hp_gain":0.0,"max_hp_loss":0.0,"gold_gain":0.0,"event_name":"WeMeetAgain","player_choice":"Paid Gold","floor":5.0,"gold_loss":138.0,"damage_taken":0.0,"relics_obtained":["Art of War"]},{"damage_healed":0,"gold_gain":0,"player_choice":"Became a vampire","damage_taken":0,"max_hp_gain":0,"max_hp_loss":24,"event_name":"Vampires","floor":20,"gold_loss":0,"cards_obtained":["Bite","Bite","Bite","Bite","Bite"]}],"is_beta":false,"boss_relics":[{"not_picked":["Fusion Hammer","Snecko Eye"],"picked":"Astrolabe"}],"items_purged_floors":[],"is_endless":false,"potions_floor_spawned":[1,4,16],"killed_by":"Gremlin Leader","ascension_level":4}