{"gold_per_floor":[10,22,37,56,70,70,86,111,111,111],"floor_reached":10,"playtime":448,"items_purged":[],"score":79,"play_id":"b99ab6dc-3c69-4dea-928a-906b7be16950","local_time":"20181222042102","is_ascension_mode":true,"campfire_choices":[{"floor":6,"key":"REST"}],"neow_cost":"NO_GOLD","seed_source_timestamp":25199019691900,"circlet_count":0,"master_deck":["Defend_G","Defend_G","Defend_G","Defend_G","Defend_G","Strike_G","Strike_G","Strike_G","Strike_G","Strike_G","Survivor","Neutralize","Escape Plan","Deadly Poison","Dodge and Roll","Flying Knee","Backflip","Night Terror","Catalyst"],"relics":["Ring of the Snake","StoneCalendar","Blue Candle","Ninja Scroll"],"potions_floor_usage":[8,8],"damage_taken":[{"damage":5,"enemies":"Small Slimes","floor":1,"turns":7},{"damage":8,"enemies":"Cultist","floor":2,"turns":6},{"damage":9,"enemies":"2 Louse","floor":3,"turns":3},{"damage":23,"enemies":"Large Slime","floor":4,"turns":7},{"damage":0,"enemies":"3 Louse","floor":5,"turns":5},{"damage":0,"enemies":"Red Slaver","floor":7,"turns":5},{"damage":36,"enemies":"Gremlin Nob","floor":8,"turns":5},{"damage":11,"enemies":"Blue Slaver","floor":10,"turns":2}],"seed_played":"8847884438724811161","potions_obtained":[{"floor":1,"key":"PowerPotion"},{"floor":2,"key":"GamblersBrew"}],"is_trial":false,"path_per_floor":["M","M","M","M","M","R","M","E","T","M"],"character_chosen":"THE_SILENT","items_purchased":[],"campfire_rested":1,"item_purchase_floors":[],"current_hp_per_floor":[65,57,48,25,25,46,46,10,10,0],"gold":111,"neow_bonus":"ONE_RARE_RELIC","is_prod":false,"is_daily":false,"chose_seed":false,"campfire_upgraded":0,"win_rate":0,"timestamp":1545470462,"path_taken":["M","M","M","M","M","R","M","E","T","M"],"build_version":"2018-12-20","purchased_purges":0,"victory":false,"max_hp_per_floor":[70,70,70,70,70,70,70,70,70,70],"card_choices":[{"not_picked":["All Out Attack","Prepared"],"picked":"Escape Plan","floor":1},{"not_picked":["Blade Dance","Concentrate"],"picked":"Deadly Poison","floor":2},{"not_picked":["Dagger Throw","Terror"],"picked":"Dodge and Roll","floor":3},{"not_picked":["Poisoned Stab","Sucker Punch"],"picked":"Flying Knee","floor":4},{"not_picked":["Dodge and Roll","Underhanded Strike"],"picked":"Backflip","floor":5},{"not_picked":["PiercingWail","Heel Hook"],"picked":"Night Terror","floor":7},{"not_picked":["Escape Plan","Dagger Spray"],"picked":"Catalyst","floor":8}],"player_experience":318550,"relics_obtained":[{"floor":8,"key":"Blue Candle"},{"floor":9,"key":"Ninja Scroll"}],"event_choices":[],"is_beta":false,"boss_relics":[],"items_purged_floors":[],"is_endless":false,"potions_floor_spawned":[1,2],"killed_by":"Blue Slaver","ascension_level":2}