{"gold_per_floor":[114,114,33,33,51,51,79,98,98,98,113,147,97,111,111,209,209,226,151,164,175,194,194,224,224,224,224,259,259,274,288,288,392,392,408,508,523,523,533,566,566,566,566,566,593,604,604,614,614,614],"floor_reached":51,"playtime":2041,"items_purged":["Pain"],"score":892,"play_id":"aab5cd23-e0b8-4382-aae1-1615724566e0","local_time":"20181222005716","is_ascension_mode":true,"campfire_choices":[{"data":"Electrodynamics","floor":6.0,"key":"SMITH"},{"data":"Double Energy","floor":10.0,"key":"SMITH"},{"data":"Core Surge","floor":15.0,"key":"SMITH"},{"data":"Multi-Cast","floor":23.0,"key":"SMITH"},{"floor":25.0,"key":"REST"},{"floor":27.0,"key":"REST"},{"floor":32.0,"key":"REST"},{"data":"Echo Form","floor":41.0,"key":"SMITH"},{"floor":44.0,"key":"REST"},{"floor":47,"key":"REST"},{"floor":49,"key":"REST"}],"neow_cost":"NONE","seed_source_timestamp":11324646155600,"circlet_count":0,"master_deck":["Defend_B","Defend_B","Defend_B","Defend_B","Zap","Dualcast","Sweeping Beam","Electrodynamics+1","Double Energy+1","Conserve Battery","Core Surge+1","Melter","Multi-Cast+1","Loop+1","Reinforced Body","Glacier","Glacier","Thunder Strike","Echo Form+1","Turbo+1","Thunder Strike","Leap+1","Defragment+1","White Noise+1","Buffer","Writhe","Ball Lightning","Double Energy","Static Discharge","Redo+1","Conserve Battery+1","Rebound+1"],"special_seed":0,"relics":["Cracked Core","NeowsBlessing","WarpedTongs","Sundial","Turnip","Anchor","Bottled Flame","Runic Pyramid","Ornamental Fan","Oddly Smooth Stone","Question Card","Empty Cage","Prayer Wheel","Mummified Hand","Toxic Egg 2","Bronze Scales"],"potions_floor_usage":[50],"damage_taken":[{"damage":0.0,"enemies":"2 Louse","floor":1.0,"turns":1.0},{"damage":0.0,"enemies":"Cultist","floor":5.0,"turns":1.0},{"damage":1.0,"enemies":"Lagavulin","floor":7.0,"turns":1.0},{"damage":14.0,"enemies":"Small Slimes","floor":8.0,"turns":2.0},{"damage":3.0,"enemies":"3 Louse","floor":11.0,"turns":3.0},{"damage":13.0,"enemies":"3 Sentries","floor":12.0,"turns":4.0},{"damage":3.0,"enemies":"Blue Slaver","floor":14.0,"turns":2.0},{"damage":31.0,"enemies":"The Guardian","floor":16.0,"turns":13.0},{"damage":3.0,"enemies":"3 Byrds","floor":18.0,"turns":2.0},{"damage":2.0,"enemies":"Chosen","floor":20.0,"turns":4.0},{"damage":13.0,"enemies":"Snecko","floor":21.0,"turns":5.0},{"damage":12.0,"enemies":"Centurion and Healer","floor":22.0,"turns":4.0},{"damage":40.0,"enemies":"Slavers","floor":24.0,"turns":3.0},{"damage":35.0,"enemies":"Gremlin Leader","floor":28.0,"turns":8.0},{"damage":0.0,"enemies":"Sentry and Sphere","floor":30.0,"turns":4.0},{"damage":0.0,"enemies":"Cultist and Chosen","floor":31.0,"turns":6.0},{"damage":29.0,"enemies":"Collector","floor":33.0,"turns":8.0},{"damage":0.0,"enemies":"Orb Walker","floor":35.0,"turns":4.0},{"damage":33.0,"enemies":"Mind Bloom Boss Battle","floor":36.0,"turns":10.0},{"damage":0.0,"enemies":"3 Darklings","floor":37.0,"turns":5.0},{"damage":6.0,"enemies":"Sphere and 2 Shapes","floor":39.0,"turns":4.0},{"damage":2.0,"enemies":"Nemesis","floor":40.0,"turns":7.0},{"damage":10.0,"enemies":"Reptomancer","floor":45.0,"turns":5.0},{"damage":18,"enemies":"Transient","floor":46,"turns":5},{"damage":25,"enemies":"3 Darklings","floor":48,"turns":4},{"damage":24,"enemies":"Donu and Deca","floor":50,"turns":7}],"seed_played":"8338954823900832634","potions_obtained":[{"floor":1.0,"key":"PowerPotion"},{"floor":11.0,"key":"Block Potion"},{"floor":14.0,"key":"Weak Potion"},{"floor":18.0,"key":"LiquidBronze"},{"floor":20.0,"key":"Weak Potion"},{"floor":24.0,"key":"EssenceOfSteel"},{"floor":30.0,"key":"Swift Potion"},{"floor":37.0,"key":"Swift Potion"},{"floor":39.0,"key":"Swift Potion"},{"floor":40.0,"key":"Explosive Potion"}],"is_trial":false,"path_per_floor":["M","?","$","?","M","R","E","M","T","R","M","E","?","M","R","B",null,"M","$","M","M","M","R","E","R","T","R","E","?","M","M","R","B",null,"M","?","M","?","M","E","R","?","T","R","E","M","R","M","R","B",null],"character_chosen":"DEFECT","items_purchased":["Electrodynamics"],"campfire_rested":6,"item_purchase_floors":[3],"current_hp_per_floor":[75,75,75,75,75,75,74,60,60,60,57,44,44,41,41,10,75,72,72,70,57,45,45,5,27,27,49,14,14,14,14,36,7,75,75,42,42,61,55,53,53,53,53,75,65,47,69,44,66,42],"gold":614,"neow_bonus":"THREE_ENEMY_KILL","is_prod":false,"is_daily":false,"chose_seed":false,"campfire_upgraded":5,"win_rate":0,"timestamp":1545458236,"path_taken":["M","?","?","?","?","R","E","M","T","R","M","E","?","M","R","BOSS","M","$","M","M","M","R","E","R","T","R","E","?","M","M","R","BOSS","M","?","M","?","M","E","R","?","T","R","E","M","R","M","R","BOSS"],"build_version":"2018-12-20","purchased_purges":1,"victory":true,"max_hp_per_floor":[75,75,75,75,75,75,75,75,75,75,75,75,75,75,75,75,75,75,75,75,75,75,75,75,75,75,75,75,75,75,75,75,75,75,75,75,75,75,75,75,75,75,75,75,75,75,75,75,75,75],"card_choices":[{"not_picked":["Leap","Compile Driver"],"picked":"Sweeping Beam","floor":1.0},{"not_picked":["Scrape","Stack","Gash"],"picked":"SKIP","floor":5.0},{"not_picked":["Stack","Beam Cell"],"picked":"Double Energy","floor":7.0},{"not_picked":["Compile Driver","Sweeping Beam"],"picked":"Conserve Battery","floor":8.0},{"not_picked":["Gash","Reprogram"],"picked":"Core Surge","floor":11.0},{"not_picked":["Go for the Eyes","Beam Cell"],"picked":"Melter","floor":12.0},{"not_picked":["Gash","Cold Snap","Reboot"],"picked":"SKIP","floor":14.0},{"not_picked":["Core Surge","Electrodynamics"],"picked":"Multi-Cast","floor":16.0},{"not_picked":["Leap+1","Go for the Eyes"],"picked":"Loop+1","floor":18.0},{"not_picked":["Beam Cell+1","Steam"],"picked":"Reinforced Body","floor":20.0},{"not_picked":["Beam Cell","Multi-Cast","Compile Driver+1"],"picked":"SKIP","floor":21.0},{"not_picked":["Go for the Eyes+1","Gash+1"],"picked":"Glacier","floor":22.0},{"not_picked":["Barrage","Rebound"],"picked":"Glacier","floor":24.0},{"not_picked":["Leap","Storm"],"picked":"Thunder Strike","floor":28.0},{"not_picked":["Chill","Consume","Force Field+1"],"picked":"Turbo+1","floor":30.0},{"not_picked":["Hologram","Redo","Sweeping Beam","Stack"],"picked":"SKIP","floor":31.0},{"not_picked":["All For One","Electrodynamics","Multi-Cast"],"picked":"Thunder Strike","floor":33.0},{"not_picked":["Sunder","Turbo","Stack+1"],"picked":"Leap+1","floor":35.0},{"not_picked":["Hologram+1","Compile Driver+1","BootSequence+1"],"picked":"Defragment+1","floor":36.0},{"not_picked":["Gash","Storm+1","Sunder+1"],"picked":"White Noise+1","floor":37.0},{"not_picked":["Barrage","Leap+1","Beam Cell+1"],"picked":"Buffer","floor":37.0},{"not_picked":["Leap","Rebound","Streamline"],"picked":"Ball Lightning","floor":39.0},{"not_picked":["Streamline+1","Heatsinks+1","Go for the Eyes","Sweeping Beam+1"],"picked":"SKIP","floor":39.0},{"not_picked":["Ball Lightning+1","Multi-Cast","Beam Cell+1"],"picked":"Double Energy","floor":40.0},{"not_picked":["Cold Snap+1","Gash+1","Steam+1"],"picked":"Static Discharge","floor":45.0},{"not_picked":["Streamline+1","Beam Cell","Coolheaded+1"],"picked":"Redo+1","floor":46},{"not_picked":["All For One","Coolheaded+1","Hello World"],"picked":"Conserve Battery+1","floor":46},{"not_picked":["Leap+1","Undo+1","Compile Driver"],"picked":"Rebound+1","floor":48},{"not_picked":["Streamline","BootSequence+1","Gash+1","All For One"],"picked":"SKIP","floor":48}],"player_experience":313308,"relics_obtained":[{"floor":7.0,"key":"Turnip"},{"floor":9.0,"key":"Anchor"},{"floor":12.0,"key":"Bottled Flame"},{"floor":24.0,"key":"Ornamental Fan"},{"floor":26.0,"key":"Oddly Smooth Stone"},{"floor":28.0,"key":"Question Card"},{"floor":36.0,"key":"Prayer Wheel"},{"floor":40.0,"key":"Mummified Hand"},{"floor":43.0,"key":"Toxic Egg 2"},{"floor":45.0,"key":"Bronze Scales"}],"event_choices":[{"damage_healed":0.0,"max_hp_gain":0.0,"max_hp_loss":0.0,"gold_gain":0.0,"event_name":"Accursed Blacksmith","player_choice":"Rummage","floor":2.0,"gold_loss":0.0,"damage_taken":0.0,"relics_obtained":["WarpedTongs"],"cards_obtained":["Pain"]},{"damage_healed":0.0,"max_hp_gain":0.0,"max_hp_loss":0.0,"gold_gain":0.0,"event_name":"WeMeetAgain","player_choice":"Gave Potion","floor":4.0,"gold_loss":0.0,"damage_taken":0.0,"relics_obtained":["Sundial"]},{"damage_healed":0.0,"max_hp_gain":0.0,"max_hp_loss":0.0,"gold_gain":0.0,"event_name":"World of Goop","player_choice":"Left Gold","floor":13.0,"gold_loss":50.0,"damage_taken":0.0},{"damage_healed":0.0,"max_hp_gain":0.0,"max_hp_loss":0.0,"gold_gain":0.0,"cards_transformed":["Strike_B","Strike_B"],"event_name":"Drug Dealer","player_choice":"Became Test Subject","floor":29.0,"gold_loss":0.0,"damage_taken":0.0,"cards_obtained":["Echo Form","Steam"]},{"damage_healed":0.0,"max_hp_gain":0.0,"max_hp_loss":0.0,"gold_gain":0.0,"event_name":"MindBloom","player_choice":"Fight","floor":36.0,"gold_loss":0.0,"damage_taken":0.0},{"damage_healed":19.0,"max_hp_gain":0.0,"max_hp_loss":0.0,"gold_gain":0.0,"event_name":"Winding Halls","player_choice":"Writhe","floor":38.0,"gold_loss":0.0,"damage_taken":0.0,"cards_obtained":["Writhe"]},{"cards_removed":["Steam"],"damage_healed":0.0,"max_hp_gain":0.0,"max_hp_loss":0.0,"gold_gain":0.0,"event_name":"Falling","player_choice":"Removed Skill","floor":42.0,"gold_loss":0.0,"damage_taken":0.0}],"is_beta":false,"boss_relics":[{"not_picked":["Philosopher\u0027s Stone","Fusion Hammer"],"picked":"Runic Pyramid"},{"not_picked":["Orrery","Cursed Key"],"picked":"Empty Cage"}],"items_purged_floors":[19],"is_endless":false,"potions_floor_spawned":[1,11,14,18,20,24,30,37,39,40],"ascension_level":3}