{"gold_per_floor":[112,112,132,147,167,193,193,225,301,327,341,360,360,371,371,474,474,491,491,510,526,49,49,82,82,82,108,108,108,125,136,136,233,233,252,270,270,270,270,270,290,118,118,118,128,56,68,84,84,84],"floor_reached":51,"playtime":5495,"items_purged":["Strike_R","Strike_R"],"score":1042,"play_id":"6e85b299-ceef-40a4-a1f4-c2b633ab7256","local_time":"20190403173715","is_ascension_mode":true,"campfire_choices":[{"floor":7,"key":"REST"},{"floor":13,"key":"REST"},{"data":"Bash","floor":15,"key":"SMITH"},{"data":"Feel No Pain","floor":23,"key":"SMITH"},{"data":"Clothesline","floor":25,"key":"SMITH"},{"floor":28,"key":"REST"},{"floor":32,"key":"REST"},{"data":"Uppercut","floor":40,"key":"SMITH"},{"floor":49,"key":"REST"}],"neow_cost":"NONE","seed_source_timestamp":168024897017661,"circlet_count":0,"master_deck":["AscendersBane","Strike_R","Strike_R","Defend_R","Defend_R","Defend_R","Defend_R","Bash+1","Feed","Clothesline+1","Pommel Strike","Shrug It Off","Iron Wave","Iron Wave","Reckless Charge","Havoc","Impervious","Warcry+1","Thunderclap","Feel No Pain+1","Uppercut+1","Metallicize+1","Warcry+1","Juggernaut","Whirlwind+1","Disarm+1","Flame Barrier","Disarm","Feel No Pain","Spot Weakness"],"relics":["Black Blood","Pen Nib","Dead Branch","Matryoshka","Omamori","Sozu","Torii","Singing Bowl","Oddly Smooth Stone","Mummified Hand","Ginger","Nilry\u0027s Codex","Kunai","Happy Flower","Magic Flower"],"potions_floor_usage":[6,10,21,24],"damage_taken":[{"damage":2,"enemies":"Jaw Worm","floor":1,"turns":3},{"damage":4,"enemies":"Cultist","floor":3,"turns":3},{"damage":9,"enemies":"Small Slimes","floor":4,"turns":4},{"damage":11,"enemies":"Exordium Wildlife","floor":5,"turns":4},{"damage":56,"enemies":"Lagavulin","floor":6,"turns":10},{"damage":42,"enemies":"3 Sentries","floor":8,"turns":9},{"damage":22,"enemies":"Lagavulin","floor":10,"turns":7},{"damage":3,"enemies":"3 Louse","floor":11,"turns":3},{"damage":0,"enemies":"Looter","floor":12,"turns":3},{"damage":1,"enemies":"Red Slaver","floor":14,"turns":2},{"damage":35,"enemies":"Slime Boss","floor":16,"turns":13},{"damage":0,"enemies":"Spheric Guardian","floor":18,"turns":2},{"damage":4,"enemies":"3 Byrds","floor":20,"turns":6},{"damage":21,"enemies":"Sentry and Sphere","floor":21,"turns":5},{"damage":24,"enemies":"Book of Stabbing","floor":24,"turns":5},{"damage":35,"enemies":"Slavers","floor":27,"turns":7},{"damage":15,"enemies":"Centurion and Healer","floor":30,"turns":6},{"damage":15,"enemies":"3 Cultists","floor":31,"turns":7},{"damage":27,"enemies":"Collector","floor":33,"turns":8},{"damage":1,"enemies":"Orb Walker","floor":35,"turns":4},{"damage":1,"enemies":"3 Shapes","floor":36,"turns":5},{"damage":43,"enemies":"3 Darklings","floor":41,"turns":5},{"damage":12,"enemies":"Jaw Worm Horde","floor":45,"turns":4},{"damage":0,"enemies":"Maw","floor":47,"turns":8},{"damage":12,"enemies":"Transient","floor":48,"turns":5},{"damage":60,"enemies":"Awakened One","floor":50,"turns":14}],"seed_played":"294261589609076994","potions_obtained":[{"floor":1,"key":"Poison Potion"},{"floor":3,"key":"LiquidBronze"},{"floor":6,"key":"Weak Potion"},{"floor":10,"key":"GamblersBrew"}],"is_trial":false,"path_per_floor":["?","M","M","?","?","M","?","?","?","M","T"],"character_chosen":"IRONCLAD","items_purchased":["Feel No Pain","Torii","Uppercut","Flame Barrier","Feel No Pain"],"campfire_rested":5,"item_purchase_floors":[22,22,22,42,46],"current_hp_per_floor":[79,79,84,84,82,35,63,30,30,14,17,23,52,57,57,28,81,87,87,92,80,80,80,64,64,64,37,69,53,47,38,71,50,96,108,117,117,111,111,111,80,80,80,80,88,88,105,108,118,73],"gold":84,"neow_bonus":"ONE_RANDOM_RARE_CARD","is_prod":false,"is_daily":false,"chose_seed":false,"campfire_upgraded":4,"win_rate":0,"timestamp":1554309435,"path_taken":["M","?","?","M","M","E","R","E","T","E","M","M","R","?","R","BOSS","M","?","M","M","$","R","E","R","T","E","R","?","?","M","R","BOSS","M","M","?","?","?","R","?","$","T","?","M","$","M","M","R","BOSS"],"build_version":"2019-01-23","purchased_purges":2,"victory":true,"max_hp_per_floor":[83,83,86,89,92,95,95,98,98,98,98,98,98,98,98,98,98,98,98,101,104,104,104,106,106,106,108,108,108,111,111,111,111,111,114,117,117,111,111,111,113,113,113,113,116,116,118,118,118,118],"card_choices":[{"not_picked":["Rupture","Whirlwind"],"picked":"Clothesline","floor":1},{"not_picked":["Fire Breathing","Body Slam"],"picked":"Pommel Strike","floor":3},{"not_picked":["Twin Strike","Clash"],"picked":"Headbutt","floor":4},{"not_picked":["Headbutt","Pommel Strike"],"picked":"Shrug It Off","floor":5},{"not_picked":["Offering","Anger","Clothesline"],"picked":"SKIP","floor":6},{"not_picked":["Rage","Dropkick"],"picked":"Iron Wave","floor":8},{"not_picked":["Rupture","Pommel Strike"],"picked":"Iron Wave","floor":10},{"not_picked":["Evolve","Clothesline"],"picked":"Reckless Charge","floor":11},{"not_picked":["Pommel Strike","Berserk","Twin Strike"],"picked":"SKIP","floor":12},{"not_picked":["Dropkick","Iron Wave"],"picked":"Havoc","floor":14},{"not_picked":["Juggernaut","Limit Break"],"picked":"Impervious","floor":16},{"not_picked":["Perfected Strike","Headbutt+1"],"picked":"Warcry+1","floor":18},{"not_picked":["Wild Strike+1","Body Slam"],"picked":"Thunderclap","floor":20},{"not_picked":["Fire Breathing+1","Blood for Blood","Sword Boomerang"],"picked":"SKIP","floor":21},{"not_picked":["Carnage","Anger","Body Slam"],"picked":"Singing Bowl","floor":24},{"not_picked":["Carnage","Evolve+1","Heavy Blade"],"picked":"Singing Bowl","floor":27},{"not_picked":["Wild Strike","Sword Boomerang"],"picked":"Metallicize+1","floor":30},{"not_picked":["Body Slam+1","Cleave"],"picked":"Warcry+1","floor":31},{"not_picked":["Limit Break","Berserk"],"picked":"Juggernaut","floor":33},{"not_picked":["Iron Wave+1","Pommel Strike"],"picked":"Whirlwind+1","floor":35},{"not_picked":["Uppercut+1","Havoc+1"],"picked":"Disarm+1","floor":36},{"not_picked":["Warcry","Ghostly Armor","Infernal Blade"],"picked":"Singing Bowl","floor":41},{"not_picked":["Rupture+1","Sentinel"],"picked":"Disarm","floor":45},{"not_picked":["Body Slam","Cleave+1","Evolve+1"],"picked":"Singing Bowl","floor":47},{"not_picked":["Dual Wield","Thunderclap+1"],"picked":"Spot Weakness","floor":48}],"player_experience":438853,"relics_obtained":[{"floor":6,"key":"Pen Nib"},{"floor":8,"key":"Dead Branch"},{"floor":9,"key":"Matryoshka"},{"floor":10,"key":"Omamori"},{"floor":24,"key":"Singing Bowl"},{"floor":26,"key":"Oddly Smooth Stone"},{"floor":26,"key":"Mummified Hand"},{"floor":27,"key":"Ginger"},{"floor":29,"key":"Nilry\u0027s Codex"},{"floor":43,"key":"Kunai"},{"floor":43,"key":"Happy Flower"},{"floor":44,"key":"Magic Flower"}],"event_choices":[{"cards_removed":["Strike_R"],"damage_healed":0,"gold_gain":0,"player_choice":"Offered Basic","damage_taken":0,"max_hp_gain":0,"max_hp_loss":0,"event_name":"Bonfire Elementals","floor":2,"gold_loss":0},{"damage_healed":0,"gold_gain":0,"player_choice":"Ignored","damage_taken":0,"max_hp_gain":0,"max_hp_loss":0,"event_name":"Vampires","floor":19,"gold_loss":0},{"damage_healed":0,"gold_gain":0,"player_choice":"Obtained Book","damage_taken":16,"max_hp_gain":0,"max_hp_loss":0,"event_name":"Cursed Tome","floor":29,"gold_loss":0},{"cards_removed":["Headbutt"],"damage_healed":0,"gold_gain":0,"player_choice":"Removed Attack","damage_taken":0,"max_hp_gain":0,"max_hp_loss":0,"event_name":"Falling","floor":37,"gold_loss":0},{"damage_healed":0,"gold_gain":0,"player_choice":"Max HP","damage_taken":0,"max_hp_gain":0,"max_hp_loss":6,"event_name":"Winding Halls","floor":38,"gold_loss":0},{"damage_healed":0,"gold_gain":0,"player_choice":"Got Potions","damage_taken":0,"max_hp_gain":0,"max_hp_loss":0,"event_name":"Lab","floor":39,"gold_loss":0}],"is_beta":false,"boss_relics":[{"not_picked":["Black Star","Pandora\u0027s Box"],"picked":"Sozu"},{"not_picked":["Calling Bell","Runic Dome"],"picked":"Black Blood"}],"items_purged_floors":[22,42],"is_endless":false,"potions_floor_spawned":[1,3,6,10,24,27,30,31,35],"ascension_level":10}