{"gold_per_floor":[110,110,124,124,94,94,110,110,110,130,130,47,47,63,63,158,158,170,159,159,7,22,22,32,32,32,32,32,32,48,62,62,165,165,179,197,197,197],"floor_reached":38,"playtime":5672,"items_purged":[],"score":366,"play_id":"a2e99619-0a6f-4584-9288-b710cea765a1","local_time":"20190216181126","is_ascension_mode":false,"campfire_choices":[{"data":"Bouncing Flask","floor":6,"key":"SMITH"},{"data":"Noxious Fumes","floor":8,"key":"SMITH"},{"data":"Flying Knee","floor":11,"key":"SMITH"},{"data":"PanicButton","floor":13,"key":"SMITH"},{"floor":15,"key":"REST"},{"floor":23,"key":"REST"},{"floor":25,"key":"REST"},{"floor":27,"key":"REST"},{"data":"Poisoned Stab","floor":29,"key":"SMITH"},{"floor":32,"key":"REST"}],"neow_cost":"NONE","seed_source_timestamp":109114134963457,"circlet_count":0,"master_deck":["Defend_G","Defend_G","Defend_G","Strike_G","Strike_G","Strike_G","Strike_G","Survivor+1","Neutralize+1","Noxious Fumes+1","Bouncing Flask+1","Dagger Throw","Flying Knee+1","PanicButton+1","Poisoned Stab+1","Night Terror","Predator","Poisoned Stab+1","Iron Wave","Noxious Fumes+1","Quick Slash","Flechettes+1","Expertise","Malaise","Flying Knee","Dagger Spray"],"relics":["Ring of the Snake","Bottled Flame","Empty Cage","Ancient Tea Set","Darkstone Periapt","Busted Crown"],"potions_floor_usage":[33,33,33,33,38],"damage_taken":[{"damage":0,"enemies":"Small Slimes","floor":1,"turns":4},{"damage":0,"enemies":"2 Louse","floor":3,"turns":3},{"damage":0,"enemies":"Cultist","floor":7,"turns":3},{"damage":9,"enemies":"Large Slime","floor":10,"turns":6},{"damage":1,"enemies":"Red Slaver","floor":14,"turns":3},{"damage":8,"enemies":"Hexaghost","floor":16,"turns":8},{"damage":8,"enemies":"Shell Parasite","floor":18,"turns":5},{"damage":20,"enemies":"2 Thieves","floor":19,"turns":4},{"damage":19,"enemies":"Cultist and Chosen","floor":22,"turns":6},{"damage":26,"enemies":"Centurion and Healer","floor":24,"turns":6},{"damage":30,"enemies":"Chosen and Byrds","floor":30,"turns":5},{"damage":30,"enemies":"Snake Plant","floor":31,"turns":4},{"damage":33,"enemies":"Champ","floor":33,"turns":10},{"damage":8,"enemies":"3 Shapes","floor":35,"turns":5},{"damage":26,"enemies":"3 Darklings","floor":36,"turns":7},{"damage":51,"enemies":"Jaw Worm Horde","floor":38,"turns":4}],"seed_played":"-2741475577108455785","potions_obtained":[{"floor":3,"key":"Dexterity Potion"},{"floor":5,"key":"EntropicBrew"},{"floor":5,"key":"GamblersBrew"},{"floor":10,"key":"LiquidBronze"},{"floor":18,"key":"SteroidPotion"},{"floor":31,"key":"Strength Potion"},{"floor":36,"key":"Weak Potion"}],"is_trial":false,"path_per_floor":["?","?","?","M","?","M","?"],"character_chosen":"THE_SILENT","items_purchased":["PanicButton","Ancient Tea Set"],"campfire_rested":5,"item_purchase_floors":[12,21],"current_hp_per_floor":[77,62,62,67,67,67,67,67,67,58,58,58,58,57,81,73,82,74,54,54,54,35,59,33,57,57,81,81,81,51,21,45,24,82,74,48,48,0],"gold":197,"neow_bonus":"TEN_PERCENT_HP_BONUS","is_prod":false,"is_daily":false,"chose_seed":false,"campfire_upgraded":5,"win_rate":0.0,"timestamp":1550340686,"path_taken":["M","?","M","?","?","R","?","R","T","M","R","$","R","M","R","BOSS","M","M","?","$","M","R","?","R","T","R","$","R","M","M","R","BOSS","M","M","?","M"],"build_version":"2019-01-23","purchased_purges":0,"victory":false,"max_hp_per_floor":[77,77,77,82,82,82,82,82,82,82,82,82,82,82,82,82,82,82,82,82,82,82,82,82,82,82,82,82,82,82,82,82,82,82,82,82,82,82],"card_choices":[{"not_picked":["Dodge and Roll","PiercingWail"],"picked":"Noxious Fumes","floor":1},{"not_picked":["Flying Knee","Tactician"],"picked":"Bouncing Flask","floor":3},{"not_picked":["Outmaneuver","Prepared"],"picked":"Dagger Throw","floor":7},{"not_picked":["Dagger Throw","Underhanded Strike"],"picked":"Flying Knee","floor":10},{"not_picked":["Flying Knee","Night Terror"],"picked":"Poisoned Stab","floor":14},{"not_picked":["Bullet Time","Venomology"],"picked":"Night Terror","floor":16},{"not_picked":["Underhanded Strike","Poisoned Stab"],"picked":"Predator","floor":18},{"not_picked":["PiercingWail","Dagger Throw"],"picked":"Poisoned Stab+1","floor":19},{"not_picked":["Prepared","Reflex"],"picked":"Noxious Fumes+1","floor":22},{"not_picked":["Outmaneuver","Blur"],"picked":"Quick Slash","floor":24},{"not_picked":["Riddle With Holes","Eviscerate"],"picked":"Flechettes+1","floor":30},{"not_picked":["Caltrops+1","Tactician"],"picked":"Expertise","floor":31},{"not_picked":["Envenom","A Thousand Cuts"],"picked":"Malaise","floor":33},{"not_picked":[],"picked":"Flying Knee","floor":35},{"not_picked":[],"picked":"Dagger Spray","floor":36}],"player_experience":1422,"relics_obtained":[{"floor":9,"key":"Bottled Flame"},{"floor":26,"key":"Darkstone Periapt"}],"event_choices":[{"damage_healed":0,"gold_gain":0,"player_choice":"Entered Light","damage_taken":15,"max_hp_gain":0,"max_hp_loss":0,"event_name":"Shining Light","floor":2,"gold_loss":0,"cards_upgraded":["Survivor","Neutralize"]},{"damage_healed":0,"gold_gain":0,"player_choice":"Donut","damage_taken":0,"max_hp_gain":5,"max_hp_loss":0,"event_name":"Big Fish","floor":4,"gold_loss":0},{"damage_healed":0,"gold_gain":0,"player_choice":"Bought 2 Potions","damage_taken":0,"max_hp_gain":0,"max_hp_loss":0,"event_name":"The Woman in Blue","floor":5,"gold_loss":0},{"cards_removed":["Defend_G"],"damage_healed":0,"gold_gain":0,"player_choice":"Took Card","damage_taken":0,"max_hp_gain":0,"max_hp_loss":0,"event_name":"NoteForYourself","floor":20,"gold_loss":0,"cards_obtained":["Iron Wave"]},{"damage_healed":0,"gold_gain":0,"player_choice":"Ignored","damage_taken":0,"max_hp_gain":0,"max_hp_loss":0,"event_name":"Tomb of Lord Red Mask","floor":37,"gold_loss":0}],"is_beta":false,"boss_relics":[{"not_picked":["White Beast Statue","Eternal Feather"],"picked":"Empty Cage"},{"not_picked":["Runic Dome","WristBlade"],"picked":"Busted Crown"}],"items_purged_floors":[],"is_endless":false,"potions_floor_spawned":[3,10,16,18,31,36],"killed_by":"Jaw Worm Horde","ascension_level":0}