{"gold_per_floor":[114,126,145,145,220,250,250,269,269,295,313,313,19,31,31,128,128,143,2,2,18,37,37,37],"floor_reached":24,"playtime":1497,"items_purged":["Strike_R","Strike_R"],"score":302,"play_id":"37570b1d-28d7-46c1-b3c7-354a7d45be72","local_time":"20190327141520","is_ascension_mode":true,"campfire_choices":[{"floor":7.0,"key":"REST"},{"data":"Armaments","floor":12.0,"key":"SMITH"},{"data":"Flame Barrier","floor":15.0,"key":"SMITH"},{"data":"True Grit","floor":23.0,"key":"SMITH"}],"neow_cost":"TEN_PERCENT_HP_LOSS","seed_source_timestamp":733850137581164,"circlet_count":0,"master_deck":["Strike_R","Strike_R+1","Defend_R","Defend_R","Defend_R","Defend_R","Bash","Double Tap","Rampage","Iron Wave","Metallicize+1","Flame Barrier+1","Headbutt","Armaments+1","Clothesline","Reaper","Disarm","Evolve","Rupture","True Grit+1"],"special_seed":0,"relics":["Burning Blood","The Courier","Bottled Tornado","Blue Candle","PreservedInsect","Bronze Scales","Cursed Key"],"potions_floor_usage":[24,24],"damage_taken":[{"damage":0.0,"enemies":"2 Louse","floor":1.0,"turns":3.0},{"damage":21.0,"enemies":"Jaw Worm","floor":2.0,"turns":6.0},{"damage":0.0,"enemies":"Cultist","floor":3.0,"turns":2.0},{"damage":17.0,"enemies":"Lagavulin","floor":6.0,"turns":7.0},{"damage":13.0,"enemies":"2 Fungi Beasts","floor":8.0,"turns":5.0},{"damage":7.0,"enemies":"3 Sentries","floor":10.0,"turns":8.0},{"damage":10.0,"enemies":"Red Slaver","floor":11.0,"turns":3.0},{"damage":0.0,"enemies":"Blue Slaver","floor":14.0,"turns":4.0},{"damage":13.0,"enemies":"The Guardian","floor":16.0,"turns":13.0},{"damage":26.0,"enemies":"2 Thieves","floor":18.0,"turns":4.0},{"damage":4.0,"enemies":"Chosen","floor":21.0,"turns":4.0},{"damage":13.0,"enemies":"Centurion and Healer","floor":22.0,"turns":9.0},{"damage":81,"enemies":"Gremlin Leader","floor":24,"turns":11}],"seed_played":"-3197337043626955666","potions_obtained":[{"floor":1.0,"key":"SteroidPotion"},{"floor":3.0,"key":"GamblersBrew"},{"floor":8.0,"key":"Strength Potion"},{"floor":14.0,"key":"Fire Potion"},{"floor":16.0,"key":"AttackPotion"}],"is_trial":false,"path_per_floor":["?","?","$","$","?"],"character_chosen":"IRONCLAD","items_purchased":["PreservedInsect","Bronze Scales","Evolve"],"campfire_rested":1,"item_purchase_floors":[13,13,19],"current_hp_per_floor":[72,57,63,49,38,27,48,41,41,40,36,36,36,42,42,35,63,52,52,52,54,55,55,0],"gold":37,"neow_bonus":"THREE_RARE_CARDS","is_prod":false,"is_daily":false,"chose_seed":false,"campfire_upgraded":3,"win_rate":0,"timestamp":1553721320,"path_taken":["M","M","M","?","?","E","R","M","T","E","M","R","?","M","R","BOSS","M","?","?","M","M","R","E"],"build_version":"2019-01-23","purchased_purges":2,"victory":false,"max_hp_per_floor":[72,72,72,72,72,72,72,72,72,72,72,72,72,72,72,72,72,72,72,72,72,72,72,72],"card_choices":[{"not_picked":["Immolate","Barricade"],"picked":"Double Tap","floor":0.0},{"not_picked":["Combust","Clash"],"picked":"Rampage","floor":1.0},{"not_picked":["Second Wind","Warcry"],"picked":"Iron Wave","floor":2.0},{"not_picked":["Pommel Strike","Ghostly Armor"],"picked":"Metallicize","floor":3.0},{"not_picked":["Headbutt","Body Slam"],"picked":"Flame Barrier","floor":6.0},{"not_picked":["Twin Strike","Hemokinesis"],"picked":"Headbutt","floor":8.0},{"not_picked":["Rupture","Clash"],"picked":"Armaments","floor":10.0},{"not_picked":["Armaments","Havoc","Twin Strike"],"picked":"SKIP","floor":11.0},{"not_picked":["Shockwave","Offering"],"picked":"Clothesline","floor":14.0},{"not_picked":["Fiend Fire","Exhume"],"picked":"Reaper","floor":16.0},{"not_picked":["Shockwave","Twin Strike+1"],"picked":"Disarm","floor":18.0},{"not_picked":["Twin Strike","Clash","Sentinel"],"picked":"SKIP","floor":21.0},{"not_picked":["Clash","Headbutt"],"picked":"True Grit","floor":22.0}],"player_experience":132519,"relics_obtained":[{"floor":6.0,"key":"The Courier"},{"floor":9.0,"key":"Bottled Tornado"},{"floor":10.0,"key":"Blue Candle"}],"event_choices":[{"damage_healed":0.0,"max_hp_gain":0.0,"max_hp_loss":0.0,"gold_gain":0.0,"event_name":"Shining Light","player_choice":"Entered Light","floor":4.0,"gold_loss":0.0,"damage_taken":14.0,"cards_upgraded":["Metallicize","Strike_R"]},{"damage_healed":0.0,"max_hp_gain":0.0,"max_hp_loss":0.0,"gold_gain":75.0,"event_name":"World of Goop","player_choice":"Gather Gold","floor":5.0,"gold_loss":0.0,"damage_taken":11.0},{"damage_healed":0.0,"max_hp_gain":0.0,"max_hp_loss":0.0,"gold_gain":0.0,"cards_transformed":["Strike_R"],"event_name":"Transmorgrifier","player_choice":"Transformed","floor":20.0,"gold_loss":0.0,"damage_taken":0.0,"cards_obtained":["Rupture"]}],"is_beta":false,"boss_relics":[{"not_picked":["Black Blood","Ectoplasm"],"picked":"Cursed Key"}],"items_purged_floors":[13,19],"is_endless":false,"potions_floor_spawned":[1,3,8,14,16],"killed_by":"Gremlin Leader","ascension_level":9}