{"gold_per_floor":[320,13,13,23,42,42,62,80,80,97,97,27,37,50,50,147,147,158,172,185,199,199,199,232,232,232,245,245,245,245,245,245,342,342,355,190,201,201,217,217,244,256],"floor_reached":42,"playtime":1313,"items_purged":[],"score":486,"play_id":"69c0a7a5-70e2-41ec-87d5-0c6f239c8487","local_time":"20181223164408","is_ascension_mode":true,"campfire_choices":[{"data":"Carnage","floor":6.0,"key":"SMITH"},{"floor":15.0,"key":"REST"},{"floor":23.0,"key":"REST"},{"floor":28.0,"key":"REST"},{"data":"Limit Break","floor":30.0,"key":"SMITH"},{"floor":32.0,"key":"REST"},{"floor":40,"key":"REST"}],"neow_cost":"NO_GOLD","seed_source_timestamp":33319673038300,"circlet_count":0,"master_deck":["Strike_R+1","Strike_R+1","Strike_R+1","Strike_R+1","Defend_R+1","Defend_R+1","Defend_R+1","Defend_R+1","Bash","Carnage+1","Combust","Headbutt","Seeing Red","Impervious","Combust","Headbutt","Limit Break+1","Spot Weakness","Rampage","Flex+1","Shrug It Off+1","Decay","Exhume+1","Havoc+1","Apotheosis+1","Heavy Blade+1","True Grit+1","Rupture+1"],"special_seed":0,"relics":["Burning Blood","Old Coin","Pantograph","Question Card","Art of War","Happy Flower","Busted Crown","Du-Vu Doll","Toxic Egg 2","Sundial","Runic Pyramid","MawBank"],"potions_floor_usage":[39],"damage_taken":[{"damage":4.0,"enemies":"Small Slimes","floor":1.0,"turns":4.0},{"damage":6.0,"enemies":"Cultist","floor":4.0,"turns":3.0},{"damage":6.0,"enemies":"2 Louse","floor":5.0,"turns":3.0},{"damage":29.0,"enemies":"Gremlin Gang","floor":7.0,"turns":4.0},{"damage":10.0,"enemies":"Large Slime","floor":8.0,"turns":4.0},{"damage":16.0,"enemies":"Blue Slaver","floor":10.0,"turns":3.0},{"damage":20.0,"enemies":"3 Louse","floor":13.0,"turns":4.0},{"damage":0.0,"enemies":"Exordium Wildlife","floor":14.0,"turns":2.0},{"damage":67.0,"enemies":"The Guardian","floor":16.0,"turns":10.0},{"damage":25.0,"enemies":"Shell Parasite","floor":18.0,"turns":5.0},{"damage":8.0,"enemies":"3 Byrds","floor":19.0,"turns":3.0},{"damage":19.0,"enemies":"Snake Plant","floor":20.0,"turns":2.0},{"damage":29.0,"enemies":"Centurion and Healer","floor":21.0,"turns":6.0},{"damage":41.0,"enemies":"Gremlin Leader","floor":24.0,"turns":7.0},{"damage":20.0,"enemies":"Snecko","floor":27.0,"turns":4.0},{"damage":65,"enemies":"Automaton","floor":33,"turns":7},{"damage":9,"enemies":"3 Shapes","floor":35,"turns":4},{"damage":16,"enemies":"Orb Walker","floor":37,"turns":3},{"damage":20,"enemies":"Sphere and 2 Shapes","floor":39,"turns":3},{"damage":72,"enemies":"Giant Head","floor":41,"turns":8},{"damage":21,"enemies":"3 Darklings","floor":42,"turns":2}],"seed_played":"-5201938819734326522","potions_obtained":[{"floor":3.0,"key":"Regen Potion"},{"floor":3.0,"key":"GamblersBrew"},{"floor":3.0,"key":"Dexterity Potion"},{"floor":16.0,"key":"Regen Potion"},{"floor":18.0,"key":"AttackPotion"},{"floor":19.0,"key":"FearPotion"},{"floor":33,"key":"Explosive Potion"},{"floor":37,"key":"FearPotion"},{"floor":39,"key":"SteroidPotion"}],"is_trial":false,"path_per_floor":["M","$","?","M","M","R","M","M","T","M","T","?","M","M","R","B",null,"M","M","M","M","?","R","E","?","T","M","R","?","R","$","R","B",null,"M","$","M","?","M","R","E","M"],"character_chosen":"IRONCLAD","items_purchased":["Combust","Pantograph","Apotheosis+1"],"campfire_rested":5,"item_purchase_floors":[2,2,36],"current_hp_per_floor":[80,80,80,80,80,80,57,53,53,43,43,43,29,35,59,19,80,61,71,58,35,35,59,24,24,24,10,34,34,34,34,58,21,80,77,77,67,67,53,77,11,0],"gold":256,"neow_bonus":"ONE_RARE_RELIC","is_prod":false,"is_daily":false,"chose_seed":false,"campfire_upgraded":2,"win_rate":0,"timestamp":1545601448,"path_taken":["M","$","?","?","M","R","M","M","T","M","?","?","M","M","R","BOSS","M","M","M","?","?","R","E","?","T","M","R","?","R","$","R","BOSS","M","$","M","?","M","R","E","M"],"build_version":"2018-12-20","purchased_purges":0,"victory":false,"max_hp_per_floor":[80,80,80,80,80,80,80,80,80,80,80,80,80,80,80,80,80,80,80,80,80,80,80,80,80,80,80,80,80,80,80,80,80,80,80,80,80,80,80,80,80,80],"card_choices":[{"not_picked":["Wild Strike","Sword Boomerang"],"picked":"Carnage","floor":1.0},{"not_picked":["Cleave","Hemokinesis","Body Slam"],"picked":"SKIP","floor":4.0},{"not_picked":["Thunderclap","Carnage"],"picked":"Headbutt","floor":5.0},{"not_picked":["Twin Strike","Thunderclap","True Grit"],"picked":"SKIP","floor":7.0},{"not_picked":["Dropkick","Perfected Strike"],"picked":"Seeing Red","floor":8.0},{"not_picked":["Iron Wave","Inflame","Infernal Blade"],"picked":"Impervious","floor":10.0},{"not_picked":["Heavy Blade","Dual Wield","Flex"],"picked":"Combust","floor":13.0},{"not_picked":["Sword Boomerang","Inflame","Heavy Blade"],"picked":"Headbutt","floor":14.0},{"not_picked":["Impervious","Berserk","Brutality"],"picked":"Limit Break","floor":16.0},{"not_picked":["Intimidate"],"picked":"Spot Weakness","floor":18.0},{"not_picked":["Warcry","Sword Boomerang"],"picked":"SKIP","floor":19.0},{"not_picked":["Sever Soul+1"],"picked":"Rampage","floor":20.0},{"not_picked":["Body Slam"],"picked":"Flex+1","floor":21.0},{"not_picked":["Pommel Strike","Clash"],"picked":"SKIP","floor":24.0},{"not_picked":["Sentinel+1"],"picked":"Shrug It Off+1","floor":27.0},{"not_picked":["Bludgeon"],"picked":"Exhume+1","floor":33},{"not_picked":["Seeing Red+1"],"picked":"Havoc+1","floor":35},{"not_picked":["Burning Pact+1"],"picked":"Heavy Blade+1","floor":37},{"not_picked":["Anger"],"picked":"True Grit+1","floor":39},{"not_picked":["Disarm+1"],"picked":"Rupture+1","floor":41}],"player_experience":323805,"relics_obtained":[{"floor":9.0,"key":"Question Card"},{"floor":11.0,"key":"Art of War"},{"floor":24.0,"key":"Toxic Egg 2"},{"floor":26.0,"key":"Sundial"},{"floor":41,"key":"MawBank"}],"event_choices":[{"damage_healed":0.0,"max_hp_gain":0.0,"max_hp_loss":0.0,"gold_gain":0.0,"event_name":"Lab","player_choice":"Got Potions","floor":3.0,"gold_loss":0.0,"damage_taken":0.0},{"damage_healed":0.0,"max_hp_gain":0.0,"max_hp_loss":0.0,"gold_gain":0.0,"event_name":"WeMeetAgain","player_choice":"Paid Gold","floor":12.0,"gold_loss":70.0,"damage_taken":0.0,"relics_obtained":["Happy Flower"]},{"damage_healed":0.0,"max_hp_gain":0.0,"max_hp_loss":0.0,"gold_gain":0.0,"event_name":"The Mausoleum","player_choice":"Opened","floor":22.0,"gold_loss":0.0,"damage_taken":0.0,"relics_obtained":["Du-Vu Doll"]},{"damage_healed":0.0,"max_hp_gain":0.0,"max_hp_loss":0.0,"gold_gain":0.0,"event_name":"Back to Basics","player_choice":"Simplicity","floor":25.0,"gold_loss":0.0,"damage_taken":0.0,"cards_upgraded":["Strike_R","Strike_R","Strike_R","Strike_R","Strike_R","Defend_R","Defend_R","Defend_R","Defend_R"]},{"damage_healed":0.0,"max_hp_gain":0.0,"max_hp_loss":0.0,"gold_gain":0.0,"event_name":"Forgotten Altar","player_choice":"Smashed Altar","floor":29.0,"gold_loss":0.0,"damage_taken":0.0,"cards_obtained":["Decay"]},{"cards_removed":["Strike_R"],"damage_healed":0,"gold_gain":0,"player_choice":"Removed Attack","damage_taken":0,"max_hp_gain":0,"max_hp_loss":0,"event_name":"Falling","floor":38,"gold_loss":0}],"is_beta":false,"boss_relics":[{"not_picked":["Sozu","Mark of Pain"],"picked":"Busted Crown"},{"not_picked":["Coffee Dripper","Orrery"],"picked":"Runic Pyramid"}],"items_purged_floors":[],"is_endless":false,"potions_floor_spawned":[4,5,10,16,18,19,33,37,39],"killed_by":"3 Darklings","ascension_level":2}