{"gold_per_floor":[110,110,110,110,125,161,174,208,208,208,221,259,284,298,298,394,394,394],"floor_reached":18,"playtime":586,"items_purged":[],"score":414,"play_id":"f70b3640-5f67-45c9-bc32-4de9d849d522","local_time":"20190417222533","is_ascension_mode":true,"campfire_choices":[{"data":"Defragment","floor":10.0,"key":"SMITH"},{"data":"White Noise","floor":15,"key":"SMITH"}],"neow_cost":"NONE","seed_source_timestamp":27851248630212,"circlet_count":0,"master_deck":["AscendersBane","Zap","Dualcast","Defragment+1","Ball Lightning","Sunder","Leap","White Noise+1","Go for the Eyes","Auto Shields","Undo","Creative AI","Echo Form","Streamline","Cold Snap","Rainbow","Buffer","Defragment","Stack","Creative AI"],"special_seed":0,"relics":["Cracked Core","NeowsBlessing","Pantograph","Golden Idol","Unceasing Top","Oddly Smooth Stone","Calipers","Centennial Puzzle","Pandora\u0027s Box"],"potions_floor_usage":[16],"damage_taken":[{"damage":0.0,"enemies":"Jaw Worm","floor":1.0,"turns":1.0},{"damage":0.0,"enemies":"Small Slimes","floor":5.0,"turns":1.0},{"damage":0.0,"enemies":"Gremlin Nob","floor":6.0,"turns":1.0},{"damage":0.0,"enemies":"Cultist","floor":7.0,"turns":3.0},{"damage":6.0,"enemies":"3 Sentries","floor":8.0,"turns":5.0},{"damage":14,"enemies":"Lots of Slimes","floor":11,"turns":4},{"damage":13,"enemies":"Lagavulin","floor":12,"turns":6},{"damage":1,"enemies":"Blue Slaver","floor":13,"turns":3},{"damage":0,"enemies":"2 Fungi Beasts","floor":14,"turns":4},{"damage":26,"enemies":"Hexaghost","floor":16,"turns":11},{"damage":20,"enemies":"3 Byrds","floor":18,"turns":3}],"seed_played":"-1974503294534504303","potions_obtained":[{"floor":1.0,"key":"AttackPotion"},{"floor":4.0,"key":"Explosive Potion"},{"floor":12,"key":"Swift Potion"}],"is_trial":false,"path_per_floor":["M","?","?","?","M","E","M","E","T","R","M","E","M","M","R","B",null,"M"],"character_chosen":"DEFECT","items_purchased":[],"campfire_rested":0,"item_purchase_floors":[],"current_hp_per_floor":[64,53,53,53,53,53,53,47,47,47,33,20,19,19,19,18,53,33],"gold":394,"neow_bonus":"THREE_ENEMY_KILL","is_prod":false,"is_daily":false,"chose_seed":false,"campfire_upgraded":2,"win_rate":0,"timestamp":1555532733,"path_taken":["M","?","?","?","?","E","M","E","T","R","M","E","M","M","R","BOSS","M"],"build_version":"2019-04-04","purchased_purges":0,"victory":false,"max_hp_per_floor":[71,71,64,64,64,64,64,64,64,64,64,64,64,64,64,64,64,64],"card_choices":[{"not_picked":["Rip and Tear","Rebound"],"picked":"Defragment","floor":1.0},{"not_picked":["Sweeping Beam","Go for the Eyes"],"picked":"Ball Lightning","floor":5.0},{"not_picked":["Consume","Hello World"],"picked":"Sunder","floor":6.0},{"not_picked":["Rebound","Scrape"],"picked":"Leap","floor":7.0},{"not_picked":["Gash","Aggregate"],"picked":"White Noise","floor":8.0},{"not_picked":["Redo","Hyperbeam"],"picked":"Go for the Eyes","floor":11},{"not_picked":["Rip and Tear","Double Energy"],"picked":"Auto Shields","floor":12},{"not_picked":["Go for the Eyes","Ball Lightning"],"picked":"Undo","floor":13},{"not_picked":["Rip and Tear","Redo","Streamline"],"picked":"SKIP","floor":14},{"not_picked":["Rainbow","Reboot"],"picked":"Creative AI","floor":16}],"player_experience":1152596,"relics_obtained":[{"floor":6.0,"key":"Unceasing Top"},{"floor":8.0,"key":"Oddly Smooth Stone"},{"floor":9.0,"key":"Calipers"},{"floor":12,"key":"Centennial Puzzle"}],"event_choices":[{"damage_healed":0.0,"max_hp_gain":0.0,"max_hp_loss":0.0,"gold_gain":0.0,"event_name":"Scrap Ooze","player_choice":"Success","floor":2.0,"gold_loss":0.0,"damage_taken":11.0,"relics_obtained":["Pantograph"]},{"damage_healed":0.0,"max_hp_gain":0.0,"max_hp_loss":7.0,"gold_gain":0.0,"event_name":"Golden Idol","player_choice":"Lose Max HP","floor":3.0,"gold_loss":0.0,"damage_taken":0.0,"relics_obtained":["Golden Idol"]},{"damage_healed":0.0,"max_hp_gain":0.0,"max_hp_loss":0.0,"gold_gain":0.0,"event_name":"Lab","player_choice":"Got Potions","floor":4.0,"gold_loss":0.0,"damage_taken":0.0}],"is_beta":true,"boss_relics":[{"not_picked":["Velvet Choker","Eternal Feather"],"picked":"Pandora\u0027s Box"}],"items_purged_floors":[],"is_endless":false,"potions_floor_spawned":[1,7,12],"killed_by":"3 Byrds","ascension_level":20}