{"gold_per_floor":[114,114,132,32,50,50,67,67,97,117,192,215,241,255,255,360,360,379,389,389,389,59,59,59,78,103,114,133,15,29,45,45,140,140,155,168,168,168,179,179,14,14,38,56,76,76,176,176,176,176],"floor_reached":51,"playtime":7018,"items_purged":["Strike_R","Strike_R","Strike_R","Writhe"],"score":616,"play_id":"0b2e91a9-6967-4e9b-8898-869b724771f2","local_time":"20190301183340","is_ascension_mode":false,"campfire_choices":[{"data":"Twin Strike","floor":6,"key":"SMITH"},{"data":"Metallicize","floor":8,"key":"SMITH"},{"data":"Flame Barrier","floor":15,"key":"SMITH"},{"data":"Body Slam","floor":23,"key":"SMITH"},{"data":"Flame Barrier","floor":32,"key":"SMITH"},{"floor":40,"key":"REST"},{"data":"Brutality","floor":42,"key":"SMITH"},{"floor":46,"key":"REST"},{"floor":49,"key":"REST"}],"neow_cost":"TEN_PERCENT_HP_LOSS","seed_source_timestamp":263116603870221,"circlet_count":0,"master_deck":["Strike_R","Strike_R","Defend_R","Defend_R","Defend_R","Defend_R","Bash","Brutality+1","Clash","Twin Strike+1","Flex","Heavy Blade","Metallicize+1","Headbutt","Flame Barrier+1","Rupture","Double Tap","Body Slam+1","Flame Barrier+1","Shrug It Off","Shockwave","True Grit+1","Infernal Blade","Entrench","Cleave","Flex+1","True Grit+1","Warcry+1","Secret Technique","Blind","Shockwave+1","Flash of Steel","Shrug It Off","Intimidate+1","Pommel Strike+1"],"relics":["Burning Blood","Tiny Chest","Odd Mushroom","Regal Pillow","Velvet Choker","MutagenicStrength","Anchor","Smiling Mask","Lizard Tail","Happy Flower","Gambling Chip","Letter Opener"],"potions_floor_usage":[39,50,50],"damage_taken":[{"damage":0,"enemies":"2 Louse","floor":1,"turns":3},{"damage":1,"enemies":"Small Slimes","floor":3,"turns":4},{"damage":6,"enemies":"Jaw Worm","floor":5,"turns":3},{"damage":3,"enemies":"2 Fungi Beasts","floor":7,"turns":3},{"damage":9,"enemies":"3 Louse","floor":10,"turns":3},{"damage":16,"enemies":"The Mushroom Lair","floor":12,"turns":4},{"damage":0,"enemies":"Exordium Wildlife","floor":14,"turns":3},{"damage":36,"enemies":"The Guardian","floor":16,"turns":11},{"damage":9,"enemies":"3 Byrds","floor":18,"turns":5},{"damage":0,"enemies":"Chosen","floor":19,"turns":3},{"damage":23,"enemies":"Sentry and Sphere","floor":25,"turns":7},{"damage":7,"enemies":"Snecko","floor":27,"turns":3},{"damage":4,"enemies":"Centurion and Healer","floor":28,"turns":5},{"damage":9,"enemies":"3 Cultists","floor":30,"turns":6},{"damage":0,"enemies":"Cultist and Chosen","floor":31,"turns":4},{"damage":43,"enemies":"Champ","floor":33,"turns":12},{"damage":14,"enemies":"3 Shapes","floor":35,"turns":4},{"damage":29,"enemies":"3 Darklings","floor":36,"turns":7},{"damage":105,"enemies":"Sphere and 2 Shapes","floor":39,"turns":8},{"damage":25,"enemies":"Maw","floor":44,"turns":8},{"damage":12,"enemies":"Jaw Worm Horde","floor":45,"turns":6},{"damage":17,"enemies":"Mind Bloom Boss Battle","floor":47,"turns":9},{"damage":60,"enemies":"Time Eater","floor":50,"turns":12}],"seed_played":"223964795119256918","potions_obtained":[{"floor":3,"key":"SteroidPotion"},{"floor":5,"key":"PowerPotion"},{"floor":10,"key":"EssenceOfSteel"},{"floor":12,"key":"BloodPotion"},{"floor":39,"key":"Fire Potion"}],"is_trial":false,"path_per_floor":["?","?","?","T","M","?","?","?","M","?","?","?","T"],"character_chosen":"IRONCLAD","items_purchased":["Flex","Shockwave","Anchor","Entrench","Flash of Steel","Shrug It Off"],"campfire_rested":3,"item_purchase_floors":[4,22,22,29,41,41],"current_hp_per_floor":[72,77,77,77,77,77,77,77,77,74,63,53,53,59,59,29,77,74,77,77,77,77,77,77,60,60,59,61,61,58,64,64,27,77,69,46,65,60,14,52,52,52,52,33,27,65,54,54,77,23],"gold":176,"neow_bonus":"THREE_RARE_CARDS","is_prod":false,"is_daily":false,"chose_seed":false,"campfire_upgraded":6,"win_rate":0.0,"timestamp":1551465220,"path_taken":["M","?","M","$","M","R","M","R","T","M","?","?","?","?","R","BOSS","M","M","?","?","$","R","?","?","T","M","M","$","M","M","R","BOSS","M","M","?","?","M","R","$","R","T","M","M","R","?","?","R","BOSS"],"build_version":"2019-01-23","purchased_purges":4,"victory":true,"max_hp_per_floor":[72,77,77,77,77,77,77,77,77,77,77,77,77,77,77,77,77,77,77,77,77,77,77,77,77,77,77,77,77,77,77,77,77,77,77,77,77,77,77,77,77,77,77,77,77,77,77,77,77,77],"card_choices":[{"not_picked":["Double Tap","Fiend Fire"],"picked":"Brutality","floor":0},{"not_picked":["True Grit","Searing Blow"],"picked":"Clash","floor":1},{"not_picked":["Pommel Strike","Reckless Charge"],"picked":"Twin Strike","floor":3},{"not_picked":["Anger","Seeing Red"],"picked":"Heavy Blade","floor":5},{"not_picked":["Bloodletting","Thunderclap"],"picked":"Metallicize","floor":7},{"not_picked":["Ghostly Armor","Dark Embrace"],"picked":"Headbutt","floor":10},{"not_picked":["Feel No Pain","Fire Breathing"],"picked":"Flame Barrier","floor":12},{"not_picked":["Twin Strike","Power Through"],"picked":"Rupture","floor":14},{"not_picked":["Juggernaut","Limit Break"],"picked":"Double Tap","floor":16},{"not_picked":["Perfected Strike+1","Reckless Charge"],"picked":"Body Slam","floor":18},{"not_picked":["Spot Weakness","Power Through"],"picked":"Flame Barrier","floor":19},{"not_picked":["Heavy Blade","Perfected Strike+1","Clothesline"],"picked":"SKIP","floor":25},{"not_picked":["Thunderclap","Twin Strike"],"picked":"True Grit+1","floor":27},{"not_picked":["Thunderclap","Anger"],"picked":"Infernal Blade","floor":28},{"not_picked":["Fiend Fire","Carnage"],"picked":"Cleave","floor":30},{"not_picked":["Cleave+1","Seeing Red+1"],"picked":"Flex+1","floor":31},{"not_picked":["Thunderclap","Uppercut"],"picked":"True Grit+1","floor":35},{"not_picked":["Dual Wield+1","True Grit+1"],"picked":"Warcry+1","floor":36},{"not_picked":["Purity","The Bomb"],"picked":"Secret Technique","floor":38},{"not_picked":["Mayhem","Mind Blast"],"picked":"Blind","floor":38},{"not_picked":["Carnage","Flex"],"picked":"Shockwave+1","floor":39},{"not_picked":["Second Wind","Uppercut"],"picked":"Intimidate+1","floor":44},{"not_picked":["Twin Strike+1","Iron Wave","Searing Blow+1"],"picked":"SKIP","floor":45},{"not_picked":["Bloodletting","Armaments+1"],"picked":"Pommel Strike+1","floor":47}],"player_experience":42435,"relics_obtained":[{"floor":9,"key":"Tiny Chest"},{"floor":12,"key":"Odd Mushroom"},{"floor":13,"key":"Regal Pillow"},{"floor":26,"key":"Smiling Mask"},{"floor":43,"key":"Happy Flower"},{"floor":47,"key":"Gambling Chip"},{"floor":48,"key":"Letter Opener"}],"event_choices":[{"damage_healed":0,"gold_gain":0,"player_choice":"Donut","damage_taken":0,"max_hp_gain":5,"max_hp_loss":0,"event_name":"Big Fish","floor":2,"gold_loss":0},{"damage_healed":0,"gold_gain":75,"player_choice":"Gather Gold","damage_taken":11,"max_hp_gain":0,"max_hp_loss":0,"event_name":"World of Goop","floor":11,"gold_loss":0},{"damage_healed":0,"gold_gain":0,"player_choice":"Fought Mushrooms","damage_taken":0,"max_hp_gain":0,"max_hp_loss":0,"event_name":"Mushrooms","floor":12,"gold_loss":0},{"damage_healed":0,"gold_gain":0,"player_choice":"Inject Mutagens","damage_taken":0,"relics_obtained":["MutagenicStrength"],"max_hp_gain":0,"max_hp_loss":0,"event_name":"Drug Dealer","floor":20,"gold_loss":0},{"damage_healed":0,"gold_gain":0,"player_choice":"Read","damage_taken":0,"max_hp_gain":0,"max_hp_loss":0,"event_name":"The Library","floor":21,"gold_loss":0,"cards_obtained":["Shrug It Off"]},{"damage_healed":0,"gold_gain":0,"player_choice":"Ignored","damage_taken":0,"max_hp_gain":0,"max_hp_loss":0,"event_name":"Ghosts","floor":24,"gold_loss":0},{"damage_healed":19,"gold_gain":0,"player_choice":"Writhe","damage_taken":0,"max_hp_gain":0,"max_hp_loss":0,"event_name":"Winding Halls","floor":37,"gold_loss":0,"cards_obtained":["Writhe"]},{"damage_healed":0,"gold_gain":0,"player_choice":"Memory 2","damage_taken":5,"max_hp_gain":0,"max_hp_loss":0,"event_name":"SensoryStone","floor":38,"gold_loss":0},{"damage_healed":0,"gold_gain":0,"player_choice":"Fight","damage_taken":0,"max_hp_gain":0,"max_hp_loss":0,"event_name":"MindBloom","floor":47,"gold_loss":0}],"is_beta":false,"boss_relics":[{"not_picked":["Runic Dome","White Beast Statue"],"picked":"Velvet Choker"},{"not_picked":["Sozu","Orrery"],"picked":"Lizard Tail"}],"items_purged_floors":[4,22,29,41],"is_endless":false,"potions_floor_spawned":[3,5,10,12,18,25,31,33,36,39,45],"ascension_level":0}