{"gold_per_floor":[118,135,153,153,153,153,164,164,164,191,191,218,218,234,234,234],"floor_reached":16,"playtime":757,"items_purged":[],"score":116,"play_id":"7aa8eb29-b042-4400-9597-0012937a0c83","local_time":"20181027115736","is_ascension_mode":true,"campfire_choices":[{"data":"Body Slam","floor":6,"key":"SMITH"},{"data":"Ghostly Armor","floor":8,"key":"SMITH"},{"data":"Seeing Red","floor":11,"key":"SMITH"},{"floor":15,"key":"REST"}],"neow_cost":"NONE","seed_source_timestamp":4715264329200,"circlet_count":0,"master_deck":["Strike_R+1","Strike_R","Strike_R+1","Strike_R+1","Strike_R","Defend_R","Defend_R","Defend_R","Defend_R","Bash","Shrug It Off","Entrench+1","Body Slam+1","Sever Soul+1","Ghostly Armor+1","Seeing Red+1","Iron Wave","Infernal Blade"],"relics":["Burning Blood","Blue Candle","Pear","Orichalcum","Whetstone"],"potions_floor_usage":[12,16,16],"damage_taken":[{"damage":0,"enemies":"2 Louse","floor":1,"turns":5},{"damage":5,"enemies":"Jaw Worm","floor":2,"turns":4},{"damage":0,"enemies":"Small Slimes","floor":3,"turns":5},{"damage":19,"enemies":"Exordium Wildlife","floor":7,"turns":9},{"damage":24,"enemies":"3 Sentries","floor":10,"turns":11},{"damage":44,"enemies":"Lagavulin","floor":12,"turns":11},{"damage":0,"enemies":"Blue Slaver","floor":14,"turns":3},{"damage":39,"enemies":"Slime Boss","floor":16,"turns":12}],"seed_played":"1281997015833130800","potions_obtained":[{"floor":3,"key":"BloodPotion"},{"floor":7,"key":"Energy Potion"},{"floor":14,"key":"SpeedPotion"}],"is_trial":false,"path_per_floor":["M","M","M","?","?","R","M","R","T","E","R","E","?","M","R"],"character_chosen":"IRONCLAD","items_purchased":[],"campfire_rested":1,"item_purchase_floors":[],"current_hp_per_floor":[80,80,80,80,73,73,60,60,70,52,52,23,5,11,38,0],"gold":234,"neow_bonus":"THREE_CARDS","is_prod":false,"is_daily":false,"chose_seed":false,"campfire_upgraded":3,"win_rate":0,"timestamp":1540655856,"path_taken":["M","M","M","?","?","R","M","R","T","E","R","E","?","M","R","BOSS"],"build_version":"2018-10-25v2","purchased_purges":0,"victory":false,"max_hp_per_floor":[80,80,80,80,80,80,80,80,90,90,90,90,90,90,90,90],"card_choices":[{"not_picked":["Twin Strike","Thunderclap"],"picked":"Shrug It Off","floor":0},{"not_picked":["Shrug It Off","Havoc"],"picked":"Entrench","floor":1},{"not_picked":["Shrug It Off","Perfected Strike"],"picked":"Body Slam","floor":2},{"not_picked":["Clash","Warcry"],"picked":"Sever Soul","floor":3},{"not_picked":["Reckless Charge","Cleave"],"picked":"Ghostly Armor","floor":7},{"not_picked":["Burning Pact","Cleave"],"picked":"Seeing Red","floor":10},{"not_picked":["Sentinel","Sword Boomerang"],"picked":"Iron Wave","floor":12},{"not_picked":["Rage","Fire Breathing"],"picked":"Infernal Blade","floor":14}],"player_experience":251733,"relics_obtained":[{"floor":9,"key":"Pear"},{"floor":10,"key":"Orichalcum"},{"floor":12,"key":"Whetstone"}],"event_choices":[{"damage_healed":0,"gold_gain":0,"player_choice":"Grow","damage_taken":0,"max_hp_gain":0,"max_hp_loss":0,"event_name":"Living Wall","floor":4,"gold_loss":0,"cards_upgraded":["Entrench"]},{"damage_healed":0,"gold_gain":0,"player_choice":"Success","damage_taken":7,"relics_obtained":["Blue Candle"],"max_hp_gain":0,"max_hp_loss":0,"event_name":"Scrap Ooze","floor":5,"gold_loss":0},{"damage_healed":0,"gold_gain":0,"player_choice":"Entered Light","damage_taken":18,"max_hp_gain":0,"max_hp_loss":0,"event_name":"Shining Light","floor":13,"gold_loss":0,"cards_upgraded":["Strike_R","Strike_R"]}],"is_beta":true,"boss_relics":[],"items_purged_floors":[],"is_endless":false,"potions_floor_spawned":[3,7,14],"killed_by":"Slime Boss","ascension_level":1}