{"gold_per_floor":[361,374,374,389,5,5,32,45,114,39,39,39,82,13,13,108,108,128,148,98,122,143,143,181,181,232,247,247,281,34,53,53,53],"floor_reached":33,"playtime":2120,"items_purged":["Strike_G","Strike_G","Strike_G"],"score":590,"play_id":"daca9555-c8ad-4238-beb9-5443234eaa31","local_time":"20190422165535","is_ascension_mode":true,"campfire_choices":[{"data":"Die Die Die","floor":6,"key":"SMITH"},{"data":"Corpse Explosion","floor":11,"key":"SMITH"},{"data":"Catalyst","floor":15,"key":"SMITH"},{"floor":23,"key":"REST"},{"floor":25,"key":"REST"},{"floor":32,"key":"REST"}],"neow_cost":"TEN_PERCENT_HP_LOSS","seed_source_timestamp":363294392035775,"circlet_count":0,"master_deck":["AscendersBane","Defend_G","Defend_G","Defend_G","Defend_G","Defend_G","Strike_G","Strike_G","Survivor","Neutralize","Deadly Poison+1","Choke","Calculated Gamble","Footwork","Leg Sweep","Die Die Die+1","Calculated Gamble","Backflip","Corpse Explosion+1","Catalyst+1","Well Laid Plans","PiercingWail","Backflip","Calculated Gamble+1","Backflip","Well Laid Plans","Caltrops"],"relics":["Ring of the Snake","Membership Card","Incense Burner","Mummified Hand","Golden Idol","Omamori","Runic Pyramid","Smiling Mask","Snake Skull","Sundial","Centennial Puzzle","MealTicket"],"potions_floor_usage":[13,13,21,31,33],"damage_taken":[{"damage":0,"enemies":"Small Slimes","floor":1,"turns":4},{"damage":1,"enemies":"Cultist","floor":2,"turns":4},{"damage":0,"enemies":"Jaw Worm","floor":4,"turns":5},{"damage":5,"enemies":"Lagavulin","floor":7,"turns":8},{"damage":0,"enemies":"Red Slaver","floor":8,"turns":5},{"damage":34,"enemies":"Gremlin Nob","floor":13,"turns":4},{"damage":13,"enemies":"Slime Boss","floor":16,"turns":5},{"damage":0,"enemies":"3 Byrds","floor":18,"turns":3},{"damage":0,"enemies":"2 Thieves","floor":19,"turns":2},{"damage":26,"enemies":"Cultist and Chosen","floor":21,"turns":8},{"damage":15,"enemies":"Sentry and Sphere","floor":22,"turns":9},{"damage":12,"enemies":"Book of Stabbing","floor":24,"turns":5},{"damage":1,"enemies":"Shelled Parasite and Fungi","floor":27,"turns":3},{"damage":9,"enemies":"Slavers","floor":29,"turns":2},{"damage":0,"enemies":"Chosen and Byrds","floor":31,"turns":3},{"damage":41,"enemies":"Collector","floor":33,"turns":6}],"seed_played":"-2330691800431143628","potions_obtained":[{"floor":1,"key":"LiquidBronze"},{"floor":2,"key":"Fire Potion"},{"floor":4,"key":"Strength Potion"},{"floor":7,"key":"Poison Potion"},{"floor":19,"key":"Weak Potion"},{"floor":22,"key":"Fire Potion"},{"floor":27,"key":"SkillPotion"},{"floor":31,"key":"Block Potion"}],"is_trial":false,"path_per_floor":["?","$","?","?","M","?"],"character_chosen":"THE_SILENT","items_purchased":["Membership Card","Footwork","Leg Sweep","Die Die Die","Corpse Explosion","Well Laid Plans","Centennial Puzzle","MealTicket"],"campfire_rested":3,"item_purchase_floors":[5,5,5,5,10,14,30,30],"current_hp_per_floor":[59,58,58,58,58,58,53,53,53,53,53,53,19,19,19,6,42,42,42,42,16,1,17,5,21,21,20,20,11,11,11,27,0],"gold":53,"neow_bonus":"TWO_FIFTY_GOLD","is_prod":false,"is_daily":false,"chose_seed":false,"campfire_upgraded":3,"win_rate":0,"timestamp":1555941335,"path_taken":["M","M","?","M","?","R","E","M","T","$","R","?","E","$","R","BOSS","M","M","?","M","M","R","E","R","T","?","?","E","$","M","R","BOSS"],"build_version":"2019-01-23","purchased_purges":3,"victory":false,"max_hp_per_floor":[60,60,60,60,60,60,60,60,60,60,60,54,54,54,54,54,54,54,54,54,54,54,54,54,54,54,54,54,54,54,54,54,54],"card_choices":[{"not_picked":["Deflect","Blade Dance"],"picked":"Deadly Poison","floor":1},{"not_picked":["All Out Attack","Acrobatics"],"picked":"Choke","floor":2},{"not_picked":["Outmaneuver","Deflect"],"picked":"Calculated Gamble","floor":4},{"not_picked":["Flying Knee","Slice"],"picked":"Calculated Gamble","floor":7},{"not_picked":["Dagger Spray","Leg Sweep"],"picked":"Backflip","floor":8},{"not_picked":["Dagger Throw","Unload"],"picked":"Catalyst","floor":13},{"not_picked":["Acrobatics","Deadly Poison"],"picked":"PiercingWail","floor":18},{"not_picked":["Escape Plan","Heel Hook+1"],"picked":"Backflip","floor":19},{"not_picked":["Dagger Spray","Outmaneuver"],"picked":"Calculated Gamble+1","floor":21},{"not_picked":["Doppelganger","Underhanded Strike"],"picked":"Backflip","floor":22},{"not_picked":["Bane+1","Finisher+1","Concentrate"],"picked":"SKIP","floor":24},{"not_picked":["Prepared","Poisoned Stab"],"picked":"Well Laid Plans","floor":27},{"not_picked":["Dagger Spray","Poisoned Stab"],"picked":"Caltrops","floor":29},{"not_picked":["Expertise","Endless Agony","Dagger Spray"],"picked":"SKIP","floor":31}],"player_experience":1806081,"relics_obtained":[{"floor":7,"key":"Incense Burner"},{"floor":9,"key":"Mummified Hand"},{"floor":13,"key":"Omamori"},{"floor":24,"key":"Smiling Mask"},{"floor":26,"key":"Snake Skull"},{"floor":29,"key":"Sundial"}],"event_choices":[{"damage_healed":0,"gold_gain":0,"player_choice":"Upgraded","damage_taken":0,"max_hp_gain":0,"max_hp_loss":0,"event_name":"Upgrade Shrine","floor":3,"gold_loss":0,"cards_upgraded":["Deadly Poison"]},{"damage_healed":0,"gold_gain":0,"player_choice":"Lose Max HP","damage_taken":0,"relics_obtained":["Golden Idol"],"max_hp_gain":0,"max_hp_loss":6,"event_name":"Golden Idol","floor":12,"gold_loss":0},{"damage_healed":0,"gold_gain":0,"player_choice":"Bet on Murderer","damage_taken":0,"max_hp_gain":0,"max_hp_loss":0,"event_name":"The Joust","floor":20,"gold_loss":50},{"damage_healed":0,"gold_gain":0,"player_choice":"0 cards matched","damage_taken":0,"max_hp_gain":0,"max_hp_loss":0,"event_name":"Match and Keep!","floor":28,"gold_loss":0,"cards_obtained":[]}],"is_beta":false,"boss_relics":[{"not_picked":["Orrery","Eternal Feather"],"picked":"Runic Pyramid"}],"items_purged_floors":[5,14,30],"is_endless":false,"potions_floor_spawned":[1,2,4,7,19,22,27,29,31],"killed_by":"Collector","ascension_level":20}