{"gold_per_floor":[117,135,135,150,150,150,189,214,214,214],"floor_reached":10,"playtime":324,"items_purged":[],"score":136,"play_id":"b793c778-2d65-4af0-842f-85033aef570d","local_time":"20190414164451","is_ascension_mode":true,"campfire_choices":[{"data":"Defragment","floor":6.0,"key":"SMITH"}],"neow_cost":"NONE","seed_source_timestamp":1924008964608,"circlet_count":0,"master_deck":["AscendersBane","Strike_B","Strike_B","Strike_B","Strike_B","Defend_B","Defend_B","Defend_B","Defend_B","Zap","Dualcast","Conserve Battery","BootSequence","Defragment+1","Sunder","Genetic Algorithm"],"special_seed":0,"relics":["Cracked Core","NeowsBlessing","Golden Idol","Girya","Prayer Wheel"],"potions_floor_usage":[7],"damage_taken":[{"damage":0.0,"enemies":"Cultist","floor":1.0,"turns":1.0},{"damage":0.0,"enemies":"2 Louse","floor":2.0,"turns":1.0},{"damage":0.0,"enemies":"Jaw Worm","floor":4.0,"turns":1.0},{"damage":25,"enemies":"Lagavulin","floor":7,"turns":8},{"damage":4,"enemies":"Red Slaver","floor":8,"turns":3},{"damage":56,"enemies":"Gremlin Nob","floor":10,"turns":4}],"seed_played":"4112948866004453652","potions_obtained":[{"floor":4.0,"key":"AttackPotion"}],"is_trial":false,"path_per_floor":["M","M","?","M","?","R","E","M","T","E"],"character_chosen":"DEFECT","items_purchased":[],"campfire_rested":0,"item_purchase_floors":[],"current_hp_per_floor":[64,64,64,64,64,64,39,35,35,0],"gold":214,"neow_bonus":"THREE_ENEMY_KILL","is_prod":false,"is_daily":false,"chose_seed":false,"campfire_upgraded":1,"win_rate":0,"timestamp":1555253091,"path_taken":["M","M","?","M","?","R","E","M","T","E"],"build_version":"2019-04-04","purchased_purges":0,"victory":false,"max_hp_per_floor":[71,71,71,71,64,64,64,64,64,64],"card_choices":[{"not_picked":["Steam Power","Streamline"],"picked":"Conserve Battery","floor":1.0},{"not_picked":["Ball Lightning","Coolheaded"],"picked":"BootSequence","floor":2.0},{"not_picked":["Amplify","Hologram"],"picked":"Defragment","floor":4.0},{"not_picked":["Turbo","Ball Lightning"],"picked":"Sunder","floor":7},{"not_picked":["Auto Shields","Compile Driver"],"picked":"Genetic Algorithm","floor":8}],"player_experience":1129383,"relics_obtained":[{"floor":7,"key":"Girya"},{"floor":9,"key":"Prayer Wheel"}],"event_choices":[{"damage_healed":0.0,"max_hp_gain":0.0,"max_hp_loss":0.0,"gold_gain":0.0,"event_name":"Shining Light","player_choice":"Ignored","floor":3.0,"gold_loss":0.0,"damage_taken":0.0},{"damage_healed":0.0,"max_hp_gain":0.0,"max_hp_loss":7.0,"gold_gain":0.0,"event_name":"Golden Idol","player_choice":"Lose Max HP","floor":5.0,"gold_loss":0.0,"damage_taken":0.0,"relics_obtained":["Golden Idol"]}],"is_beta":true,"boss_relics":[],"items_purged_floors":[],"is_endless":false,"potions_floor_spawned":[4],"killed_by":"Gremlin Nob","ascension_level":20}