{"gold_per_floor":[114,114,132,132,57,71,84,132,132,149,163,63,13,30,30,30],"floor_reached":16,"playtime":327,"items_purged":["Defend_R","Strike_R"],"score":94,"play_id":"14c93978-babb-4b7e-96d6-91a57a73dd15","local_time":"20190208163214","is_ascension_mode":false,"campfire_choices":[{"floor":15,"key":"REST"}],"neow_cost":"NONE","seed_source_timestamp":11086247505300,"circlet_count":0,"master_deck":["Strike_R","Strike_R","Strike_R","Defend_R","Defend_R","Defend_R","Bash","Searing Blow"],"relics":["Burning Blood","Pen Nib","Happy Flower","Dream Catcher","Blue Candle"],"potions_floor_usage":[16,16],"damage_taken":[{"damage":17,"enemies":"Small Slimes","floor":1,"turns":3},{"damage":6,"enemies":"Jaw Worm","floor":3,"turns":2},{"damage":6,"enemies":"Cultist","floor":6,"turns":3},{"damage":16,"enemies":"Red Slaver","floor":7,"turns":3},{"damage":15,"enemies":"3 Louse","floor":10,"turns":3},{"damage":8,"enemies":"Exordium Wildlife","floor":11,"turns":4},{"damage":33,"enemies":"Exordium Thugs","floor":14,"turns":4},{"damage":53,"enemies":"Hexaghost","floor":16,"turns":9}],"seed_played":"-1307255967707942830","potions_obtained":[{"floor":7,"key":"FairyPotion"},{"floor":11,"key":"Poison Potion"},{"floor":14,"key":"Weak Potion"}],"is_trial":false,"path_per_floor":["M","?","M","?","$","M","M","T","T","M","M","$","?","M","R","B"],"character_chosen":"IRONCLAD","items_purchased":[],"campfire_rested":1,"item_purchase_floors":[],"current_hp_per_floor":[69,66,66,66,66,66,56,56,56,47,45,45,45,18,42,0],"gold":30,"neow_bonus":"RANDOM_COMMON_RELIC","is_prod":false,"is_daily":false,"chose_seed":false,"campfire_upgraded":0,"win_rate":0,"timestamp":1549661534,"path_taken":["M","?","M","?","$","M","M","?","T","?","M","?","?","M","R","BOSS"],"build_version":"2019-01-23","purchased_purges":2,"victory":false,"max_hp_per_floor":[80,80,80,80,80,80,80,80,80,80,80,80,80,80,80,80],"card_choices":[{"not_picked":["Twin Strike","Flex","Pommel Strike"],"picked":"SKIP","floor":1},{"not_picked":["True Grit","Warcry","Ghostly Armor"],"picked":"SKIP","floor":3},{"not_picked":["Clash","Pummel","Cleave"],"picked":"SKIP","floor":6},{"not_picked":["Flex","Perfected Strike"],"picked":"Searing Blow","floor":7},{"not_picked":["Searing Blow","Shrug It Off","Flame Barrier"],"picked":"SKIP","floor":10},{"not_picked":["Twin Strike","Pommel Strike","Headbutt"],"picked":"SKIP","floor":11},{"not_picked":["Rupture","True Grit","Flame Barrier"],"picked":"SKIP","floor":14}],"player_experience":423229,"relics_obtained":[{"floor":8,"key":"Dream Catcher"},{"floor":9,"key":"Blue Candle"}],"event_choices":[{"damage_healed":0,"gold_gain":0,"player_choice":"Success","damage_taken":3,"relics_obtained":["Happy Flower"],"max_hp_gain":0,"max_hp_loss":0,"event_name":"Scrap Ooze","floor":2,"gold_loss":0},{"damage_healed":0,"gold_gain":0,"player_choice":"Ignored","damage_taken":0,"max_hp_gain":0,"max_hp_loss":0,"event_name":"Shining Light","floor":4,"gold_loss":0},{"cards_removed":["Strike_R"],"damage_healed":0,"gold_gain":0,"player_choice":"Card Removal","damage_taken":0,"max_hp_gain":0,"max_hp_loss":0,"event_name":"The Cleric","floor":13,"gold_loss":50}],"is_beta":false,"boss_relics":[],"items_purged_floors":[5,12],"is_endless":false,"potions_floor_spawned":[7,11,14],"killed_by":"Hexaghost","ascension_level":0}