{"gold_per_floor":[118,131,147,147,3,3,22,47,47,59,89,127,153,192,204,316,328,350,362,387,132,146,180,180,214,282,307,318,318,337,350,350,453,453,470,488,488,297,397,397,408,408,461,479,479,499,510,521,521,521],"floor_reached":51,"playtime":7788,"items_purged":["Strike_R","Strike_R"],"score":1040,"play_id":"d2e4fb46-2220-4488-9258-30246c977411","local_time":"20190331005257","is_ascension_mode":true,"campfire_choices":[{"data":"Uppercut","floor":6,"key":"SMITH"},{"data":"Shockwave","floor":10,"key":"SMITH"},{"data":"Rampage","floor":15,"key":"SMITH"},{"floor":24,"key":"REST"},{"floor":29,"key":"REST"},{"floor":32,"key":"REST"},{"data":"Feel No Pain","floor":40,"key":"SMITH"},{"data":"Spot Weakness","floor":42,"key":"SMITH"},{"data":"Whirlwind","floor":49,"key":"SMITH"}],"neow_cost":"NONE","seed_source_timestamp":116533664204470,"circlet_count":0,"master_deck":["Strike_R","Strike_R","Strike_R","Defend_R","Defend_R","Defend_R","Defend_R","Bash+1","Twin Strike","Shockwave+1","Uppercut+1","Rampage+1","True Grit","Armaments","Headbutt","Shrug It Off","Feed","Warcry","Decay","Whirlwind+1","Spot Weakness+1","Cleave+1","Immolate","Feel No Pain+1","Ghostly Armor","True Grit+1","Sentinel","Bandage Up","Power Through","Double Tap","Parasite"],"relics":["Burning Blood","Dream Catcher","Blue Candle","MawBank","Dead Branch","Pocketwatch","Velvet Choker","Anchor","Bottled Lightning","Calipers","Sundial","Lantern","Philosopher\u0027s Stone","FossilizedHelix","Oddly Smooth Stone"],"potions_floor_usage":[5,8,12,12,14,16,16,23,33,33,41,46,46,50,50],"damage_taken":[{"damage":8,"enemies":"2 Louse","floor":1,"turns":4},{"damage":7,"enemies":"Jaw Worm","floor":2,"turns":3},{"damage":1,"enemies":"Cultist","floor":3,"turns":4},{"damage":9,"enemies":"Looter","floor":7,"turns":3},{"damage":20,"enemies":"Lagavulin","floor":8,"turns":6},{"damage":3,"enemies":"Large Slime","floor":11,"turns":6},{"damage":12,"enemies":"3 Sentries","floor":12,"turns":4},{"damage":3,"enemies":"2 Fungi Beasts","floor":13,"turns":4},{"damage":22,"enemies":"Gremlin Nob","floor":14,"turns":5},{"damage":22,"enemies":"Hexaghost","floor":16,"turns":10},{"damage":0,"enemies":"3 Byrds","floor":18,"turns":5},{"damage":17,"enemies":"Spheric Guardian","floor":20,"turns":4},{"damage":17,"enemies":"Shelled Parasite and Fungi","floor":22,"turns":6},{"damage":51,"enemies":"Slavers","floor":23,"turns":8},{"damage":36,"enemies":"Gremlin Leader","floor":25,"turns":9},{"damage":13,"enemies":"Slavers","floor":27,"turns":6},{"damage":1,"enemies":"Cultist and Chosen","floor":28,"turns":4},{"damage":12,"enemies":"Snecko","floor":30,"turns":4},{"damage":13,"enemies":"Shelled Parasite and Fungi","floor":31,"turns":3},{"damage":59,"enemies":"Collector","floor":33,"turns":9},{"damage":0,"enemies":"Orb Walker","floor":35,"turns":2},{"damage":15,"enemies":"3 Darklings","floor":36,"turns":4},{"damage":7,"enemies":"Mind Bloom Boss Battle","floor":39,"turns":6},{"damage":6,"enemies":"Maw","floor":41,"turns":6},{"damage":0,"enemies":"Spire Growth","floor":44,"turns":4},{"damage":10,"enemies":"Writhing Mass","floor":46,"turns":6},{"damage":0,"enemies":"4 Shapes","floor":47,"turns":4},{"damage":0,"enemies":"Jaw Worm Horde","floor":48,"turns":2},{"damage":132,"enemies":"Donu and Deca","floor":50,"turns":11}],"seed_played":"165410599095196961","potions_obtained":[{"floor":3,"key":"AttackPotion"},{"floor":11,"key":"Fire Potion"},{"floor":12,"key":"EssenceOfSteel"},{"floor":13,"key":"EssenceOfSteel"},{"floor":14,"key":"Block Potion"},{"floor":22,"key":"Weak Potion"},{"floor":28,"key":"FearPotion"},{"floor":30,"key":"SpeedPotion"},{"floor":31,"key":"Regen Potion"},{"floor":33,"key":"Explosive Potion"},{"floor":36,"key":"Regen Potion"},{"floor":39,"key":"Regen Potion"},{"floor":41,"key":"Explosive Potion"},{"floor":48,"key":"BloodPotion"}],"is_trial":false,"path_per_floor":["?","?","M","?","?","?","M"],"character_chosen":"IRONCLAD","items_purchased":["Fruit Juice","PowerPotion","Spot Weakness","Anchor","Bandage Up"],"campfire_rested":3,"item_purchase_floors":[5,5,21,21,38],"current_hp_per_floor":[70,69,74,67,72,72,69,55,55,55,58,52,55,39,39,23,70,79,79,71,71,64,22,51,21,21,14,22,52,46,42,73,35,87,93,84,84,84,87,87,104,104,104,104,99,99,102,105,105,8],"gold":521,"neow_bonus":"UPGRADE_CARD","is_prod":false,"is_daily":false,"chose_seed":false,"campfire_upgraded":6,"win_rate":0,"timestamp":1553993577,"path_taken":["M","M","M","?","$","R","M","E","T","R","M","E","M","E","R","BOSS","M","?","M","$","M","E","R","E","T","E","?","R","M","M","R","BOSS","M","M","?","$","?","R","M","R","T","M","?","M","?","M","R","BOSS"],"build_version":"2019-01-23","purchased_purges":2,"victory":true,"max_hp_per_floor":[80,80,80,80,85,85,85,85,85,85,85,85,85,85,85,85,85,88,88,91,91,95,98,98,98,98,98,101,101,101,104,104,104,104,104,104,104,104,104,104,104,104,104,104,99,99,102,105,105,105],"card_choices":[{"not_picked":["Havoc","Warcry"],"picked":"Twin Strike","floor":1},{"not_picked":["Heavy Blade","Entrench"],"picked":"Shockwave","floor":2},{"not_picked":["Thunderclap","Havoc"],"picked":"Uppercut","floor":3},{"not_picked":["Flex","Havoc"],"picked":"Rampage","floor":7},{"not_picked":["Intimidate","Heavy Blade"],"picked":"True Grit","floor":8},{"not_picked":["Limit Break","Evolve"],"picked":"Armaments","floor":11},{"not_picked":["Bloodletting","Warcry"],"picked":"Headbutt","floor":12},{"not_picked":["Clash","Havoc","Heavy Blade"],"picked":"SKIP","floor":13},{"not_picked":["Brutality","Sentinel"],"picked":"Shrug It Off","floor":14},{"not_picked":["Brutality","Exhume"],"picked":"Feed","floor":16},{"not_picked":["True Grit+1","Flex"],"picked":"Warcry","floor":18},{"not_picked":["Pummel","Shockwave"],"picked":"Whirlwind","floor":20},{"not_picked":["Pommel Strike","Body Slam","Intimidate"],"picked":"SKIP","floor":22},{"not_picked":["Flex","Shrug It Off+1","Havoc+1"],"picked":"SKIP","floor":23},{"not_picked":["Uppercut","Sword Boomerang"],"picked":"Cleave+1","floor":25},{"not_picked":["Body Slam","Anger"],"picked":"Immolate","floor":27},{"not_picked":["Rupture","Iron Wave","Clash+1"],"picked":"SKIP","floor":28},{"not_picked":["Cleave","Body Slam","Infernal Blade"],"picked":"SKIP","floor":30},{"not_picked":["Shrug It Off","Pommel Strike+1"],"picked":"Feel No Pain","floor":31},{"not_picked":["Evolve","Shockwave+1"],"picked":"Ghostly Armor","floor":32},{"not_picked":["Immolate","Feed"],"picked":"Exhume","floor":33},{"not_picked":["Thunderclap","Pummel"],"picked":"True Grit+1","floor":35},{"not_picked":["Rage+1","Fire Breathing+1"],"picked":"Sentinel","floor":36},{"not_picked":["Iron Wave","Pommel Strike"],"picked":"Power Through","floor":39},{"not_picked":["Flex","Sword Boomerang","Searing Blow+1"],"picked":"SKIP","floor":41},{"not_picked":["Warcry+1","Headbutt+1"],"picked":"Double Tap","floor":44},{"not_picked":["Evolve+1","Warcry","Pommel Strike+1"],"picked":"SKIP","floor":46},{"not_picked":["Heavy Blade+1","Warcry","True Grit"],"picked":"SKIP","floor":47},{"not_picked":["Body Slam+1","Clothesline","Feel No Pain"],"picked":"SKIP","floor":48}],"player_experience":399984,"relics_obtained":[{"floor":8,"key":"Blue Candle"},{"floor":9,"key":"MawBank"},{"floor":12,"key":"Dead Branch"},{"floor":14,"key":"Pocketwatch"},{"floor":23,"key":"Bottled Lightning"},{"floor":25,"key":"Calipers"},{"floor":26,"key":"Sundial"},{"floor":27,"key":"Lantern"},{"floor":39,"key":"FossilizedHelix"},{"floor":43,"key":"Oddly Smooth Stone"}],"event_choices":[{"damage_healed":0,"gold_gain":0,"player_choice":"Success","damage_taken":7,"relics_obtained":["Dream Catcher"],"max_hp_gain":0,"max_hp_loss":0,"event_name":"Scrap Ooze","floor":4,"gold_loss":0},{"damage_healed":0,"gold_gain":0,"player_choice":"Cursed","damage_taken":0,"max_hp_gain":0,"max_hp_loss":0,"event_name":"Wheel of Change","floor":19,"gold_loss":0,"cards_obtained":["Decay"]},{"cards_removed":["Exhume"],"damage_healed":0,"gold_gain":0,"player_choice":"Removed Skill","damage_taken":0,"max_hp_gain":0,"max_hp_loss":0,"event_name":"Falling","floor":37,"gold_loss":0},{"damage_healed":0,"gold_gain":0,"player_choice":"Fight","damage_taken":0,"max_hp_gain":0,"max_hp_loss":0,"event_name":"MindBloom","floor":39,"gold_loss":0},{"damage_healed":0,"gold_gain":0,"player_choice":"Max HP","damage_taken":0,"max_hp_gain":0,"max_hp_loss":5,"event_name":"Winding Halls","floor":45,"gold_loss":0}],"is_beta":false,"boss_relics":[{"not_picked":["Tiny House","Lizard Tail"],"picked":"Velvet Choker"},{"not_picked":["Coffee Dripper","Astrolabe"],"picked":"Philosopher\u0027s Stone"}],"items_purged_floors":[21,38],"is_endless":false,"potions_floor_spawned":[3,11,12,13,14,22,28,30,31,33,36,39,41,48],"ascension_level":9}