{"gold_per_floor":[109,128,128,56,129,154,154,173,197,216,216,229,229,257,257,358,358,373,391,83,83,182,210,5,24,24,24],"floor_reached":27,"playtime":1077,"items_purged":[],"score":241,"play_id":"d1c73bc5-bfb9-4700-8be1-063988342c29","local_time":"20190214164309","is_ascension_mode":false,"campfire_choices":[{"data":"Melter","floor":7,"key":"SMITH"},{"floor":11,"key":"REST"},{"floor":13,"key":"REST"},{"data":"Gash","floor":15,"key":"SMITH"}],"neow_cost":"NONE","seed_source_timestamp":23052409217963,"circlet_count":0,"master_deck":["Strike_B","Strike_B","Strike_B","Defend_B+1","Defend_B+1","Defend_B","Defend_B","Zap+1","Dualcast","Thunder Strike+1","Darkness","Melter+1","Gash+1","Cold Snap","Skim","Barrage","Buffer","Echo Form","Rebound","Leap","Gash","Gash+1","Calculated Gamble+1"],"relics":["Cracked Core","War Paint","Strawberry","Fusion Hammer","Incense Burner","Pantograph","PrismaticShard","Symbiotic Virus"],"potions_floor_usage":[6,14,16,23,23,27],"damage_taken":[{"damage":1,"enemies":"Cultist","floor":1,"turns":4},{"damage":8,"enemies":"Jaw Worm","floor":2,"turns":4},{"damage":30,"enemies":"Lagavulin","floor":6,"turns":6},{"damage":0,"enemies":"Small Slimes","floor":8,"turns":2},{"damage":8,"enemies":"3 Louse","floor":10,"turns":3},{"damage":7,"enemies":"Blue Slaver","floor":12,"turns":3},{"damage":30,"enemies":"Gremlin Nob","floor":14,"turns":4},{"damage":4,"enemies":"Slime Boss","floor":16,"turns":8},{"damage":2,"enemies":"Spheric Guardian","floor":18,"turns":3},{"damage":16,"enemies":"Shell Parasite","floor":19,"turns":4},{"damage":20,"enemies":"Gremlin Leader","floor":23,"turns":8},{"damage":30,"enemies":"Snake Plant","floor":25,"turns":4},{"damage":14,"enemies":"Chosen and Byrds","floor":27,"turns":1}],"seed_played":"-1513565063332734412","potions_obtained":[{"floor":1,"key":"SkillPotion"},{"floor":10,"key":"Explosive Potion"},{"floor":12,"key":"FearPotion"},{"floor":14,"key":"Weak Potion"},{"floor":18,"key":"SkillPotion"},{"floor":23,"key":"Ancient Potion"},{"floor":25,"key":"SkillPotion"}],"is_trial":false,"path_per_floor":["M","M","?","$","?","E","R","M","T","M","R","M","R","E","R","B",null,"M","M","$","?","?","E","$","M","T","M"],"character_chosen":"DEFECT","items_purchased":["Melter","Incense Burner","PrismaticShard"],"campfire_rested":2,"item_purchase_floors":[4,20,24],"current_hp_per_floor":[74,66,51,51,51,21,21,21,21,13,35,28,50,27,27,23,82,80,64,64,64,64,44,44,14,14,0],"gold":24,"neow_bonus":"TRANSFORM_CARD","is_prod":false,"is_daily":false,"chose_seed":false,"campfire_upgraded":2,"win_rate":0,"timestamp":1550180589,"path_taken":["M","?","?","$","?","E","R","M","T","M","R","M","R","E","R","BOSS","M","M","$","?","?","E","?","M","T","?"],"build_version":"2019-01-23","purchased_purges":0,"victory":false,"max_hp_per_floor":[75,75,75,75,75,75,75,75,75,75,75,75,75,82,82,82,82,82,82,82,82,82,82,82,82,82,82],"card_choices":[{"not_picked":["Auto Shields","Recycle"],"picked":"Darkness","floor":1},{"not_picked":["Turbo","FTL","Blizzard"],"picked":"SKIP","floor":2},{"not_picked":["Turbo","Sweeping Beam"],"picked":"Gash","floor":6},{"not_picked":["BootSequence","Reprogram"],"picked":"Cold Snap","floor":8},{"not_picked":["Steam","Hello World"],"picked":"Skim","floor":10},{"not_picked":["Hologram","Beam Cell"],"picked":"Barrage","floor":12},{"not_picked":["Streamline","Self Repair"],"picked":"Buffer","floor":14},{"not_picked":["Rainbow","Meteor Strike"],"picked":"Echo Form","floor":16},{"not_picked":["Steam","BootSequence"],"picked":"Rebound","floor":18},{"not_picked":["Hologram","Rebound"],"picked":"Leap","floor":19},{"not_picked":["Reinforced Body","Aggregate"],"picked":"Gash+1","floor":23},{"not_picked":["Setup","Dramatic Entrance"],"picked":"Calculated Gamble+1","floor":25}],"player_experience":206619,"relics_obtained":[{"floor":6,"key":"War Paint"},{"floor":14,"key":"Strawberry"},{"floor":23,"key":"Pantograph"},{"floor":26,"key":"Symbiotic Virus"}],"event_choices":[{"damage_healed":0,"gold_gain":0,"player_choice":"Entered Light","damage_taken":15,"max_hp_gain":0,"max_hp_loss":0,"event_name":"Shining Light","floor":3,"gold_loss":0,"cards_upgraded":["Thunder Strike","Defend_B"]},{"damage_healed":0,"gold_gain":73,"player_choice":"Gained Gold","damage_taken":0,"max_hp_gain":0,"max_hp_loss":0,"event_name":"Golden Wing","floor":5,"gold_loss":0},{"damage_healed":0,"gold_gain":0,"player_choice":"Read","damage_taken":0,"max_hp_gain":0,"max_hp_loss":0,"event_name":"The Library","floor":21,"gold_loss":0,"cards_obtained":["Gash"]},{"damage_healed":0,"gold_gain":99,"player_choice":"Stole From Cult","damage_taken":0,"max_hp_gain":0,"max_hp_loss":0,"event_name":"Nest","floor":22,"gold_loss":0}],"is_beta":false,"boss_relics":[{"not_picked":["Runic Dome","Pandora\u0027s Box"],"picked":"Fusion Hammer"}],"items_purged_floors":[],"is_endless":false,"potions_floor_spawned":[1,10,12,14,18,23,25],"killed_by":"Chosen and Byrds","ascension_level":0}