{"path_per_floor":["M","M","M","M","?","R","M","M","T","R","M","?","R","$","R","B",null,"M","?","M","M","T","R","?","R","T","?","M"],"character_chosen":"DEFECT","items_purchased":["Lantern","Redo"],"gold_per_floor":[219,238,249,267,267,267,287,298,325,325,337,337,337,37,37,136,136,146,146,164,177,200,200,200,200,200,200,215,215],"floor_reached":29,"campfire_rested":3,"playtime":1367,"current_hp_per_floor":[75,74,74,45,45,45,38,29,29,51,48,48,48,48,48,12,75,63,63,32,8,8,30,30,52,52,52,3,0],"items_purged":["Strike_B"],"gold":215,"score":217,"play_id":"bfe82989-3f35-462e-ab52-e9aff048b132","local_time":"20180504002454","is_prod":false,"is_daily":false,"chose_seed":false,"is_ascension_mode":false,"campfire_upgraded":3,"timestamp":1525407894,"path_taken":["M","M","M","M","?","R","M","M","T","R","M","?","R","$","R","BOSS","M","?","M","M","?","R","?","R","T","?","M","E"],"build_version":"2018-05-02","seed_source_timestamp":26396228447568,"purchased_purges":1,"victory":false,"master_deck":["Strike_B","Strike_B","Strike_B","Defend_B","Defend_B","Defend_B","Defend_B","Zap+1","Dualcast","Leap","Loop+1","Leap","Capacitor","Ball Lightning","Ball Lightning","Redo+1","Biased Cognition","Genetic Algorithm+1","Skim+1","Stack+1"],"max_hp_per_floor":[75,75,75,75,75,75,75,75,75,75,75,75,75,75,75,75,75,75,75,75,75,75,75,75,75,75,75,77,77],"relics":["Cracked Core","Bag of Preparation","Lantern","Snecko Eye","Singing Bowl","Centennial Puzzle","Shovel"],"card_choices":[{"not_picked":["Doom and Gloom","Tempest"],"picked":"Leap","floor":1},{"not_picked":["Steam Power","Stack"],"picked":"Loop","floor":2},{"not_picked":["Conserve Battery","Go for the Eyes"],"picked":"Leap","floor":3},{"not_picked":["Sweeping Beam","Barrage"],"picked":"Capacitor","floor":4},{"not_picked":["Capacitor","Meteor Strike"],"picked":"Ball Lightning","floor":7},{"not_picked":["Turbo","Go for the Eyes"],"picked":"Ball Lightning","floor":8},{"not_picked":["Redo","All For One"],"picked":"Biased Cognition","floor":16},{"not_picked":["Cold Snap","Storm"],"picked":"Genetic Algorithm","floor":18},{"not_picked":["Coolheaded","Sweeping Beam"],"picked":"Skim","floor":20},{"not_picked":["Capacitor","Recycle"],"picked":"Stack","floor":21}],"player_experience":202523,"potions_floor_usage":[29,29,29],"damage_taken":[{"damage":0,"enemies":"Cultist","floor":1,"turns":3},{"damage":1,"enemies":"Small Slimes","floor":2,"turns":3},{"damage":0,"enemies":"2 Louse","floor":3,"turns":2},{"damage":29,"enemies":"Gremlin Gang","floor":4,"turns":6},{"damage":7,"enemies":"Looter","floor":7,"turns":4},{"damage":9,"enemies":"3 Louse","floor":8,"turns":4},{"damage":3,"enemies":"2 Fungi Beasts","floor":11,"turns":3},{"damage":36,"enemies":"Slime Boss","floor":16,"turns":10},{"damage":12,"enemies":"Shell Parasite","floor":18,"turns":4},{"damage":31,"enemies":"3 Byrds","floor":20,"turns":5},{"damage":24,"enemies":"Snake Plant","floor":21,"turns":4},{"damage":51,"enemies":"Sentry and Sphere","floor":28,"turns":6},{"damage":7,"enemies":"Book of Stabbing","floor":29,"turns":2}],"event_choices":[{"event_name":"Liars Game","player_choice":"disagreed","floor":5,"damage_taken":0},{"event_name":"The Woman in Blue","player_choice":"Bought 0 Potions","floor":12,"damage_taken":0},{"event_name":"Ghosts","player_choice":"Ignored","floor":19,"damage_taken":0},{"event_name":"Drug Dealer","player_choice":"Ignored","floor":24,"damage_taken":0},{"event_name":"The Mausoleum","player_choice":"Yes","floor":27,"damage_taken":0}],"boss_relics":[{"not_picked":["Runic Pyramid","Tiny House"],"picked":"Snecko Eye"}],"potions_floor_spawned":[1,2,7,11,16,18,20],"seed_played":"-6021823624198289017","killed_by":"Book of Stabbing","ascension_level":0,"is_trial":false}