{"gold_per_floor":[111,128,128,147,25,53,53,68,68,102,102,132,148,23,23,126,126,81,81,81,81,13,13,13,13,13,13,13,13,13,13,13,13,13,13,13,13,13,13,13,13,13,13,0,0,0,0,0,0,0],"floor_reached":51,"playtime":5261,"items_purged":["Strike_B"],"score":771,"play_id":"2de797ee-7595-4221-89d4-44349e87b957","local_time":"20190326171759","is_ascension_mode":true,"campfire_choices":[{"data":"Dualcast","floor":7,"key":"SMITH"},{"floor":15,"key":"REST"},{"data":"Loop","floor":24,"key":"SMITH"},{"floor":29,"key":"REST"},{"data":"Go for the Eyes","floor":32,"key":"SMITH"},{"data":"Defragment","floor":40,"key":"SMITH"},{"data":"Capacitor","floor":42,"key":"SMITH"},{"data":"Coolheaded","floor":49,"key":"SMITH"}],"neow_cost":"NONE","seed_source_timestamp":556256684005391,"circlet_count":0,"master_deck":["Strike_B","Strike_B","Defend_B","Defend_B","Defend_B","Defend_B","Zap+1","Dualcast+1","Coolheaded+1","Cold Snap","Compile Driver","Capacitor+1","Barrage","Conserve Battery","Auto Shields+1","Loop+1","Hologram+1","Ball Lightning","Fission+1","Ghostly+1","Ghostly+1","Ghostly+1","Ghostly+1","Ghostly+1","Doom and Gloom","White Noise+1","Go for the Eyes+1","Turbo+1","Defragment+1"],"relics":["Cracked Core","Singing Bowl","Juzu Bracelet","Vajra","Toxic Egg 2","Regal Pillow","Ectoplasm","Darkstone Periapt","Nilry\u0027s Codex","Cables","Omamori","Cursed Key","PreservedInsect","Red Mask"],"potions_floor_usage":[10,16,19,20,28,30,45,50,50],"damage_taken":[{"damage":1,"enemies":"Cultist","floor":1,"turns":4},{"damage":9,"enemies":"2 Louse","floor":2,"turns":3},{"damage":2,"enemies":"Jaw Worm","floor":4,"turns":4},{"damage":9,"enemies":"3 Sentries","floor":6,"turns":8},{"damage":4,"enemies":"Looter","floor":8,"turns":2},{"damage":20,"enemies":"Gremlin Nob","floor":10,"turns":4},{"damage":7,"enemies":"3 Sentries","floor":12,"turns":7},{"damage":11,"enemies":"Large Slime","floor":13,"turns":6},{"damage":11,"enemies":"Hexaghost","floor":16,"turns":9},{"damage":18,"enemies":"2 Thieves","floor":18,"turns":3},{"damage":0,"enemies":"3 Byrds","floor":19,"turns":3},{"damage":11,"enemies":"Snake Plant","floor":20,"turns":4},{"damage":3,"enemies":"Gremlin Leader","floor":23,"turns":8},{"damage":1,"enemies":"Centurion and Healer","floor":27,"turns":8},{"damage":0,"enemies":"Sentry and Sphere","floor":28,"turns":3},{"damage":9,"enemies":"Book of Stabbing","floor":30,"turns":4},{"damage":2,"enemies":"Champ","floor":33,"turns":12},{"damage":4,"enemies":"Orb Walker","floor":35,"turns":4},{"damage":0,"enemies":"3 Shapes","floor":39,"turns":4},{"damage":0,"enemies":"Jaw Worm Horde","floor":45,"turns":4},{"damage":0,"enemies":"4 Shapes","floor":48,"turns":4},{"damage":21,"enemies":"Donu and Deca","floor":50,"turns":14}],"seed_played":"932216578159290035","potions_obtained":[{"floor":2,"key":"Regen Potion"},{"floor":10,"key":"FocusPotion"},{"floor":12,"key":"Weak Potion"},{"floor":16,"key":"Dexterity Potion"},{"floor":20,"key":"Fire Potion"},{"floor":27,"key":"Explosive Potion"},{"floor":28,"key":"Fruit Juice"},{"floor":30,"key":"Swift Potion"},{"floor":33,"key":"Weak Potion"}],"is_trial":false,"path_per_floor":["T","?","?","?","?","?","?","T","?","?","?"],"character_chosen":"DEFECT","items_purchased":["Capacitor","Barrage","Explosive Potion","Doom and Gloom"],"campfire_rested":2,"item_purchase_floors":[5,5,14,22],"current_hp_per_floor":[74,65,65,63,63,54,54,50,50,39,39,32,21,21,58,47,75,59,61,50,39,39,36,36,20,20,21,26,46,39,32,32,32,55,53,53,53,53,53,53,53,53,53,53,55,55,55,57,57,36],"gold":0,"neow_bonus":"UPGRADE_CARD","is_prod":false,"is_daily":false,"chose_seed":false,"campfire_upgraded":6,"win_rate":0,"timestamp":1553620679,"path_taken":["M","M","?","M","$","E","R","M","T","E","?","E","M","$","R","BOSS","M","M","M","?","$","E","R","?","T","M","M","R","E","?","R","BOSS","M","?","?","?","M","R","$","R","T","?","M","?","?","M","R","BOSS"],"build_version":"2019-01-23","purchased_purges":1,"victory":true,"max_hp_per_floor":[75,75,75,75,75,75,75,75,75,75,75,75,75,75,75,75,75,77,79,79,39,39,39,39,39,39,41,46,46,48,53,53,55,55,57,57,57,57,57,57,57,57,57,57,59,59,56,58,58,58],"card_choices":[{"not_picked":["Turbo","Stack"],"picked":"Coolheaded","floor":1},{"not_picked":["Coolheaded","Gash"],"picked":"Cold Snap","floor":2},{"not_picked":["Undo","Stack"],"picked":"Compile Driver","floor":4},{"not_picked":["Lockon","Steam Power"],"picked":"Conserve Battery","floor":6},{"not_picked":["Glacier","Steam"],"picked":"Auto Shields","floor":8},{"not_picked":["Fission","Gash"],"picked":"Loop","floor":10},{"not_picked":["Steam+1","Leap+1"],"picked":"Hologram+1","floor":12},{"not_picked":["Leap+1","Gash"],"picked":"Ball Lightning","floor":13},{"not_picked":["Core Surge","Buffer"],"picked":"Fission+1","floor":16},{"not_picked":["Recycle+1","Double Energy+1","Barrage"],"picked":"Singing Bowl","floor":18},{"not_picked":["Capacitor","Redo+1","Coolheaded+1"],"picked":"Singing Bowl","floor":19},{"not_picked":["Leap+1","Stack+1"],"picked":"Sweeping Beam+1","floor":20},{"not_picked":["Hello World","Steam+1"],"picked":"White Noise+1","floor":23},{"not_picked":["Recycle+1","Reprogram+1","Streamline"],"picked":"Singing Bowl","floor":27},{"not_picked":["Conserve Battery+1","Genetic Algorithm+1"],"picked":"Go for the Eyes","floor":28},{"not_picked":["Redo+1","Genetic Algorithm+1","Blizzard+1"],"picked":"Singing Bowl","floor":30},{"not_picked":["Multi-Cast+1","Thunder Strike","Creative AI"],"picked":"Singing Bowl","floor":33},{"not_picked":["Gash","Streamline+1","Sweeping Beam"],"picked":"Singing Bowl","floor":35},{"not_picked":["Stack+1","Reprogram+1"],"picked":"Defragment","floor":39},{"not_picked":["Redo+1","Aggregate+1","Doom and Gloom"],"picked":"Singing Bowl","floor":45},{"not_picked":["Leap+1","Compile Driver","Stack+1"],"picked":"Singing Bowl","floor":48}],"player_experience":331617,"relics_obtained":[{"floor":3,"key":"Singing Bowl"},{"floor":6,"key":"Juzu Bracelet"},{"floor":9,"key":"Vajra"},{"floor":10,"key":"Toxic Egg 2"},{"floor":12,"key":"Regal Pillow"},{"floor":23,"key":"Darkstone Periapt"},{"floor":25,"key":"Nilry\u0027s Codex"},{"floor":26,"key":"Cables"},{"floor":30,"key":"Omamori"},{"floor":38,"key":"PreservedInsect"}],"event_choices":[{"damage_healed":0,"gold_gain":0,"player_choice":"Grow","damage_taken":0,"max_hp_gain":0,"max_hp_loss":0,"event_name":"Living Wall","floor":11,"gold_loss":0,"cards_upgraded":["Auto Shields"]},{"damage_healed":0,"gold_gain":0,"player_choice":"Became a Ghost","damage_taken":0,"max_hp_gain":0,"max_hp_loss":40,"event_name":"Ghosts","floor":21,"gold_loss":0,"cards_obtained":["Ghostly","Ghostly","Ghostly","Ghostly","Ghostly"]},{"damage_healed":0,"gold_gain":0,"player_choice":"Obtained Book","damage_taken":16,"max_hp_gain":0,"max_hp_loss":0,"event_name":"Cursed Tome","floor":25,"gold_loss":0},{"damage_healed":0,"gold_gain":0,"player_choice":"Shed Blood","damage_taken":12,"max_hp_gain":5,"max_hp_loss":0,"event_name":"Forgotten Altar","floor":31,"gold_loss":0},{"damage_healed":0,"gold_gain":0,"cards_transformed":["Strike_B"],"player_choice":"Transformed","damage_taken":0,"max_hp_gain":0,"max_hp_loss":0,"event_name":"Transmorgrifier","floor":36,"gold_loss":0,"cards_obtained":["Turbo"]},{"damage_healed":0,"gold_gain":0,"player_choice":"Ignored","damage_taken":0,"max_hp_gain":0,"max_hp_loss":0,"event_name":"Golden Shrine","floor":37,"gold_loss":0},{"damage_healed":0,"gold_gain":0,"player_choice":"Paid","damage_taken":0,"relics_obtained":["Red Mask"],"max_hp_gain":0,"max_hp_loss":0,"event_name":"Tomb of Lord Red Mask","floor":44,"gold_loss":13},{"cards_removed":["Sweeping Beam"],"damage_healed":0,"gold_gain":0,"player_choice":"Removed Attack","damage_taken":0,"max_hp_gain":0,"max_hp_loss":0,"event_name":"Falling","floor":46,"gold_loss":0},{"damage_healed":0,"gold_gain":0,"player_choice":"Max HP","damage_taken":0,"max_hp_gain":0,"max_hp_loss":3,"event_name":"Winding Halls","floor":47,"gold_loss":0}],"is_beta":false,"boss_relics":[{"not_picked":["Runic Dome","White Beast Statue"],"picked":"Ectoplasm"},{"not_picked":["Inserter","Eternal Feather"],"picked":"Cursed Key"}],"items_purged_floors":[14],"is_endless":false,"potions_floor_spawned":[2,10,12,16,18,20,27,28,30,33,35,39],"ascension_level":2}