{"path_per_floor":["M","M","M","M","M","R","M","R","T","M","$","E","?","$","R","B",null,"M","M","?","M","M","R","?","E","T"],"character_chosen":"THE_SILENT","items_purchased":["Noxious Fumes","Deadly Poison"],"gold_per_floor":[117,133,148,165,175,175,190,190,239,255,144,176,176,23,23,119,119,136,123,48,63,77,77,77,142,216,216],"floor_reached":27,"campfire_rested":2,"playtime":1858,"current_hp_per_floor":[70,70,70,59,59,70,60,60,60,60,60,59,59,59,59,27,70,50,36,36,34,27,48,55,10,10,0],"items_purged":["Strike_G","Strike_G"],"gold":216,"score":237,"play_id":"69fc2855-fb13-4444-b647-4e4f00074f13","local_time":"20180418224547","is_prod":false,"is_daily":false,"chose_seed":false,"is_ascension_mode":false,"campfire_upgraded":2,"timestamp":1524105947,"path_taken":["M","M","M","M","M","R","M","R","T","M","$","E","?","$","R","BOSS","M","M","?","?","M","R","?","E","T","M"],"build_version":"2018-04-12","seed_source_timestamp":39444805895834,"purchased_purges":2,"victory":false,"master_deck":["Defend_G","Defend_G","Defend_G","Defend_G","Defend_G+1","Survivor","Neutralize","Quick Slash+1","Prepared+1","Footwork","Flying Knee","Deadly Poison","Footwork","Noxious Fumes+1","Deadly Poison","Flechettes+1","Doppelganger+1","Prepared+1","Predator+1","Dagger Spray+1","Bane+1"],"max_hp_per_floor":[70,70,70,70,70,70,70,70,70,70,70,70,70,70,70,70,70,70,70,70,70,70,70,77,77,77,77],"relics":["Ring of the Snake","War Paint","Art of War","Astrolabe","Strawberry","Tiny Chest","Letter Opener"],"card_choices":[{"not_picked":["PiercingWail","Bane"],"picked":"Quick Slash","floor":0},{"not_picked":["Cloak And Dagger","Deadly Poison"],"picked":"Prepared","floor":1},{"not_picked":["Deflect","Flying Knee"],"picked":"Footwork","floor":2},{"not_picked":["Slice","Escape Plan"],"picked":"Flying Knee","floor":3},{"not_picked":["Flying Knee","Dodge and Roll"],"picked":"Deadly Poison","floor":5},{"not_picked":["Deflect","Distraction"],"picked":"Footwork","floor":7},{"not_picked":["Venomology","Die Die Die"],"picked":"Storm of Steel","floor":16},{"not_picked":["Dagger Throw","Quick Slash"],"picked":"Predator","floor":19},{"not_picked":["Flechettes","Calculated Gamble"],"picked":"Dagger Spray","floor":21},{"not_picked":["Dodge and Roll","Eviscerate"],"picked":"Bane","floor":22}],"player_experience":154428,"potions_floor_usage":[16,16,21,22,25,27],"damage_taken":[{"damage":0,"enemies":"Jaw Worm","floor":1,"turns":5},{"damage":0,"enemies":"Cultist","floor":2,"turns":4},{"damage":0,"enemies":"2 Louse","floor":3,"turns":2},{"damage":11,"enemies":"Exordium Thugs","floor":4,"turns":7},{"damage":0,"enemies":"Blue Slaver","floor":5,"turns":6},{"damage":10,"enemies":"Looter","floor":7,"turns":3},{"damage":0,"enemies":"2 Fungi Beasts","floor":10,"turns":5},{"damage":1,"enemies":"Lagavulin","floor":12,"turns":7},{"damage":32,"enemies":"The Guardian","floor":16,"turns":8},{"damage":20,"enemies":"3 Byrds","floor":18,"turns":6},{"damage":14,"enemies":"2 Thieves","floor":19,"turns":4},{"damage":2,"enemies":"Centurion and Healer","floor":21,"turns":5},{"damage":7,"enemies":"Snake Plant","floor":22,"turns":4},{"damage":45,"enemies":"Book of Stabbing","floor":25,"turns":8},{"damage":16,"enemies":"Cultist and Chosen","floor":27,"turns":3}],"event_choices":[{"event_name":"Liars Game","player_choice":"disagreed","floor":13,"damage_taken":0},{"event_name":"Beggar","player_choice":"Gave Gold","floor":20,"damage_taken":0},{"event_name":"The Mausoleum","player_choice":"Yes","floor":24,"damage_taken":0}],"boss_relics":[{"not_picked":["Black Star","Orrery"],"picked":"Astrolabe"}],"potions_floor_spawned":[2,4,5,10,12,18,21,25],"seed_played":"6822620312308756141","killed_by":"Cultist and Chosen","ascension_level":0,"is_trial":false}