{"gold_per_floor":[114,32,51,51,51,51,65,91,91,126,139,139,11,40,40,140,140,150,163,163,63,63,92,92,46,46,79,92,121,121,521,521,618,618,637,637,647,368,368,368,394,394,394,44,60,92,106,117,117,117,117,117,67,99,99],"floor_reached":56,"playtime":3493,"items_purged":["Strike_G","Strike_G","Defend_G","Dash","Defend_G"],"score":1590,"play_id":"4786d5c2-d504-4863-b448-0e179ef6eaf0","local_time":"20190127165954","is_ascension_mode":true,"campfire_choices":[{"data":"Blur","floor":6,"key":"SMITH"},{"floor":12,"key":"REST"},{"data":"Neutralize","floor":15,"key":"SMITH"},{"floor":24,"key":"REST"},{"data":"Burst","floor":30,"key":"SMITH"},{"data":"Burst","floor":32,"key":"SMITH"},{"data":"Blur","floor":40,"key":"SMITH"},{"floor":42,"key":"RECALL"},{"data":"Apotheosis","floor":49,"key":"SMITH"},{"data":"Crippling Poison","floor":52,"key":"SMITH"}],"neow_cost":"TEN_PERCENT_HP_LOSS","seed_source_timestamp":96191270225960,"circlet_count":0,"master_deck":["Defend_G","Defend_G","Defend_G","Survivor","Neutralize+1","Crippling Poison","Footwork+1","Blur+1","Corpse Explosion","Dodge and Roll","Crippling Poison+1","Deadly Poison","Burst+1","Backflip+1","Blur+1","Deadly Poison","Backflip","Burst+1","Noxious Fumes+1","After Image+1","Footwork+1","Escape Plan+1","Escape Plan","Apotheosis+1","Escape Plan","Well Laid Plans+1"],"relics":["Ring of the Snake","Letter Opener","Tingsha","Centennial Puzzle","Sozu","Enchiridion","Meat on the Bone","Blood Vial","Mercury Hourglass","Ninja Scroll","Old Coin","Frozen Egg 2","Empty Cage","Anchor","Pocketwatch","Bottled Lightning","Smiling Mask","Ornamental Fan"],"potions_floor_usage":[16,55],"damage_taken":[{"damage":1,"enemies":"Cultist","floor":1,"turns":5},{"damage":3,"enemies":"Small Slimes","floor":3,"turns":5},{"damage":0,"enemies":"2 Louse","floor":7,"turns":3},{"damage":18,"enemies":"Gremlin Nob","floor":8,"turns":7},{"damage":1,"enemies":"3 Sentries","floor":10,"turns":7},{"damage":1,"enemies":"Large Slime","floor":11,"turns":9},{"damage":0,"enemies":"Lagavulin","floor":14,"turns":8},{"damage":13,"enemies":"Slime Boss","floor":16,"turns":13},{"damage":7,"enemies":"2 Thieves","floor":18,"turns":4},{"damage":0,"enemies":"Spheric Guardian","floor":19,"turns":4},{"damage":15,"enemies":"Slavers","floor":23,"turns":3},{"damage":0,"enemies":"Gremlin Leader","floor":27,"turns":7},{"damage":1,"enemies":"Snecko","floor":28,"turns":5},{"damage":0,"enemies":"Book of Stabbing","floor":29,"turns":7},{"damage":0,"enemies":"Colosseum Slavers","floor":31,"turns":3},{"damage":0,"enemies":"Colosseum Nobs","floor":31,"turns":3},{"damage":0,"enemies":"Collector","floor":33,"turns":10},{"damage":0,"enemies":"3 Shapes","floor":35,"turns":4},{"damage":0,"enemies":"Orb Walker","floor":37,"turns":5},{"damage":0,"enemies":"Nemesis","floor":41,"turns":7},{"damage":0,"enemies":"Transient","floor":45,"turns":5},{"damage":0,"enemies":"Giant Head","floor":46,"turns":8},{"damage":0,"enemies":"Spire Growth","floor":47,"turns":6},{"damage":0,"enemies":"3 Darklings","floor":48,"turns":4},{"damage":0,"enemies":"Awakened One","floor":50,"turns":18},{"damage":0,"enemies":"Shield and Spear","floor":54,"turns":7},{"damage":3,"enemies":"The Heart","floor":55,"turns":13}],"seed_played":"994099154663894308","potions_obtained":[{"floor":7,"key":"Ancient Potion"},{"floor":10,"key":"AttackPotion"},{"floor":11,"key":"GhostInAJar"},{"floor":14,"key":"Dexterity Potion"}],"is_trial":false,"path_per_floor":["?","$","M","?","?","?","?","M","$","?","M"],"character_chosen":"THE_SILENT","items_purchased":["Footwork","Deadly Poison","Backflip","Anchor","Escape Plan","Apotheosis"],"campfire_rested":2,"item_purchase_floors":[2,13,25,38,44,44],"current_hp_per_floor":[62,62,59,59,59,59,59,41,41,40,39,57,57,57,57,44,63,56,56,56,56,40,25,43,43,43,45,46,48,48,52,52,54,63,63,63,63,63,57,57,59,59,59,59,61,63,63,63,63,63,63,63,63,63,60],"gold":99,"neow_bonus":"REMOVE_TWO","is_prod":false,"is_daily":false,"chose_seed":false,"campfire_upgraded":7,"win_rate":0,"timestamp":1548637194,"path_taken":["M","$","M","?","?","R","M","E","T","E","?","R","$","E","R","BOSS","M","M","?","$","?","E","R","$","T","E","M","E","R","?","R","BOSS","M","?","?","?","?","R","E","R","T","$","?","E","M","M","R","BOSS","R","$","E","BOSS"],"build_version":"2019-01-23","purchased_purges":5,"victory":true,"max_hp_per_floor":[63,63,63,63,63,63,63,63,63,63,63,63,63,63,63,63,63,63,63,63,63,63,63,63,63,63,63,63,63,63,63,63,63,63,63,63,63,63,63,63,63,63,63,63,63,63,63,63,63,63,63,63,63,63,63],"card_choices":[{"not_picked":["Underhanded Strike","Bane"],"picked":"Crippling Poison","floor":1},{"not_picked":["Prepared","Acrobatics"],"picked":"Blur","floor":3},{"not_picked":["Underhanded Strike","All Out Attack"],"picked":"Dash","floor":7},{"not_picked":["Acrobatics","All Out Attack"],"picked":"Corpse Explosion","floor":8},{"not_picked":["Prepared","Dagger Spray"],"picked":"Dodge and Roll","floor":10},{"not_picked":["Blade Dance","Poisoned Stab"],"picked":"Crippling Poison","floor":11},{"not_picked":["Glass Knife","Choke","Sucker Punch"],"picked":"SKIP","floor":14},{"not_picked":["Bullet Time","Phantasmal Killer"],"picked":"Burst","floor":16},{"not_picked":["All Out Attack","Quick Slash"],"picked":"Backflip+1","floor":18},{"not_picked":["Deadly Poison+1","Acrobatics"],"picked":"Blur","floor":19},{"not_picked":["Dagger Throw","Eviscerate","Choke"],"picked":"SKIP","floor":23},{"not_picked":["Well Laid Plans","Deadly Poison"],"picked":"Burst","floor":27},{"not_picked":["Leg Sweep+1","Escape Plan+1"],"picked":"Noxious Fumes+1","floor":28},{"not_picked":["Eviscerate+1","Skewer"],"picked":"Venomology","floor":29},{"not_picked":["Burst","Malaise"],"picked":"After Image+1","floor":33},{"not_picked":["Skewer","Flying Knee+1"],"picked":"Footwork+1","floor":35},{"not_picked":["Dodge and Roll+1","Outmaneuver+1"],"picked":"Escape Plan+1","floor":37},{"not_picked":["Choke+1","Riddle With Holes+1","Calculated Gamble+1"],"picked":"SKIP","floor":41},{"not_picked":["Quick Slash+1","Backstab+1"],"picked":"Escape Plan","floor":45},{"not_picked":["Distraction+1","Blade Dance+1","Flying Knee+1"],"picked":"SKIP","floor":46},{"not_picked":["Bane","Outmaneuver","Quick Slash"],"picked":"SKIP","floor":47},{"not_picked":["Finisher","Deadly Poison","Dagger Throw+1"],"picked":"SKIP","floor":48},{"not_picked":["Calculated Gamble","Malaise"],"picked":"Well Laid Plans+1","floor":54}],"player_experience":13353,"relics_obtained":[{"floor":8,"key":"Letter Opener"},{"floor":10,"key":"Tingsha"},{"floor":14,"key":"Centennial Puzzle"},{"floor":22,"key":"Enchiridion"},{"floor":23,"key":"Meat on the Bone"},{"floor":26,"key":"Blood Vial"},{"floor":27,"key":"Mercury Hourglass"},{"floor":29,"key":"Ninja Scroll"},{"floor":31,"key":"Old Coin"},{"floor":31,"key":"Frozen Egg 2"},{"floor":41,"key":"Pocketwatch"},{"floor":43,"key":"Bottled Lightning"},{"floor":46,"key":"Smiling Mask"},{"floor":54,"key":"Ornamental Fan"}],"event_choices":[{"damage_healed":0,"gold_gain":0,"player_choice":"Upgraded","damage_taken":0,"max_hp_gain":0,"max_hp_loss":0,"event_name":"Upgrade Shrine","floor":4,"gold_loss":0,"cards_upgraded":["Footwork"]},{"damage_healed":0,"gold_gain":0,"player_choice":"Read","damage_taken":0,"max_hp_gain":0,"max_hp_loss":0,"event_name":"The Library","floor":20,"gold_loss":0,"cards_obtained":["Deadly Poison"]},{"damage_healed":0,"gold_gain":0,"player_choice":"Obtained Book","damage_taken":16,"max_hp_gain":0,"max_hp_loss":0,"event_name":"Cursed Tome","floor":22,"gold_loss":0},{"damage_healed":0,"gold_gain":0,"player_choice":"Fight","damage_taken":0,"max_hp_gain":0,"max_hp_loss":0,"event_name":"Colosseum","floor":31,"gold_loss":0},{"damage_healed":0,"gold_gain":0,"player_choice":"Fought Nobs","damage_taken":0,"max_hp_gain":0,"max_hp_loss":0,"event_name":"Colosseum","floor":31,"gold_loss":0},{"damage_healed":0,"gold_gain":0,"player_choice":"Got Potions","damage_taken":0,"max_hp_gain":0,"max_hp_loss":0,"event_name":"Lab","floor":36,"gold_loss":0},{"damage_healed":0,"gold_gain":0,"player_choice":"Damaged","damage_taken":6,"max_hp_gain":0,"max_hp_loss":0,"event_name":"Wheel of Change","floor":39,"gold_loss":0}],"is_beta":false,"boss_relics":[{"not_picked":["Philosopher\u0027s Stone","Velvet Choker"],"picked":"Sozu"},{"not_picked":["Black Star","Calling Bell"],"picked":"Empty Cage"}],"items_purged_floors":[13,21,38,44,53],"is_endless":false,"potions_floor_spawned":[7,10,11,14,18,27,31,33,35,37,47,48],"ascension_level":1}