{"path_per_floor":["M","?","M","M","M","M","M","$","T","R","M","?","R","M","R","B",null,"M","$","M","?"],"character_chosen":"DEFECT","items_purchased":["Capacitor","Frozen Egg 2"],"gold_per_floor":[116,116,133,145,160,171,181,127,153,153,173,138,138,154,154,254,254,267,21,34,34,34],"floor_reached":22,"campfire_rested":2,"playtime":1023,"current_hp_per_floor":[73,73,72,66,52,27,2,2,2,24,20,38,60,60,60,28,75,58,58,33,19,0],"items_purged":[],"gold":34,"score":180,"play_id":"b425f19e-2ebe-46c8-ada8-3a79c5656c1a","local_time":"20180430003408","is_prod":false,"is_daily":false,"chose_seed":false,"is_ascension_mode":false,"campfire_upgraded":1,"timestamp":1525062848,"path_taken":["M","?","M","M","M","M","M","$","T","R","?","?","R","M","R","BOSS","M","$","M","?","M"],"build_version":"2018-04-27v3","seed_source_timestamp":48746628250450,"purchased_purges":0,"victory":false,"master_deck":["Strike_B","Strike_B","Strike_B","Defend_B","Defend_B","Defend_B","Defend_B","Zap","Dualcast+1","Tempest","Defragment","Capacitor","Conserve Battery","Barrage","Streamline+1","Capacitor","Leap","Echo Form","Self Repair"],"max_hp_per_floor":[75,75,75,75,75,75,75,75,75,75,75,75,75,75,75,75,75,75,75,75,80,80],"relics":["Cracked Core","Anchor","White Beast Statue","Frozen Egg 2"],"card_choices":[{"not_picked":["Coolheaded","Stack"],"picked":"Defragment","floor":3},{"not_picked":["Reprogram","Chaos"],"picked":"Capacitor","floor":4},{"not_picked":["Steam Power","Scrape"],"picked":"Conserve Battery","floor":5},{"not_picked":["Beam Cell","Rip and Tear"],"picked":"Barrage","floor":6},{"not_picked":["Sweeping Beam","Coolheaded"],"picked":"Streamline","floor":7},{"not_picked":["Chaos","Steam Power"],"picked":"Leap","floor":11},{"not_picked":["Machine Learning","Multi-Cast"],"picked":"Echo Form","floor":16},{"not_picked":["Undo","Static Discharge"],"picked":"Self Repair","floor":18}],"player_experience":169410,"potions_floor_usage":[11,16,16,20,22,22],"damage_taken":[{"damage":2,"enemies":"Small Slimes","floor":1,"turns":4},{"damage":1,"enemies":"Cultist","floor":3,"turns":3},{"damage":6,"enemies":"2 Louse","floor":4,"turns":2},{"damage":14,"enemies":"2 Fungi Beasts","floor":5,"turns":4},{"damage":25,"enemies":"3 Louse","floor":6,"turns":4},{"damage":25,"enemies":"Exordium Wildlife","floor":7,"turns":7},{"damage":4,"enemies":"Exordium Thugs","floor":11,"turns":5},{"damage":0,"enemies":"Red Slaver","floor":14,"turns":4},{"damage":32,"enemies":"Slime Boss","floor":16,"turns":8},{"damage":17,"enemies":"Shell Parasite","floor":18,"turns":6},{"damage":51,"enemies":"Chosen","floor":20,"turns":8},{"damage":31,"enemies":"3 Cultists","floor":22,"turns":3}],"event_choices":[{"event_name":"Transmorgrifier","player_choice":"Transform","floor":2,"damage_taken":0},{"event_name":"The Cleric","player_choice":"Healed","floor":12,"damage_taken":0},{"event_name":"Forgotten Altar","player_choice":"Shed Blood","floor":21,"damage_taken":0}],"boss_relics":[{"not_picked":["Calling Bell","Pandora\u0027s Box"],"picked":"White Beast Statue"}],"potions_floor_spawned":[4,7,11,14,16,18,20],"seed_played":"-6221731080004963137","killed_by":"3 Cultists","ascension_level":0,"is_trial":false}