{"gold_per_floor":[109,120,295,295,370,396,23,23,23,54,15,26,26,61,61,156,156,172,183,198,21,21,21,31,66,93,126,126,160,160,191,191,294,294,308,308,327,327,343,343,19,19,45,73,87,11,11,21,21,21,21,21,21,47,47],"floor_reached":56,"playtime":5524,"items_purged":["Doubt","Strike_R"],"score":1342,"play_id":"928ea1ea-1ee7-4ee8-aab7-dcdd1162099a","local_time":"20190412190738","is_ascension_mode":true,"campfire_choices":[{"data":"Feed","floor":8,"key":"SMITH"},{"floor":13,"key":"REST"},{"data":"Clothesline","floor":15,"key":"SMITH"},{"data":"Spot Weakness","floor":23,"key":"SMITH"},{"floor":28,"key":"REST"},{"floor":30,"key":"RECALL"},{"data":"Dual Wield","floor":32,"key":"SMITH"},{"data":"Offering","floor":40,"key":"SMITH"},{"data":"True Grit","floor":42,"key":"SMITH"},{"data":"Warcry","floor":47,"key":"SMITH"},{"data":"Warcry","floor":49,"key":"SMITH"},{"data":"Sword Boomerang","floor":52,"key":"SMITH"}],"neow_cost":"NONE","seed_source_timestamp":134755175552379,"circlet_count":0,"master_deck":["Defend_R","Defend_R","Defend_R","Defend_R","Bash","Feed+1","Iron Wave","Clothesline+1","Spot Weakness+1","Corruption+1","Feel No Pain+1","Sword Boomerang+1","Juggernaut+1","Warcry+1","Warcry+1","Metallicize+1","Bite","Bite","Bite","Bite","Bite","Havoc+1","Intimidate+1","True Grit+1","Dual Wield+1","Offering+1","Armaments","Demon Form+1","True Grit+1","Sentinel","Uppercut"],"relics":["Burning Blood","Singing Bowl","Frozen Egg 2","Ginger","Oddly Smooth Stone","WingedGreaves","Philosopher\u0027s Stone","Dream Catcher","Regal Pillow","Pear","Torii","Paper Frog","Busted Crown","Art of War","Lantern","Bottled Tornado","Happy Flower"],"potions_floor_usage":[12,14,16,25,27,44,54,55,55],"damage_taken":[{"damage":7,"enemies":"2 Louse","floor":1,"turns":3},{"damage":0,"enemies":"Small Slimes","floor":2,"turns":3},{"damage":50,"enemies":"3 Sentries","floor":6,"turns":12},{"damage":26,"enemies":"Gremlin Nob","floor":10,"turns":5},{"damage":8,"enemies":"Jaw Worm","floor":12,"turns":2},{"damage":21,"enemies":"3 Sentries","floor":14,"turns":7},{"damage":19,"enemies":"Hexaghost","floor":16,"turns":8},{"damage":19,"enemies":"3 Byrds","floor":18,"turns":4},{"damage":15,"enemies":"Spheric Guardian","floor":19,"turns":4},{"damage":22,"enemies":"Centurion and Healer","floor":20,"turns":6},{"damage":17,"enemies":"Cultist and Chosen","floor":24,"turns":6},{"damage":34,"enemies":"Gremlin Leader","floor":25,"turns":5},{"damage":56,"enemies":"Slavers","floor":27,"turns":6},{"damage":15,"enemies":"Gremlin Leader","floor":29,"turns":7},{"damage":13,"enemies":"Book of Stabbing","floor":31,"turns":5},{"damage":50,"enemies":"Automaton","floor":33,"turns":10},{"damage":14,"enemies":"3 Shapes","floor":35,"turns":3},{"damage":6,"enemies":"3 Darklings","floor":37,"turns":6},{"damage":37,"enemies":"Sphere and 2 Shapes","floor":39,"turns":4},{"damage":6,"enemies":"Giant Head","floor":44,"turns":7},{"damage":6,"enemies":"Jaw Worm Horde","floor":45,"turns":5},{"damage":8,"enemies":"Maw","floor":48,"turns":6},{"damage":37,"enemies":"Donu and Deca","floor":50,"turns":8},{"damage":65,"enemies":"Shield and Spear","floor":54,"turns":6},{"damage":61,"enemies":"The Heart","floor":55,"turns":8}],"seed_played":"7297721458487101182","potions_obtained":[{"floor":1,"key":"Weak Potion"},{"floor":10,"key":"PowerPotion"},{"floor":14,"key":"PowerPotion"},{"floor":16,"key":"Regen Potion"},{"floor":18,"key":"Dexterity Potion"},{"floor":29,"key":"GamblersBrew"},{"floor":35,"key":"Weak Potion"},{"floor":44,"key":"Energy Potion"},{"floor":54,"key":"Ancient Potion"}],"is_trial":false,"path_per_floor":["?","?","?","$","M","?","?","M","T"],"character_chosen":"IRONCLAD","items_purchased":["Frozen Egg 2","PowerPotion","Feel No Pain+1","Metallicize+1","Demon Form+1","Lantern","True Grit","Sentinel"],"campfire_rested":2,"item_purchase_floors":[7,7,11,21,41,41,41,46],"current_hp_per_floor":[82,86,86,91,80,39,39,39,39,19,19,23,53,42,42,29,104,91,84,72,72,72,72,67,57,57,42,85,90,90,89,89,61,95,97,97,107,107,84,84,84,84,84,102,114,114,114,125,125,108,125,125,125,72,27],"gold":47,"neow_bonus":"ONE_RANDOM_RARE_CARD","is_prod":false,"is_daily":false,"chose_seed":false,"campfire_upgraded":9,"win_rate":0,"timestamp":1555092458,"path_taken":["M","M","?","?","?","E","$","R","T","E","?","M","R","E","R","BOSS","M","?","M","$","?","R","M","E","T","E","R","E","R","E","R","BOSS","M","?","?","?","M","R","$","R","T","E","M","$","R","M","R","BOSS","R","$","E","BOSS"],"build_version":"2019-01-23","purchased_purges":2,"victory":true,"max_hp_per_floor":[83,86,86,91,91,94,94,94,94,94,94,100,100,104,104,104,104,104,106,110,110,77,77,77,77,77,89,91,91,91,91,91,95,95,101,101,107,107,111,111,111,111,111,113,119,119,119,125,125,125,125,125,125,125,125],"card_choices":[{"not_picked":["Entrench","Metallicize"],"picked":"Iron Wave","floor":1},{"not_picked":["Twin Strike","Second Wind"],"picked":"Clothesline","floor":2},{"not_picked":["Headbutt","Shrug It Off"],"picked":"Spot Weakness","floor":6},{"not_picked":["Barricade+1","Whirlwind"],"picked":"Corruption+1","floor":10},{"not_picked":["Hemokinesis","Intimidate","Combust+1"],"picked":"Singing Bowl","floor":12},{"not_picked":["Power Through","Cleave"],"picked":"Sword Boomerang","floor":14},{"not_picked":["Immolate","Dark Embrace+1"],"picked":"Juggernaut+1","floor":16},{"not_picked":["Blood for Blood","Wild Strike"],"picked":"Warcry","floor":18},{"not_picked":["Anger","Twin Strike+1","Flex"],"picked":"Singing Bowl","floor":19},{"not_picked":["Heavy Blade","Combust+1"],"picked":"Warcry","floor":20},{"not_picked":["Heavy Blade+1","Twin Strike"],"picked":"Havoc+1","floor":24},{"not_picked":["Barricade+1","Twin Strike"],"picked":"Intimidate+1","floor":25},{"not_picked":["Pommel Strike","Seeing Red","Heavy Blade"],"picked":"Singing Bowl","floor":27},{"not_picked":["Dropkick","Bloodletting+1","Clash"],"picked":"Singing Bowl","floor":28},{"not_picked":["Pommel Strike","Sword Boomerang"],"picked":"True Grit+1","floor":29},{"not_picked":["Spot Weakness","Carnage+1"],"picked":"Dual Wield","floor":31},{"not_picked":["Berserk+1","Juggernaut+1"],"picked":"Offering","floor":33},{"not_picked":["Iron Wave"],"picked":"Singing Bowl","floor":35},{"not_picked":["Iron Wave"],"picked":"Singing Bowl","floor":37},{"not_picked":[],"picked":"Armaments","floor":39},{"not_picked":["Cleave"],"picked":"Singing Bowl","floor":44},{"not_picked":["Clothesline+1"],"picked":"Singing Bowl","floor":45},{"not_picked":["Corruption+1"],"picked":"Singing Bowl","floor":48},{"not_picked":[],"picked":"Uppercut","floor":54}],"player_experience":563103,"relics_obtained":[{"floor":6,"key":"Singing Bowl"},{"floor":9,"key":"Ginger"},{"floor":10,"key":"Oddly Smooth Stone"},{"floor":14,"key":"WingedGreaves"},{"floor":25,"key":"Dream Catcher"},{"floor":26,"key":"Regal Pillow"},{"floor":27,"key":"Pear"},{"floor":29,"key":"Torii"},{"floor":31,"key":"Paper Frog"},{"floor":38,"key":"Art of War"},{"floor":44,"key":"Bottled Tornado"},{"floor":54,"key":"Happy Flower"}],"event_choices":[{"damage_healed":0,"gold_gain":175,"player_choice":"AGREE","damage_taken":0,"max_hp_gain":0,"max_hp_loss":0,"event_name":"Liars Game","floor":3,"gold_loss":0,"cards_obtained":["Doubt"]},{"damage_healed":0,"gold_gain":0,"player_choice":"Donut","damage_taken":0,"max_hp_gain":5,"max_hp_loss":0,"event_name":"Big Fish","floor":4,"gold_loss":0},{"damage_healed":0,"gold_gain":75,"player_choice":"Gather Gold","damage_taken":11,"max_hp_gain":0,"max_hp_loss":0,"event_name":"World of Goop","floor":5,"gold_loss":0},{"damage_healed":0,"gold_gain":0,"player_choice":"Became a vampire","damage_taken":0,"max_hp_gain":0,"max_hp_loss":33,"event_name":"Vampires","floor":22,"gold_loss":0,"cards_obtained":["Bite","Bite","Bite","Bite","Bite"]},{"damage_healed":0,"gold_gain":0,"player_choice":"Got Potions","damage_taken":0,"max_hp_gain":0,"max_hp_loss":0,"event_name":"Lab","floor":36,"gold_loss":0}],"is_beta":false,"boss_relics":[{"not_picked":["Eternal Feather","Astrolabe"],"picked":"Philosopher\u0027s Stone"},{"not_picked":["White Beast Statue","Snecko Eye"],"picked":"Busted Crown"}],"items_purged_floors":[7,21],"is_endless":false,"potions_floor_spawned":[1,10,14,16,18,19,20,29,35,39,44,54],"ascension_level":1}