{"gold_per_floor":[116,116,135,135,149,174,174,193,193,208,220,254,270,44,44,121,121,133,133,48,48,62,62,73,73,96,124,141,141,158,183,183,257,257,276,201,246,246,346,379,379,409,409,409,409,409,436,39,39,39,39],"floor_reached":51,"playtime":3127,"items_purged":["Strike_B"],"score":1512,"play_id":"34318e8b-b05b-40a9-aab8-5e9e372e7339","local_time":"20190420232046","is_ascension_mode":true,"campfire_choices":[{"floor":7.0,"key":"REST"},{"floor":15.0,"key":"REST"},{"data":"Zap","floor":23.0,"key":"SMITH"},{"floor":25.0,"key":"REST"},{"floor":32.0,"key":"REST"},{"floor":41.0,"key":"REST"},{"floor":45,"key":"DIG"},{"floor":49,"key":"REST"}],"neow_cost":"NONE","seed_source_timestamp":50478860445258,"circlet_count":0,"master_deck":["AscendersBane","Strike_B","Defend_B","Defend_B","Zap+1","Dualcast","Streamline+1","Rebound+1","Fission+1","Cold Snap","Echo Form","Ball Lightning","Cold Snap","Coolheaded","Meteor Strike","Die Die Die","Shockwave","Seek","Cold Snap+1","Noxious Fumes+1","Disarm","Feed","Backflip","Dual Wield+1","Metallicize","Flame Barrier+1"],"special_seed":0,"relics":["Astrolabe","Emotion Chip","Matryoshka","Vajra","Bottled Lightning","Omamori","PrismaticShard","Cursed Key","Enchiridion","Meat on the Bone","Juzu Bracelet","Potion Belt","Pen Nib","Anchor","Calipers","Black Star","Dead Branch","Nunchaku","Happy Flower","Oddly Smooth Stone","Shovel","Kunai","Blood Vial","Sundial","Strawberry","ClockworkSouvenir","Lantern"],"potions_floor_usage":[47],"damage_taken":[{"damage":7.0,"enemies":"Jaw Worm","floor":1.0,"turns":2.0},{"damage":1.0,"enemies":"Cultist","floor":3.0,"turns":3.0},{"damage":2.0,"enemies":"2 Louse","floor":5.0,"turns":2.0},{"damage":25.0,"enemies":"Lagavulin","floor":6.0,"turns":5.0},{"damage":12.0,"enemies":"Looter","floor":8.0,"turns":3.0},{"damage":16.0,"enemies":"Exordium Thugs","floor":10.0,"turns":3.0},{"damage":6.0,"enemies":"3 Louse","floor":11.0,"turns":2.0},{"damage":6.0,"enemies":"Gremlin Nob","floor":12.0,"turns":3.0},{"damage":7.0,"enemies":"2 Fungi Beasts","floor":13.0,"turns":3.0},{"damage":12.0,"enemies":"Hexaghost","floor":16.0,"turns":9.0},{"damage":3.0,"enemies":"Chosen","floor":18.0,"turns":5.0},{"damage":16.0,"enemies":"Shell Parasite","floor":22.0,"turns":5.0},{"damage":12.0,"enemies":"Shelled Parasite and Fungi","floor":24.0,"turns":5.0},{"damage":10.0,"enemies":"Gremlin Leader","floor":27.0,"turns":5.0},{"damage":0.0,"enemies":"Sentry and Sphere","floor":28.0,"turns":3.0},{"damage":9.0,"enemies":"Snecko","floor":30.0,"turns":4.0},{"damage":23.0,"enemies":"Slavers","floor":31.0,"turns":5.0},{"damage":37.0,"enemies":"Champ","floor":33.0,"turns":11.0},{"damage":9.0,"enemies":"Orb Walker","floor":35.0,"turns":3.0},{"damage":52.0,"enemies":"2 Orb Walkers","floor":37.0,"turns":6.0},{"damage":3.0,"enemies":"Mind Bloom Boss Battle","floor":39.0,"turns":6.0},{"damage":8.0,"enemies":"Giant Head","floor":40.0,"turns":10.0},{"damage":15.0,"enemies":"Reptomancer","floor":42.0,"turns":4.0},{"damage":8,"enemies":"Nemesis","floor":47,"turns":7},{"damage":68,"enemies":"Awakened One","floor":50,"turns":18},{"damage":33,"enemies":"Donu and Deca","floor":51,"turns":3}],"seed_played":"4456040014994008059","potions_obtained":[{"floor":1.0,"key":"FocusPotion"},{"floor":3.0,"key":"FocusPotion"},{"floor":10.0,"key":"Swift Potion"},{"floor":24.0,"key":"Poison Potion"},{"floor":27.0,"key":"Weak Potion"},{"floor":30.0,"key":"Poison Potion"},{"floor":35.0,"key":"Weak Potion"},{"floor":39.0,"key":"Fire Potion"}],"is_trial":false,"path_per_floor":["M","?","M","?","M","E","R","M","T","M","M","E","M","$","R","B",null,"M","?","?","?","M","R","M","R","T","E","M","?","M","E","R","B",null,"M","$","?","?","?","E","R","E","T","?","R","?","E","$","R","B","B"],"character_chosen":"DEFECT","items_purchased":["PrismaticShard","ClockworkSouvenir","Lantern"],"campfire_rested":6,"item_purchase_floors":[14,48,48],"current_hp_per_floor":[57,57,56,56,54,29,50,38,38,22,16,10,3,3,24,12,56,53,32,32,32,28,28,28,49,49,39,39,39,42,31,52,27,60,51,51,14,14,26,30,53,50,50,50,50,50,54,54,78,27,0],"gold":39,"neow_bonus":"BOSS_RELIC","is_prod":false,"is_daily":false,"chose_seed":false,"campfire_upgraded":1,"win_rate":0,"timestamp":1555795246,"path_taken":["M","?","?","?","M","E","R","M","T","M","M","E","M","$","R","BOSS","M","?","?","?","?","R","M","R","T","E","M","?","M","E","R","BOSS","M","$","?","?","?","E","R","E","T","?","R","?","E","?","R","BOSS","BOSS"],"build_version":"2019-04-20","purchased_purges":1,"victory":false,"max_hp_per_floor":[71,71,71,71,71,71,71,71,71,71,71,71,71,71,71,71,71,71,71,71,71,71,71,71,71,71,71,71,71,71,71,71,71,71,71,71,74,74,77,77,77,77,77,77,77,73,83,83,83,86,86],"card_choices":[{"not_picked":["Tempest","Turbo"],"picked":"Cold Snap","floor":1.0},{"not_picked":["Gash","Rebound","Steam"],"picked":"SKIP","floor":3.0},{"not_picked":["Fusion","Blizzard","Heatsinks"],"picked":"SKIP","floor":5.0},{"not_picked":["Stack","Genetic Algorithm"],"picked":"Echo Form","floor":6.0},{"not_picked":["Steam","Streamline"],"picked":"Ball Lightning","floor":8.0},{"not_picked":["Streamline","Darkness"],"picked":"Cold Snap","floor":10.0},{"not_picked":["Blizzard","Lockon"],"picked":"Coolheaded","floor":11.0},{"not_picked":["Auto Shields","Fission"],"picked":"Meteor Strike","floor":12.0},{"not_picked":["Rebound","Redo","Sweeping Beam"],"picked":"SKIP","floor":13.0},{"not_picked":["Meteor Strike","Immolate"],"picked":"Die Die Die","floor":16.0},{"not_picked":["FTL","Turbo"],"picked":"Shockwave","floor":18.0},{"not_picked":["Gash","Deadly Poison"],"picked":"Cold Snap+1","floor":22.0},{"not_picked":["Rampage","Clash","Deadly Poison"],"picked":"SKIP","floor":24.0},{"not_picked":["Hologram","Deep Breath"],"picked":"Noxious Fumes+1","floor":27.0},{"not_picked":["Prepared","Blade Dance"],"picked":"Disarm","floor":28.0},{"not_picked":["Barrage","Rebound","Wild Strike"],"picked":"SKIP","floor":30.0},{"not_picked":["Grand Finale","Heavy Blade","Sword Boomerang"],"picked":"SKIP","floor":31.0},{"not_picked":["Corpse Explosion","Chrysalis"],"picked":"Feed","floor":33.0},{"not_picked":["Dagger Throw","Compile Driver"],"picked":"Backflip","floor":35.0},{"not_picked":["Heavy Blade","Turbo"],"picked":"Dual Wield+1","floor":37.0},{"not_picked":["Twin Strike+1","Turbo"],"picked":"Metallicize","floor":39.0},{"not_picked":["Clothesline","Redo"],"picked":"Flame Barrier+1","floor":40.0},{"not_picked":["Berserk","Perfected Strike","Hemokinesis"],"picked":"SKIP","floor":42.0},{"not_picked":["Hello World","Armaments","Deflect"],"picked":"SKIP","floor":47}],"player_experience":1176805,"relics_obtained":[{"floor":6.0,"key":"Matryoshka"},{"floor":9.0,"key":"Vajra"},{"floor":9.0,"key":"Bottled Lightning"},{"floor":12.0,"key":"Omamori"},{"floor":19.0,"key":"Enchiridion"},{"floor":26.0,"key":"Juzu Bracelet"},{"floor":26.0,"key":"Potion Belt"},{"floor":27.0,"key":"Pen Nib"},{"floor":31.0,"key":"Calipers"},{"floor":37.0,"key":"Dead Branch"},{"floor":39.0,"key":"Nunchaku"},{"floor":40.0,"key":"Happy Flower"},{"floor":40.0,"key":"Oddly Smooth Stone"},{"floor":42.0,"key":"Shovel"},{"floor":42.0,"key":"Kunai"},{"floor":45,"key":"Blood Vial"},{"floor":47,"key":"Sundial"},{"floor":47,"key":"Strawberry"}],"event_choices":[{"damage_healed":0.0,"max_hp_gain":0.0,"max_hp_loss":0.0,"gold_gain":0.0,"event_name":"WeMeetAgain","player_choice":"Gave Potion","floor":2.0,"gold_loss":0.0,"damage_taken":0.0,"relics_obtained":["Emotion Chip"]},{"damage_healed":0.0,"max_hp_gain":0.0,"max_hp_loss":0.0,"gold_gain":0.0,"event_name":"Shining Light","player_choice":"Ignored","floor":4.0,"gold_loss":0.0,"damage_taken":0.0},{"damage_healed":0.0,"max_hp_gain":0.0,"max_hp_loss":0.0,"gold_gain":0.0,"event_name":"Cursed Tome","player_choice":"Obtained Book","floor":19.0,"gold_loss":0.0,"damage_taken":21.0},{"damage_healed":0.0,"max_hp_gain":0.0,"max_hp_loss":0.0,"gold_gain":0.0,"event_name":"Addict","player_choice":"Obtained Relic","floor":20.0,"gold_loss":85.0,"damage_taken":0.0,"relics_obtained":["Meat on the Bone"]},{"damage_healed":0.0,"max_hp_gain":0.0,"max_hp_loss":0.0,"gold_gain":0.0,"event_name":"Match and Keep!","player_choice":"1 cards matched","floor":21.0,"gold_loss":0.0,"damage_taken":0.0,"cards_obtained":["Seek"]},{"damage_healed":0.0,"max_hp_gain":0.0,"max_hp_loss":0.0,"gold_gain":0.0,"event_name":"The Mausoleum","player_choice":"Opened","floor":29.0,"gold_loss":0.0,"damage_taken":0.0,"relics_obtained":["Anchor"],"cards_obtained":["Writhe"]},{"damage_healed":0.0,"max_hp_gain":0.0,"max_hp_loss":0.0,"gold_gain":0.0,"event_name":"Mysterious Sphere","player_choice":"Fight","floor":37.0,"gold_loss":0.0,"damage_taken":0.0},{"cards_removed":["Strike_B"],"damage_healed":0.0,"max_hp_gain":0.0,"max_hp_loss":0.0,"gold_gain":0.0,"event_name":"Purifier","player_choice":"Purged","floor":38.0,"gold_loss":0.0,"damage_taken":0.0},{"damage_healed":0.0,"max_hp_gain":0.0,"max_hp_loss":0.0,"gold_gain":0.0,"event_name":"MindBloom","player_choice":"Fight","floor":39.0,"gold_loss":0.0,"damage_taken":0.0},{"damage_healed":0,"gold_gain":0,"player_choice":"Memory 1","damage_taken":0,"max_hp_gain":0,"max_hp_loss":0,"event_name":"SensoryStone","floor":44,"gold_loss":0},{"damage_healed":0,"gold_gain":0,"player_choice":"Max HP","damage_taken":0,"max_hp_gain":0,"max_hp_loss":4,"event_name":"Winding Halls","floor":46,"gold_loss":0}],"is_beta":true,"boss_relics":[{"not_picked":["Lizard Tail","Pandora\u0027s Box"],"picked":"Cursed Key"},{"not_picked":["Coffee Dripper","Runic Dome"],"picked":"Black Star"}],"items_purged_floors":[36],"is_endless":false,"potions_floor_spawned":[1,3,10,24,27,30,35,39],"killed_by":"Donu and Deca","ascension_level":20}