{"gold_per_floor":[110,110,128,143,153,153,168,168,168,168,200,128,138,148,148,148],"floor_reached":16,"playtime":573,"items_purged":[],"score":161,"play_id":"3d360874-4f32-4c7e-bdda-da9bfc417e54","local_time":"20190424175512","is_ascension_mode":true,"campfire_choices":[{"data":"True Grit","floor":6.0,"key":"SMITH"},{"data":"Bash","floor":8.0,"key":"SMITH"},{"floor":10.0,"key":"REST"},{"data":"Rupture","floor":15.0,"key":"SMITH"}],"neow_cost":"NONE","seed_source_timestamp":90105916839400,"circlet_count":0,"master_deck":["AscendersBane","Strike_R","Strike_R","Strike_R","Strike_R","Strike_R","Defend_R","Defend_R","Defend_R","Bash+1","Perfected Strike","Thunderclap","Clothesline","True Grit+1","Spot Weakness","Rampage","Rupture+1","Combust","Shrug It Off"],"special_seed":0,"relics":["Burning Blood","Dodecahedron","Mercury Hourglass"],"potions_floor_usage":[16,16],"damage_taken":[{"damage":16.0,"enemies":"Jaw Worm","floor":1.0,"turns":5.0},{"damage":1.0,"enemies":"Cultist","floor":3.0,"turns":3.0},{"damage":7.0,"enemies":"2 Louse","floor":4.0,"turns":3.0},{"damage":34.0,"enemies":"Exordium Wildlife","floor":5.0,"turns":7.0},{"damage":13.0,"enemies":"Red Slaver","floor":7.0,"turns":5.0},{"damage":38.0,"enemies":"3 Sentries","floor":11.0,"turns":6.0},{"damage":16.0,"enemies":"Blue Slaver","floor":13.0,"turns":3.0},{"damage":7.0,"enemies":"2 Fungi Beasts","floor":14.0,"turns":3.0},{"damage":13,"enemies":"Hexaghost","floor":16,"turns":7}],"seed_played":"-1658821008366782392","potions_obtained":[{"floor":3.0,"key":"Strength Potion"},{"floor":13.0,"key":"SteroidPotion"}],"is_trial":false,"path_per_floor":["M","?","M","M","M","R","M","R","T","R","E","$","M","M","R","B"],"character_chosen":"IRONCLAD","items_purchased":["Combust"],"campfire_rested":1,"item_purchase_floors":[12],"current_hp_per_floor":[62,62,67,66,38,38,31,31,31,55,23,23,13,12,12,0],"gold":148,"neow_bonus":"THREE_CARDS","is_prod":false,"is_daily":false,"chose_seed":false,"campfire_upgraded":3,"win_rate":0,"timestamp":1556142912,"path_taken":["M","?","M","M","?","R","?","R","T","R","E","$","M","M","R","BOSS"],"build_version":"2019-01-23","purchased_purges":0,"victory":false,"max_hp_per_floor":[80,80,80,80,80,80,80,80,80,80,80,80,80,80,80,80],"card_choices":[{"not_picked":["Pommel Strike","Sword Boomerang"],"picked":"Perfected Strike","floor":0.0},{"not_picked":["Body Slam","Dropkick"],"picked":"Thunderclap","floor":1.0},{"not_picked":["Perfected Strike","Entrench"],"picked":"Clothesline","floor":3.0},{"not_picked":["Headbutt","Heavy Blade"],"picked":"True Grit","floor":4.0},{"not_picked":["Twin Strike","Infernal Blade"],"picked":"Spot Weakness","floor":5.0},{"not_picked":["Rage","Clash"],"picked":"Rampage","floor":7.0},{"not_picked":["Perfected Strike","Bloodletting"],"picked":"Rupture","floor":11.0},{"not_picked":["Ghostly Armor","Iron Wave"],"picked":"Shrug It Off","floor":13.0},{"not_picked":["Rage","Clothesline","Wild Strike"],"picked":"SKIP","floor":14.0}],"player_experience":618950,"relics_obtained":[{"floor":9.0,"key":"Dodecahedron"},{"floor":11.0,"key":"Mercury Hourglass"}],"event_choices":[{"cards_removed":["Defend_R"],"damage_healed":0.0,"max_hp_gain":0.0,"max_hp_loss":0.0,"gold_gain":0.0,"event_name":"Purifier","player_choice":"Purged","floor":2.0,"gold_loss":0.0,"damage_taken":0.0}],"is_beta":false,"boss_relics":[],"items_purged_floors":[],"is_endless":false,"potions_floor_spawned":[3,13],"killed_by":"Hexaghost","ascension_level":11}