{"gold_per_floor":[112,127,138,211,230,230,530,543,543,573,9,20,20,39,39,39],"floor_reached":16,"playtime":585,"items_purged":[],"score":109,"play_id":"d51125a8-6b6a-468f-9ac8-6940c2199055","local_time":"20181027110345","is_ascension_mode":true,"campfire_choices":[{"data":"Hemokinesis","floor":6,"key":"SMITH"},{"data":"Armaments","floor":13,"key":"SMITH"},{"floor":15,"key":"REST"}],"neow_cost":"NONE","seed_source_timestamp":1657479088500,"circlet_count":0,"master_deck":["Strike_R","Strike_R","Strike_R","Strike_R","Strike_R","Defend_R","Defend_R","Defend_R","Defend_R","Bash","Fiend Fire","Flame Barrier","Body Slam","Hemokinesis+1","Heavy Blade","Juggernaut","Limit Break","Chrysalis","Flex","Armaments+1"],"relics":["Burning Blood","Old Coin","Question Card","Shuriken","Sling"],"potions_floor_usage":[8,10,10,16],"damage_taken":[{"damage":0,"enemies":"Small Slimes","floor":1,"turns":3},{"damage":1,"enemies":"Cultist","floor":2,"turns":4},{"damage":0,"enemies":"Jaw Worm","floor":3,"turns":4},{"damage":11,"enemies":"2 Fungi Beasts","floor":5,"turns":3},{"damage":16,"enemies":"Exordium Thugs","floor":8,"turns":4},{"damage":16,"enemies":"Gremlin Nob","floor":10,"turns":3},{"damage":14,"enemies":"Blue Slaver","floor":12,"turns":2},{"damage":23,"enemies":"Exordium Wildlife","floor":14,"turns":6},{"damage":59,"enemies":"Hexaghost","floor":16,"turns":10}],"seed_played":"-2272316791091581925","potions_obtained":[{"floor":1,"key":"GamblersBrew"},{"floor":3,"key":"Regen Potion"},{"floor":5,"key":"LiquidBronze"},{"floor":8,"key":"Energy Potion"}],"is_trial":false,"path_per_floor":["M","M","M","?","M","R","?","M","T","E","$","M","R","M","R"],"character_chosen":"IRONCLAD","items_purchased":["Limit Break","Sling","Chrysalis","Flex"],"campfire_rested":1,"item_purchase_floors":[11,11,11,11],"current_hp_per_floor":[80,80,80,80,75,75,68,58,58,57,57,49,49,32,56,0],"gold":39,"neow_bonus":"ONE_RANDOM_RARE_CARD","is_prod":false,"is_daily":false,"chose_seed":false,"campfire_upgraded":2,"win_rate":0,"timestamp":1540652625,"path_taken":["M","M","M","?","M","R","?","M","T","E","$","M","R","M","R","BOSS"],"build_version":"2018-10-25v2","purchased_purges":0,"victory":false,"max_hp_per_floor":[80,80,80,80,80,80,80,80,80,80,80,80,80,80,80,80],"card_choices":[{"not_picked":["Infernal Blade","Metallicize"],"picked":"Flame Barrier","floor":1},{"not_picked":["Clash","Headbutt"],"picked":"Body Slam","floor":2},{"not_picked":["Warcry","True Grit"],"picked":"Hemokinesis","floor":3},{"not_picked":["Twin Strike","Reckless Charge"],"picked":"Heavy Blade","floor":5},{"not_picked":["Carnage","Twin Strike","Perfected Strike"],"picked":"SKIP","floor":8},{"not_picked":["Sword Boomerang","Headbutt","Wild Strike"],"picked":"Juggernaut","floor":10},{"not_picked":["Cleave","Havoc","Heavy Blade"],"picked":"Armaments","floor":12},{"not_picked":["Sword Boomerang","Thunderclap","Anger","Body Slam"],"picked":"SKIP","floor":14}],"player_experience":251148,"relics_obtained":[{"floor":9,"key":"Question Card"},{"floor":10,"key":"Shuriken"}],"event_choices":[{"damage_healed":0,"gold_gain":73,"player_choice":"Gained Gold","damage_taken":0,"max_hp_gain":0,"max_hp_loss":0,"event_name":"Golden Wing","floor":4,"gold_loss":0},{"damage_healed":0,"gold_gain":0,"player_choice":"Success","damage_taken":7,"relics_obtained":["Old Coin"],"max_hp_gain":0,"max_hp_loss":0,"event_name":"Scrap Ooze","floor":7,"gold_loss":0}],"is_beta":true,"boss_relics":[],"items_purged_floors":[],"is_endless":false,"potions_floor_spawned":[1,3,5,8],"killed_by":"Hexaghost","ascension_level":1}