{"gold_per_floor":[116,116,291,52,63,63,36,36,36,53,79,99,129,140,140,237,237,252,2,17,17,17,17,50,62,62,36,46,46,46],"floor_reached":30,"playtime":2442,"items_purged":["Doubt","Clumsy"],"score":296,"play_id":"b490ffb1-5896-4280-8069-a75bca045e26","local_time":"20190301235155","is_ascension_mode":true,"campfire_choices":[{"data":"Flame Barrier","floor":6,"key":"SMITH"},{"data":"Flex","floor":8,"key":"SMITH"},{"data":"Heavy Blade","floor":15,"key":"SMITH"},{"data":"Body Slam","floor":23,"key":"SMITH"}],"neow_cost":"CURSE","seed_source_timestamp":286805537700281,"circlet_count":0,"master_deck":["Strike_R","Strike_R","Strike_R","Strike_R","Defend_R","Defend_R","Defend_R","Bash","Feed+1","Cleave","Flame Barrier+1","Heavy Blade+1","True Grit","Flex+1","Shrug It Off","Intimidate","Flex","Sword Boomerang","Body Slam+1","Feed","Flex","Rage","Anger","Combust+1","Shrug It Off","Thunderclap","Rupture"],"relics":["Black Blood","Letter Opener","Blood Vial","Ancient Tea Set","Anchor","Strawberry","Shuriken"],"potions_floor_usage":[28],"damage_taken":[{"damage":6,"enemies":"Jaw Worm","floor":1,"turns":3},{"damage":0,"enemies":"Small Slimes","floor":5,"turns":2},{"damage":0,"enemies":"Cultist","floor":10,"turns":3},{"damage":13,"enemies":"3 Sentries","floor":11,"turns":6},{"damage":0,"enemies":"Looter","floor":12,"turns":4},{"damage":18,"enemies":"Gremlin Nob","floor":13,"turns":4},{"damage":20,"enemies":"Red Slaver","floor":14,"turns":5},{"damage":25,"enemies":"Slime Boss","floor":16,"turns":10},{"damage":25,"enemies":"2 Thieves","floor":18,"turns":5},{"damage":20,"enemies":"Spheric Guardian","floor":20,"turns":4},{"damage":66,"enemies":"Book of Stabbing","floor":24,"turns":7},{"damage":12,"enemies":"3 Cultists","floor":25,"turns":3},{"damage":6,"enemies":"Snake Plant","floor":28,"turns":3},{"damage":40,"enemies":"Cultist and Chosen","floor":30,"turns":6}],"seed_played":"4719651422138778213","potions_obtained":[{"floor":1,"key":"PowerPotion"},{"floor":11,"key":"Ancient Potion"},{"floor":13,"key":"SteroidPotion"},{"floor":20,"key":"Explosive Potion"}],"is_trial":false,"path_per_floor":["?","?","$","M","?","?","M"],"character_chosen":"IRONCLAD","items_purchased":["Flame Barrier","Heavy Blade","True Grit","Shrug It Off","Anchor","Thunderclap"],"campfire_rested":0,"item_purchase_floors":[4,4,4,7,19,27],"current_hp_per_floor":[83,83,83,83,87,87,87,87,87,87,84,91,79,67,67,50,91,79,79,71,71,71,71,24,28,28,28,37,37,0],"gold":46,"neow_bonus":"THREE_RARE_CARDS","is_prod":false,"is_daily":false,"chose_seed":false,"campfire_upgraded":4,"win_rate":0,"timestamp":1551484315,"path_taken":["M","?","?","$","M","R","?","R","T","?","E","M","E","M","R","BOSS","M","$","M","?","?","R","E","M","T","$","M","$","?"],"build_version":"2019-01-23","purchased_purges":2,"victory":false,"max_hp_per_floor":[83,83,83,83,87,87,87,87,87,87,91,91,91,91,91,91,91,94,94,94,94,94,94,101,105,105,105,108,108,108],"card_choices":[{"not_picked":["Bludgeon","Offering"],"picked":"Feed","floor":0},{"not_picked":["True Grit","Searing Blow"],"picked":"Cleave","floor":1},{"not_picked":["Corruption","Feel No Pain"],"picked":"Flex","floor":5},{"not_picked":["Clothesline","Bloodletting"],"picked":"Intimidate","floor":10},{"not_picked":["Armaments","Fiend Fire"],"picked":"Flex","floor":11},{"not_picked":["Perfected Strike","Feel No Pain"],"picked":"Sword Boomerang","floor":12},{"not_picked":["Feel No Pain","Sword Boomerang","Perfected Strike"],"picked":"SKIP","floor":13},{"not_picked":["Blood for Blood","Headbutt"],"picked":"Body Slam","floor":14},{"not_picked":["Reaper","Dark Embrace"],"picked":"Feed","floor":16},{"not_picked":["Heavy Blade","Clothesline"],"picked":"Flex","floor":18},{"not_picked":["Ghostly Armor","Clash"],"picked":"Rage","floor":20},{"not_picked":["Cleave+1","Clothesline"],"picked":"Combust+1","floor":24},{"not_picked":["Clash","Ghostly Armor"],"picked":"Shrug It Off","floor":25},{"not_picked":["Headbutt","Hemokinesis"],"picked":"Rupture","floor":28}],"player_experience":65110,"relics_obtained":[{"floor":9,"key":"Letter Opener"},{"floor":11,"key":"Blood Vial"},{"floor":13,"key":"Ancient Tea Set"},{"floor":24,"key":"Strawberry"},{"floor":26,"key":"Shuriken"}],"event_choices":[{"damage_healed":0,"gold_gain":0,"player_choice":"Grow","damage_taken":0,"max_hp_gain":0,"max_hp_loss":0,"event_name":"Living Wall","floor":2,"gold_loss":0,"cards_upgraded":["Feed"]},{"damage_healed":0,"gold_gain":175,"player_choice":"AGREE","damage_taken":0,"max_hp_gain":0,"max_hp_loss":0,"event_name":"Liars Game","floor":3,"gold_loss":0,"cards_obtained":["Doubt"]},{"cards_removed":["Strike_R"],"damage_healed":0,"gold_gain":0,"player_choice":"Elegance","damage_taken":0,"max_hp_gain":0,"max_hp_loss":0,"event_name":"Back to Basics","floor":21,"gold_loss":0},{"damage_healed":0,"gold_gain":0,"cards_transformed":["Defend_R"],"player_choice":"Transformed","damage_taken":0,"max_hp_gain":0,"max_hp_loss":0,"event_name":"Transmorgrifier","floor":22,"gold_loss":0,"cards_obtained":["Anger"]}],"is_beta":false,"boss_relics":[{"not_picked":["White Beast Statue","Runic Dome"],"picked":"Black Blood"}],"items_purged_floors":[4,19],"is_endless":false,"potions_floor_spawned":[1,11,13,20,25],"killed_by":"Cultist and Chosen","ascension_level":1}