{"gold_per_floor":[110,125,200,4,17,52,110,110,110,110,145,145,177,5,5,102,102,117,129,109,55,66,91,107,134,134,150,183,197,197,211,211,211],"floor_reached":33,"playtime":4672,"items_purged":[],"score":431,"play_id":"ad392f75-0da5-45ec-a94a-e28ad67c83c2","local_time":"20190316232215","is_ascension_mode":true,"campfire_choices":[{"data":"Shockwave","floor":12,"key":"SMITH"},{"data":"Metallicize","floor":15,"key":"SMITH"},{"floor":30,"key":"REST"},{"data":"Immolate","floor":32,"key":"SMITH"}],"neow_cost":"PERCENT_DAMAGE","seed_source_timestamp":344757277427352,"circlet_count":0,"master_deck":["Strike_R","Strike_R","Strike_R","Strike_R","Strike_R","Defend_R","Defend_R","Defend_R","Defend_R","Bash","Uppercut+1","Clothesline","Reckless Charge","Shockwave+1","Inflame","Metallicize+1","Immolate+1","Flame Barrier","Ghostly Armor+1","True Grit","Iron Wave+1","Whirlwind","Shrug It Off","Intimidate+1"],"relics":["Burning Blood","Sling","FossilizedHelix","Nunchaku","Paper Frog","Vajra","Du-Vu Doll","Philosopher\u0027s Stone","Frozen Egg 2","Singing Bowl","Letter Opener","Ornamental Fan"],"potions_floor_usage":[11,14,22,24,25,33],"damage_taken":[{"damage":5,"enemies":"Small Slimes","floor":1,"turns":4},{"damage":6,"enemies":"Jaw Worm","floor":2,"turns":4},{"damage":1,"enemies":"2 Louse","floor":5,"turns":2},{"damage":5,"enemies":"Gremlin Nob","floor":6,"turns":3},{"damage":5,"enemies":"3 Sentries","floor":11,"turns":6},{"damage":15,"enemies":"Lagavulin","floor":13,"turns":4},{"damage":9,"enemies":"Slime Boss","floor":16,"turns":9},{"damage":0,"enemies":"Spheric Guardian","floor":18,"turns":3},{"damage":0,"enemies":"Chosen","floor":19,"turns":4},{"damage":2,"enemies":"3 Cultists","floor":22,"turns":5},{"damage":34,"enemies":"Book of Stabbing","floor":23,"turns":7},{"damage":8,"enemies":"Shelled Parasite and Fungi","floor":24,"turns":3},{"damage":20,"enemies":"Gremlin Leader","floor":25,"turns":6},{"damage":8,"enemies":"Centurion and Healer","floor":27,"turns":5},{"damage":27,"enemies":"Slavers","floor":28,"turns":4},{"damage":12,"enemies":"Cultist and Chosen","floor":29,"turns":4},{"damage":7,"enemies":"Shelled Parasite and Fungi","floor":31,"turns":3},{"damage":119,"enemies":"Automaton","floor":33,"turns":12}],"seed_played":"6786043204298470487","potions_obtained":[{"floor":1,"key":"Regen Potion"},{"floor":5,"key":"Energy Potion"},{"floor":13,"key":"SneckoOil"},{"floor":18,"key":"Poison Potion"},{"floor":19,"key":"SteroidPotion"},{"floor":20,"key":"Poison Potion"},{"floor":23,"key":"Ancient Potion"},{"floor":29,"key":"Regen Potion"}],"is_trial":false,"path_per_floor":["?","?","?","T","$","?","M","M"],"character_chosen":"IRONCLAD","items_purchased":["Sling","Metallicize","Fruit Juice","True Grit"],"campfire_rested":1,"item_purchase_floors":[4,14,14,21],"current_hp_per_floor":[73,73,62,62,67,68,68,68,68,68,69,69,60,65,65,62,91,97,101,101,101,101,73,71,71,71,71,52,46,78,77,77,0],"gold":211,"neow_bonus":"TWENTY_PERCENT_HP_BONUS","is_prod":false,"is_daily":false,"chose_seed":false,"campfire_upgraded":3,"win_rate":0,"timestamp":1552778535,"path_taken":["M","M","?","$","M","E","?","?","T","?","E","R","E","?","R","BOSS","M","M","?","$","?","E","M","E","T","M","E","M","R","?","R","BOSS"],"build_version":"2019-01-23","purchased_purges":0,"victory":false,"max_hp_per_floor":[96,96,96,96,96,96,96,96,96,96,96,96,96,101,101,101,101,101,101,101,101,101,101,101,103,103,105,107,107,107,107,107,107],"card_choices":[{"not_picked":["Iron Wave","Clash"],"picked":"Uppercut","floor":1},{"not_picked":["True Grit","Dual Wield"],"picked":"Clothesline","floor":2},{"not_picked":["Headbutt","Bloodletting"],"picked":"Reckless Charge","floor":5},{"not_picked":["Clash","Perfected Strike","Bludgeon"],"picked":"SKIP","floor":6},{"not_picked":["Perfected Strike","Hemokinesis"],"picked":"Shockwave","floor":11},{"not_picked":["Hemokinesis","Perfected Strike"],"picked":"Inflame","floor":13},{"not_picked":["Juggernaut","Offering"],"picked":"Immolate","floor":16},{"not_picked":["Pommel Strike+1","Anger"],"picked":"Flame Barrier","floor":18},{"not_picked":["Corruption","Armaments"],"picked":"Ghostly Armor+1","floor":19},{"not_picked":["Clothesline","Heavy Blade"],"picked":"Iron Wave+1","floor":22},{"not_picked":["Sword Boomerang","Dropkick+1"],"picked":"Whirlwind","floor":23},{"not_picked":["Burning Pact","Body Slam+1","Searing Blow"],"picked":"SKIP","floor":24},{"not_picked":["Warcry","Heavy Blade","Fire Breathing+1"],"picked":"Singing Bowl","floor":25},{"not_picked":["Rampage","Searing Blow","Berserk+1"],"picked":"Singing Bowl","floor":27},{"not_picked":["Wild Strike+1","Searing Blow+1","Warcry"],"picked":"Singing Bowl","floor":28},{"not_picked":["Heavy Blade","True Grit"],"picked":"Shrug It Off","floor":29},{"not_picked":["Flame Barrier","Battle Trance"],"picked":"Intimidate+1","floor":31}],"player_experience":242244,"relics_obtained":[{"floor":6,"key":"FossilizedHelix"},{"floor":9,"key":"Nunchaku"},{"floor":10,"key":"Paper Frog"},{"floor":11,"key":"Vajra"},{"floor":13,"key":"Du-Vu Doll"},{"floor":23,"key":"Frozen Egg 2"},{"floor":25,"key":"Singing Bowl"},{"floor":26,"key":"Letter Opener"},{"floor":28,"key":"Ornamental Fan"}],"event_choices":[{"damage_healed":0,"gold_gain":75,"player_choice":"Gather Gold","damage_taken":11,"max_hp_gain":0,"max_hp_loss":0,"event_name":"World of Goop","floor":3,"gold_loss":0},{"damage_healed":0,"gold_gain":58,"player_choice":"Gained Gold","damage_taken":0,"max_hp_gain":0,"max_hp_loss":0,"event_name":"Golden Wing","floor":7,"gold_loss":0},{"damage_healed":0,"gold_gain":0,"player_choice":"Grow","damage_taken":0,"max_hp_gain":0,"max_hp_loss":0,"event_name":"Living Wall","floor":8,"gold_loss":0,"cards_upgraded":["Uppercut"]},{"damage_healed":0,"gold_gain":0,"player_choice":"Bought 1 Potion","damage_taken":0,"max_hp_gain":0,"max_hp_loss":0,"event_name":"The Woman in Blue","floor":20,"gold_loss":0}],"is_beta":false,"boss_relics":[{"not_picked":["Pandora\u0027s Box","Astrolabe"],"picked":"Philosopher\u0027s Stone"}],"items_purged_floors":[],"is_endless":false,"potions_floor_spawned":[1,5,13,18,19,23,29],"killed_by":"Automaton","ascension_level":5}