{"gold_per_floor":[114,129,129,204,19,52,52,64,64,76,76,91,125,51,51,150,150,169,185,185,202,217,217,244,244,244,256,268,280,292,316,328,440,452,479,234,244,258,269,269],"floor_reached":40,"playtime":1598,"items_purged":[],"score":490,"play_id":"9449f338-b0ba-4741-800e-413c9b061813","local_time":"20181028173246","is_ascension_mode":true,"campfire_choices":[{"data":"Storm","floor":7,"key":"SMITH"},{"data":"Capacitor","floor":11,"key":"SMITH"},{"data":"Defragment","floor":15,"key":"SMITH"},{"data":"Loop","floor":23,"key":"SMITH"},{"floor":25,"key":"REST"},{"data":"Zap","floor":27,"key":"SMITH"},{"data":"Bite","floor":32,"key":"SMITH"}],"neow_cost":"NONE","seed_source_timestamp":1178902187600,"circlet_count":0,"master_deck":["Defend_B","Defend_B","Defend_B","Defend_B","Zap+1","Dualcast","Capacitor+1","Ball Lightning","Storm+1","Leap+1","Fission+1","Conserve Battery+1","Defragment+1","Streamline","Loop+1","Glacier+1","Reinforced Body+1","Leap+1","Bite+1","Bite","Bite","Bite","Bite","Buffer","Force Field+1"],"relics":["Cracked Core","NeowsBlessing","Dream Catcher","Toxic Egg 2","Blue Candle","Bronze Scales","DataDisk","Lizard Tail","Kunai","MawBank","MutagenicStrength","Black Star","Letter Opener"],"potions_floor_usage":[13,13,19,33,38,39],"damage_taken":[{"damage":0,"enemies":"2 Louse","floor":1,"turns":1},{"damage":0,"enemies":"Small Slimes","floor":2,"turns":1},{"damage":0,"enemies":"3 Sentries","floor":6,"turns":1},{"damage":0,"enemies":"Cultist","floor":8,"turns":3},{"damage":0,"enemies":"2 Fungi Beasts","floor":10,"turns":3},{"damage":11,"enemies":"Large Slime","floor":12,"turns":6},{"damage":14,"enemies":"Gremlin Nob","floor":13,"turns":3},{"damage":25,"enemies":"Slime Boss","floor":16,"turns":6},{"damage":30,"enemies":"2 Thieves","floor":18,"turns":4},{"damage":14,"enemies":"3 Byrds","floor":19,"turns":3},{"damage":9,"enemies":"Centurion and Healer","floor":21,"turns":6},{"damage":5,"enemies":"Cultist and Chosen","floor":22,"turns":5},{"damage":21,"enemies":"Gremlin Leader","floor":24,"turns":5},{"damage":0,"enemies":"Snecko","floor":31,"turns":5},{"damage":30,"enemies":"Automaton","floor":33,"turns":14},{"damage":24,"enemies":"3 Darklings","floor":35,"turns":5},{"damage":24,"enemies":"Orb Walker","floor":37,"turns":4},{"damage":0,"enemies":"Sphere and 2 Shapes","floor":38,"turns":5},{"damage":16,"enemies":"4 Shapes","floor":39,"turns":4},{"damage":69,"enemies":"Giant Head","floor":40,"turns":8}],"seed_played":"3119307644407018568","potions_obtained":[{"floor":2,"key":"Dexterity Potion"},{"floor":10,"key":"Poison Potion"},{"floor":16,"key":"SteroidPotion"},{"floor":18,"key":"Fire Potion"},{"floor":21,"key":"Strength Potion"},{"floor":24,"key":"Ancient Potion"},{"floor":31,"key":"EssenceOfSteel"},{"floor":37,"key":"Ancient Potion"},{"floor":39,"key":"Swift Potion"}],"is_trial":false,"path_per_floor":["M","M","$","?","$","E","R","M","T","M","R","M","E","?","R","B",null,"M","M","?","M","M","R","E","R","T","R","$","?","?","M","R","B",null,"M","$","M","M","M"],"character_chosen":"DEFECT","items_purchased":["Storm","Dream Catcher","Letter Opener"],"campfire_rested":1,"item_purchase_floors":[5,5,36],"current_hp_per_floor":[75,75,75,64,64,64,64,64,64,64,64,53,39,39,39,14,75,45,31,56,47,42,42,21,43,43,43,43,43,43,49,49,43,52,30,30,15,22,15,0],"gold":269,"neow_bonus":"THREE_ENEMY_KILL","is_prod":false,"is_daily":false,"chose_seed":false,"campfire_upgraded":6,"win_rate":0,"timestamp":1540762366,"path_taken":["M","M","$","?","$","E","R","M","T","M","R","M","E","?","R","BOSS","M","M","?","M","M","R","E","R","T","R","$","?","?","M","R","BOSS","M","$","M","M","M","E"],"build_version":"2018-10-25v2","purchased_purges":0,"victory":false,"max_hp_per_floor":[75,75,75,75,75,75,75,75,75,75,75,75,75,75,75,75,75,75,75,75,75,75,75,75,75,75,75,75,75,52,52,52,52,52,52,52,52,52,52,52],"card_choices":[{"not_picked":["Stack","Turbo"],"picked":"Capacitor","floor":1},{"not_picked":["Go for the Eyes","Beam Cell"],"picked":"Ball Lightning","floor":2},{"not_picked":["Force Field","Rainbow"],"picked":"Leap","floor":6},{"not_picked":["Ball Lightning","Sweeping Beam"],"picked":"Fission+1","floor":8},{"not_picked":["Scrape","Turbo+1"],"picked":"Conserve Battery+1","floor":10},{"not_picked":["Lockon","Beam Cell"],"picked":"Defragment","floor":12},{"not_picked":["Aggregate+1","Sweeping Beam"],"picked":"Streamline","floor":13},{"not_picked":["Hologram+1","Rebound+1"],"picked":"Loop","floor":18},{"not_picked":["Streamline+1","Rebound+1","Barrage"],"picked":"SKIP","floor":19},{"not_picked":["Rip and Tear","Sweeping Beam"],"picked":"Glacier+1","floor":21},{"not_picked":["Steam+1","Chill+1"],"picked":"Reinforced Body+1","floor":22},{"not_picked":["Aggregate+1","Rebound","Ball Lightning+1"],"picked":"SKIP","floor":24},{"not_picked":["Hyperbeam","Barrage+1"],"picked":"Leap+1","floor":25},{"not_picked":["Scrape+1","Stack+1","Redo+1"],"picked":"SKIP","floor":31},{"not_picked":["Amplify+1","Biased Cognition"],"picked":"Buffer","floor":33},{"not_picked":["Ball Lightning+1","Go for the Eyes"],"picked":"Force Field+1","floor":35},{"not_picked":["Skim+1","Gash","Steam+1"],"picked":"SKIP","floor":37},{"not_picked":["Cold Snap+1","Turbo+1","Stack+1"],"picked":"SKIP","floor":38},{"not_picked":["Chaos+1","Biased Cognition","Barrage"],"picked":"SKIP","floor":39}],"player_experience":261546,"relics_obtained":[{"floor":6,"key":"Toxic Egg 2"},{"floor":9,"key":"Blue Candle"},{"floor":13,"key":"Bronze Scales"},{"floor":24,"key":"Kunai"},{"floor":26,"key":"MawBank"}],"event_choices":[{"damage_healed":0,"gold_gain":75,"player_choice":"Gather Gold","damage_taken":11,"max_hp_gain":0,"max_hp_loss":0,"event_name":"World of Goop","floor":4,"gold_loss":0},{"damage_healed":0,"gold_gain":0,"player_choice":"Paid Gold","damage_taken":0,"relics_obtained":["DataDisk"],"max_hp_gain":0,"max_hp_loss":0,"event_name":"WeMeetAgain","floor":14,"gold_loss":74},{"damage_healed":25,"gold_gain":0,"player_choice":"Heal","damage_taken":0,"max_hp_gain":0,"max_hp_loss":0,"event_name":"The Library","floor":20,"gold_loss":0},{"damage_healed":0,"gold_gain":0,"player_choice":"Inject Mutagens","damage_taken":0,"relics_obtained":["MutagenicStrength"],"max_hp_gain":0,"max_hp_loss":0,"event_name":"Drug Dealer","floor":29,"gold_loss":0},{"damage_healed":0,"gold_gain":0,"player_choice":"Became a vampire","damage_taken":0,"max_hp_gain":0,"max_hp_loss":23,"event_name":"Vampires","floor":30,"gold_loss":0,"cards_obtained":["Bite","Bite","Bite","Bite","Bite"]}],"is_beta":true,"boss_relics":[{"not_picked":["Ectoplasm","Tiny House"],"picked":"Lizard Tail"},{"not_picked":["Inserter","Fusion Hammer"],"picked":"Black Star"}],"items_purged_floors":[],"is_endless":false,"potions_floor_spawned":[2,10,16,18,21,24,31,37,39],"killed_by":"Giant Head","ascension_level":1}