{"path_per_floor":["M","M","M","M","M","M","R","E","T","M","R","?","M","M","R","B",null,"M","?","$","?","M","R","E","R","T","R","M","?","$","?","R","B",null,"M","?","M","M","M","R","M","R","T","R","?","M","M","M","R"],"character_chosen":"IRONCLAD","items_purchased":["Lantern","Armaments"],"gold_per_floor":[111,129,143,155,171,189,189,214,240,260,260,260,277,291,291,393,393,393,293,25,25,10,10,10,10,10,10,10,10,10,10,10,10,10,10,10,10,10,10,10,10,10,10,10,10,10,10,10,10],"floor_reached":50,"campfire_rested":6,"playtime":2204,"current_hp_per_floor":[75,76,80,34,22,27,51,27,27,19,58,58,57,32,71,41,80,66,66,66,66,64,64,38,77,77,77,80,80,80,80,80,68,80,42,80,73,79,60,60,56,80,80,80,70,56,27,33,72],"items_purged":["Strike_R"],"gold":10,"score":445,"play_id":"1a599c51-d644-4a35-9b97-7eeeea3afdf2","is_prod":false,"is_daily":false,"is_ascension_mode":false,"campfire_upgraded":2,"path_taken":["M","M","M","M","M","M","R","E","T","M","R","?","?","M","R","BOSS","M","?","$","?","M","R","E","R","T","R","M","?","$","?","R","BOSS","M","?","M","M","M","R","M","R","T","R","?","M","M","M","R","BOSS"],"build_version":"2018-02-15-PROD1","purchased_purges":1,"victory":false,"master_deck":["Strike_R","Strike_R","Strike_R","Defend_R","Defend_R","Defend_R","Defend_R","Bash","Limit Break+1","Battle Trance","Inflame","Headbutt","Shrug It Off","Armaments","Inflame","Shrug It Off","Berserk","Pummel+1","J.A.X.","Armaments","Flex","Armaments","Seeing Red","Disarm+1","Double Tap","Heavy Blade+1","Sword Boomerang","Whirlwind+1","Madness","Madness","Seeing Red","Shrug It Off+1"],"max_hp_per_floor":[80,80,80,80,80,80,80,80,80,80,80,80,80,80,80,80,80,80,80,80,80,80,80,80,80,80,80,80,80,80,80,80,80,80,80,80,80,80,80,80,80,80,80,80,80,80,80,80,80],"relics":["Burning Blood","Pen Nib","Omamori","Regal Pillow","Ectoplasm","Lantern","Vajra","Girya","Calipers","Mark of Pain","Juzu Bracelet"],"card_choices":[{"not_picked":["Anger","Body Slam"],"picked":"Limit Break"},{"not_picked":["Body Slam","Hemokinesis"],"picked":"Battle Trance"},{"not_picked":["Warcry","Wild Strike"],"picked":"Inflame"},{"not_picked":["Entrench","True Grit"],"picked":"Searing Blow"},{"not_picked":["Thunderclap","Intimidate"],"picked":"Headbutt"},{"not_picked":["Uppercut","Pommel Strike"],"picked":"Shrug It Off"},{"not_picked":["Evolve","Hemokinesis"],"picked":"Armaments"},{"not_picked":["Warcry","Uppercut"],"picked":"Inflame"},{"not_picked":["Pommel Strike","Cleave"],"picked":"Shrug It Off"},{"not_picked":["Reaper","Immolate"],"picked":"Berserk"},{"not_picked":["Evolve","Thunderclap"],"picked":"Pummel"},{"not_picked":["Clash","Cleave"],"picked":"Armaments"},{"not_picked":["Second Wind","Perfected Strike"],"picked":"Seeing Red"},{"not_picked":["Cleave","Clash"],"picked":"Disarm"},{"not_picked":["Brutality","Impervious"],"picked":"Double Tap"},{"not_picked":["Perfected Strike","Rage"],"picked":"Heavy Blade"},{"not_picked":["Iron Wave","Cleave"],"picked":"Sword Boomerang"},{"not_picked":["Armaments","Clothesline"],"picked":"Whirlwind"},{"not_picked":["Feel No Pain","Anger"],"picked":"Seeing Red"},{"not_picked":["Headbutt","Pommel Strike"],"picked":"Shrug It Off"}],"player_experience":129888,"potions_floor_usage":[6,14,16,24,24,33,33,38,50,50],"damage_taken":[{"damage":11,"enemies":"Jaw Worm","floor":1,"turns":2},{"damage":5,"enemies":"Small Slimes","floor":2,"turns":3},{"damage":1,"enemies":"Cultist","floor":3,"turns":3},{"damage":52,"enemies":"Gremlin Gang","floor":4,"turns":6},{"damage":18,"enemies":"3 Louse","floor":5,"turns":5},{"damage":1,"enemies":"Exordium Wildlife","floor":6,"turns":4},{"damage":30,"enemies":"3 Sentries","floor":8,"turns":8},{"damage":14,"enemies":"Looter","floor":10,"turns":4},{"damage":7,"enemies":"Blue Slaver","floor":13,"turns":4},{"damage":31,"enemies":"Exordium Thugs","floor":14,"turns":5},{"damage":36,"enemies":"Hexaghost","floor":16,"turns":11},{"damage":20,"enemies":"Shell Parasite","floor":18,"turns":6},{"damage":8,"enemies":"2 Thieves","floor":22,"turns":2},{"damage":44,"enemies":"Slavers","floor":24,"turns":9},{"damage":0,"enemies":"Snake Plant","floor":28,"turns":1},{"damage":18,"enemies":"Champ","floor":33,"turns":8},{"damage":44,"enemies":"3 Darklings","floor":35,"turns":6},{"damage":13,"enemies":"3 Shapes","floor":37,"turns":5},{"damage":0,"enemies":"Sphere and 2 Shapes","floor":38,"turns":3},{"damage":25,"enemies":"Maw","floor":39,"turns":5},{"damage":10,"enemies":"4 Shapes","floor":41,"turns":5},{"damage":20,"enemies":"3 Darklings","floor":46,"turns":3},{"damage":35,"enemies":"Maw","floor":47,"turns":4},{"damage":0,"enemies":"4 Shapes","floor":48,"turns":1},{"damage":75,"enemies":"Time Eater","floor":50,"turns":8}],"event_choices":[{"event_name":"Liars Game","player_choice":"disagreed","floor":12,"damage_taken":0},{"event_name":"Drug Dealer","player_choice":"Got JAXXED","floor":19,"damage_taken":0},{"event_name":"The Library","player_choice":"Read","floor":21,"damage_taken":0},{"event_name":"Back to Basics","player_choice":"Elegance","floor":29,"damage_taken":0},{"event_name":"The Mausoleum","player_choice":"Yes","floor":31,"damage_taken":0},{"event_name":"Bonfire Elementals","player_choice":"UNCOMMON","floor":36,"damage_taken":0},{"event_name":"Winding Halls","player_choice":"Embrace Madness","floor":45,"damage_taken":0}],"boss_relics":[{"not_picked":["Velvet Choker","Runic Dome"],"picked":"Ectoplasm"},{"not_picked":["Tiny House","Pandora\u0027s Box"],"picked":"Mark of Pain"}],"potions_floor_spawned":[1,5,8,10,13,16,18,28,37,41,48],"seed_played":"-3137426769904972531","killed_by":"Time Eater","ascension_level":0,"is_trial":false}