{"gold_per_floor":[110,56,72,72,86,86,100,100,100,127,127,127,127,137,137,238,238,193,37,37,37,37,37,37,37,37,37,0,0,0,0,0,0,0,0,0,0,0,0,0,0,0,0,0,0,0,0,0,0,0],"floor_reached":51,"playtime":4114,"items_purged":[],"score":659,"play_id":"7f2a8727-5fa3-4e51-95da-a518216d882f","local_time":"20190408222406","is_ascension_mode":false,"campfire_choices":[{"data":"Zap","floor":6,"key":"SMITH"},{"data":"Loop","floor":8,"key":"SMITH"},{"data":"Redo","floor":13,"key":"SMITH"},{"data":"Dualcast","floor":15,"key":"SMITH"},{"floor":23,"key":"REST"},{"data":"Defragment","floor":25,"key":"SMITH"},{"data":"Biased Cognition","floor":27,"key":"SMITH"},{"floor":32,"key":"REST"},{"data":"Creative AI","floor":42,"key":"SMITH"},{"data":"Rainbow","floor":44,"key":"SMITH"},{"floor":46,"key":"REST"},{"data":"Rainbow","floor":49,"key":"SMITH"}],"neow_cost":"NONE","seed_source_timestamp":618770879862753,"circlet_count":0,"master_deck":["Zap+1","Dualcast+1","Self Repair","Redo+1","Loop+1","Streamline+1","Hologram","Sweeping Beam+1","Parasite","Beam Cell+1","Rainbow+1","Undo","Biased Cognition+1","Aggregate","Defragment+1","Rainbow+1","Creative AI+1","Genetic Algorithm","FTL+1","BootSequence","Static Discharge","Streamline+1","Conserve Battery","Go for the Eyes+1","Coolheaded+1"],"relics":["Cracked Core","Bronze Scales","Molten Egg 2","Bottled Tornado","Pear","Cables","Ectoplasm","Art of War","Darkstone Periapt","Smiling Mask","Ginger","Pandora\u0027s Box","Dead Branch","Red Mask","DataDisk","Potion Belt"],"potions_floor_usage":[29,29,33,33,33,33,50,50,50,50,50,50,50,50,50,50,50],"damage_taken":[{"damage":1,"enemies":"Cultist","floor":1,"turns":3},{"damage":10,"enemies":"Small Slimes","floor":3,"turns":3},{"damage":11,"enemies":"Jaw Worm","floor":5,"turns":4},{"damage":0,"enemies":"Large Slime","floor":7,"turns":4},{"damage":13,"enemies":"Lagavulin","floor":10,"turns":6},{"damage":5,"enemies":"3 Louse","floor":14,"turns":3},{"damage":44,"enemies":"The Guardian","floor":16,"turns":8},{"damage":28,"enemies":"2 Thieves","floor":18,"turns":3},{"damage":28,"enemies":"Gremlin Leader","floor":24,"turns":6},{"damage":23,"enemies":"Book of Stabbing","floor":29,"turns":3},{"damage":11,"enemies":"Shell Parasite","floor":30,"turns":3},{"damage":33,"enemies":"Collector","floor":33,"turns":7},{"damage":15,"enemies":"3 Shapes","floor":35,"turns":3},{"damage":9,"enemies":"Mind Bloom Boss Battle","floor":37,"turns":7},{"damage":0,"enemies":"Orb Walker","floor":38,"turns":3},{"damage":10,"enemies":"Giant Head","floor":40,"turns":7},{"damage":3,"enemies":"Spire Growth","floor":41,"turns":3},{"damage":12,"enemies":"3 Darklings","floor":45,"turns":4},{"damage":0,"enemies":"Transient","floor":47,"turns":5},{"damage":19,"enemies":"Donu and Deca","floor":50,"turns":6}],"seed_played":"1100068340005531443","potions_obtained":[{"floor":1,"key":"PowerPotion"},{"floor":3,"key":"AttackPotion"},{"floor":7,"key":"Ancient Potion"},{"floor":14,"key":"EntropicBrew"},{"floor":33,"key":"FearPotion"},{"floor":37,"key":"EssenceOfSteel"},{"floor":38,"key":"EntropicBrew"},{"floor":41,"key":"Strength Potion"},{"floor":45,"key":"AttackPotion"}],"is_trial":false,"path_per_floor":["T","?","?","?","?","?","?","?","?","?"],"character_chosen":"DEFECT","items_purchased":["Redo","Art of War"],"campfire_rested":3,"item_purchase_floors":[2,19],"current_hp_per_floor":[74,74,71,71,67,67,74,74,74,78,75,85,85,80,80,43,85,57,57,57,57,57,82,61,61,61,61,61,45,41,41,66,33,85,70,70,68,75,75,72,76,76,76,76,64,85,85,85,85,73],"gold":0,"neow_bonus":"RANDOM_COMMON_RELIC","is_prod":false,"is_daily":false,"chose_seed":false,"campfire_upgraded":9,"win_rate":0,"timestamp":1554758646,"path_taken":["M","$","M","?","M","R","M","R","T","E","?","?","R","M","R","BOSS","M","$","?","?","$","R","E","R","T","R","?","E","M","?","R","BOSS","M","?","?","M","?","E","M","R","T","R","M","R","M","$","R","BOSS"],"build_version":"2019-01-23","purchased_purges":0,"victory":true,"max_hp_per_floor":[75,75,75,75,75,75,75,75,75,85,85,85,85,85,85,85,85,85,85,85,85,85,85,85,85,85,85,85,85,85,85,85,85,85,85,85,85,85,85,85,85,85,85,85,85,85,85,85,85,85],"card_choices":[{"not_picked":["Heatsinks","Stack"],"picked":"Self Repair","floor":1},{"not_picked":["Steam Power","Storm"],"picked":"Loop","floor":3},{"not_picked":["Steam","Static Discharge"],"picked":"Streamline+1","floor":5},{"not_picked":["Stack","Redo"],"picked":"Hologram","floor":7},{"not_picked":["Seek","Heatsinks"],"picked":"Sweeping Beam+1","floor":10},{"not_picked":["Rebound+1","Leap"],"picked":"Beam Cell+1","floor":14},{"not_picked":["Machine Learning","Amplify"],"picked":"Rainbow","floor":16},{"not_picked":["Conserve Battery","Self Repair"],"picked":"Undo","floor":18},{"not_picked":["Skim","Beam Cell+1"],"picked":"Defragment","floor":24},{"not_picked":["Compile Driver+1","Gash+1"],"picked":"Rainbow","floor":29},{"not_picked":["Consume+1","Rebound+1","Redo"],"picked":"SKIP","floor":30},{"not_picked":["Hyperbeam+1","Buffer"],"picked":"Creative AI","floor":33},{"not_picked":["Hologram+1","Beam Cell+1"],"picked":"Conserve Battery","floor":35},{"not_picked":["Coolheaded","Blizzard+1"],"picked":"Go for the Eyes+1","floor":37},{"not_picked":["Cold Snap+1","Streamline+1"],"picked":"Coolheaded+1","floor":38},{"not_picked":["Sweeping Beam+1","Genetic Algorithm+1","Redo+1"],"picked":"SKIP","floor":40},{"not_picked":["Redo+1","Ball Lightning+1","Darkness"],"picked":"SKIP","floor":41},{"not_picked":["Redo+1","Ball Lightning+1","Darkness"],"picked":"SKIP","floor":41},{"not_picked":["Leap+1","Ball Lightning+1","Double Energy"],"picked":"SKIP","floor":45},{"not_picked":["Rip and Tear+1","FTL+1","BootSequence"],"picked":"SKIP","floor":47}],"player_experience":527230,"relics_obtained":[{"floor":4,"key":"Molten Egg 2"},{"floor":9,"key":"Bottled Tornado"},{"floor":10,"key":"Pear"},{"floor":24,"key":"Darkstone Periapt"},{"floor":26,"key":"Smiling Mask"},{"floor":29,"key":"Ginger"},{"floor":37,"key":"Dead Branch"},{"floor":40,"key":"DataDisk"},{"floor":43,"key":"Potion Belt"}],"event_choices":[{"damage_healed":0,"gold_gain":0,"player_choice":"Success","damage_taken":3,"relics_obtained":["Cables"],"max_hp_gain":0,"max_hp_loss":0,"event_name":"Scrap Ooze","floor":11,"gold_loss":0},{"damage_healed":21,"gold_gain":0,"player_choice":"Healed and dodged fight","damage_taken":0,"max_hp_gain":0,"max_hp_loss":0,"event_name":"Mushrooms","floor":12,"gold_loss":0,"cards_obtained":["Parasite"]},{"cards_removed":["Strike_B"],"damage_healed":0,"gold_gain":0,"player_choice":"Elegance","damage_taken":0,"max_hp_gain":0,"max_hp_loss":0,"event_name":"Back to Basics","floor":20,"gold_loss":0},{"damage_healed":0,"gold_gain":0,"cards_transformed":["Strike_B","Strike_B"],"player_choice":"Became Test Subject","damage_taken":0,"max_hp_gain":0,"max_hp_loss":0,"event_name":"Drug Dealer","floor":21,"gold_loss":0,"cards_obtained":["Biased Cognition","Aggregate"]},{"damage_healed":0,"gold_gain":0,"player_choice":"Paid Fearfully","damage_taken":0,"max_hp_gain":0,"max_hp_loss":0,"event_name":"Masked Bandits","floor":28,"gold_loss":37},{"damage_healed":0,"gold_gain":99,"player_choice":"Stole From Cult","damage_taken":0,"max_hp_gain":0,"max_hp_loss":0,"event_name":"Nest","floor":31,"gold_loss":0},{"damage_healed":0,"gold_gain":0,"player_choice":"Ignored","damage_taken":0,"max_hp_gain":0,"max_hp_loss":0,"event_name":"Mysterious Sphere","floor":36,"gold_loss":0},{"damage_healed":0,"gold_gain":0,"player_choice":"Fight","damage_taken":0,"max_hp_gain":0,"max_hp_loss":0,"event_name":"MindBloom","floor":37,"gold_loss":0},{"damage_healed":0,"gold_gain":0,"player_choice":"Paid","damage_taken":0,"relics_obtained":["Red Mask"],"max_hp_gain":0,"max_hp_loss":0,"event_name":"Tomb of Lord Red Mask","floor":39,"gold_loss":0}],"is_beta":false,"boss_relics":[{"not_picked":["Snecko Eye","Astrolabe"],"picked":"Ectoplasm"},{"not_picked":["Nuclear Battery","Velvet Choker"],"picked":"Pandora\u0027s Box"}],"items_purged_floors":[],"is_endless":false,"potions_floor_spawned":[1,3,7,14,24,33,37,38,41,45],"ascension_level":0}