{"gold_per_floor":[115,132,143,143,9,34,34,61,61,61,61,77,23,54,54,54],"floor_reached":16,"playtime":974,"items_purged":[],"score":236,"play_id":"f95fe718-7f39-4a3e-9e0c-f8981385a91a","local_time":"20190423095301","is_ascension_mode":true,"campfire_choices":[{"data":"Neutralize","floor":7,"key":"SMITH"},{"data":"Well Laid Plans","floor":11,"key":"SMITH"},{"data":"Riddle With Holes","floor":15,"key":"SMITH"}],"neow_cost":"NONE","seed_source_timestamp":425491871508355,"circlet_count":0,"master_deck":["AscendersBane","Defend_G","Defend_G","Defend_G","Defend_G","Defend_G","Strike_G","Strike_G","Strike_G","Strike_G","Strike_G","Survivor","Neutralize+1","Riddle With Holes+1","Bouncing Flask","Well Laid Plans+1","PanicButton","Dagger Spray+1","Dagger Spray+1","Backflip","Footwork+1"],"relics":["Ring of the Snake","Molten Egg 2","Frozen Egg 2","Matryoshka","Anchor"],"potions_floor_usage":[6,8,14,16,16],"damage_taken":[{"damage":2,"enemies":"Small Slimes","floor":1,"turns":5},{"damage":0,"enemies":"2 Louse","floor":2,"turns":3},{"damage":4,"enemies":"Jaw Worm","floor":3,"turns":7},{"damage":32,"enemies":"Gremlin Nob","floor":6,"turns":4},{"damage":15,"enemies":"3 Sentries","floor":8,"turns":8},{"damage":4,"enemies":"Exordium Wildlife","floor":12,"turns":5},{"damage":11,"enemies":"Lagavulin","floor":14,"turns":9},{"damage":8,"enemies":"Slime Boss","floor":16,"turns":8}],"seed_played":"-7481890433702747046","potions_obtained":[{"floor":2,"key":"Fire Potion"},{"floor":3,"key":"Regen Potion"},{"floor":8,"key":"Swift Potion"},{"floor":12,"key":"SkillPotion"},{"floor":14,"key":"SkillPotion"}],"is_trial":false,"path_per_floor":["?","?"],"character_chosen":"THE_SILENT","items_purchased":["Well Laid Plans","PanicButton","Fire Potion"],"campfire_rested":0,"item_purchase_floors":[5,5,13],"current_hp_per_floor":[57,57,53,53,53,21,21,21,21,21,21,17,17,6,6,0],"gold":54,"neow_bonus":"THREE_CARDS","is_prod":false,"is_daily":false,"chose_seed":false,"campfire_upgraded":3,"win_rate":0,"timestamp":1556002381,"path_taken":["M","M","M","?","$","E","R","E","T","?","R","M","$","E","R","BOSS"],"build_version":"2019-01-23","purchased_purges":0,"victory":false,"max_hp_per_floor":[66,66,66,66,66,66,66,66,66,66,66,66,66,66,66,66],"card_choices":[{"not_picked":["Slice","Acrobatics"],"picked":"Riddle With Holes","floor":0},{"not_picked":["Underhanded Strike","Slice","Sucker Punch"],"picked":"SKIP","floor":1},{"not_picked":["Finisher","Deflect"],"picked":"Bouncing Flask","floor":2},{"not_picked":["Acrobatics","Blade Dance","Prepared"],"picked":"SKIP","floor":3},{"not_picked":["Venomology","Flechettes"],"picked":"Dagger Spray","floor":6},{"not_picked":["Distraction","Acrobatics"],"picked":"Dagger Spray+1","floor":8},{"not_picked":["Dodge and Roll","Burst"],"picked":"Backflip","floor":12},{"not_picked":["Deadly Poison","Flying Knee+1"],"picked":"Footwork+1","floor":14}],"player_experience":1819342,"relics_obtained":[{"floor":6,"key":"Molten Egg 2"},{"floor":8,"key":"Frozen Egg 2"},{"floor":9,"key":"Matryoshka"},{"floor":14,"key":"Anchor"}],"event_choices":[{"damage_healed":0,"gold_gain":0,"player_choice":"Fled","damage_taken":0,"max_hp_gain":0,"max_hp_loss":0,"event_name":"Scrap Ooze","floor":4,"gold_loss":0},{"damage_healed":0,"gold_gain":0,"player_choice":"Ignored","damage_taken":0,"max_hp_gain":0,"max_hp_loss":0,"event_name":"Shining Light","floor":10,"gold_loss":0}],"is_beta":false,"boss_relics":[],"items_purged_floors":[],"is_endless":false,"potions_floor_spawned":[2,3,8,12,14],"killed_by":"Slime Boss","ascension_level":20}