{"gold_per_floor":[110,126,139,156,176,176,203,203,226,226,244,263,263,307,307,432,432,450,549,359,372,136,136,151,151,226,239,239,254,254,289,289,410,410,434,767,781,408,708,741,741,774,845,855,855],"floor_reached":45,"playtime":1647,"items_purged":["Bash"],"score":582,"play_id":"6b269a8e-8825-4600-9387-21e9711ebdec","local_time":"20181027125424","is_ascension_mode":true,"campfire_choices":[{"data":"Spot Weakness","floor":6.0,"key":"SMITH"},{"data":"1","floor":8.0,"key":"LIFT"},{"data":"Limit Break","floor":13.0,"key":"SMITH"},{"floor":15.0,"key":"REST"},{"data":"2","floor":23.0,"key":"LIFT"},{"data":"3","floor":25.0,"key":"LIFT"},{"data":"Apotheosis","floor":28.0,"key":"SMITH"},{"floor":32.0,"key":"REST"},{"data":"Limit Break","floor":41.0,"key":"SMITH"}],"neow_cost":"NONE","seed_source_timestamp":0,"circlet_count":0,"master_deck":["Strike_R","Strike_R","Strike_R","Strike_R","Strike_R","Defend_R","Defend_R","Defend_R","Defend_R","Flex","Pommel Strike","Ghostly Armor","Spot Weakness+1","Limit Break+1","Seeing Red","Seeing Red","Reaper","Flame Barrier+1","Apotheosis+1","Inflame","Entrench+1","Headbutt","Limit Break+1","Pummel+1"],"special_seed":0,"relics":["Black Blood","Centennial Puzzle","Girya","Potion Belt","Bag of Marbles","Red Skull","Darkstone Periapt","MutagenicStrength","Strawberry","Busted Crown","Vajra","Omamori","Regal Pillow","Sundial","Bottled Tornado"],"potions_floor_usage":[],"damage_taken":[{"damage":5.0,"enemies":"2 Louse","floor":1.0,"turns":2.0},{"damage":6.0,"enemies":"Cultist","floor":2.0,"turns":3.0},{"damage":7.0,"enemies":"Small Slimes","floor":3.0,"turns":4.0},{"damage":0.0,"enemies":"Looter","floor":4.0,"turns":3.0},{"damage":11.0,"enemies":"3 Louse","floor":5.0,"turns":4.0},{"damage":26.0,"enemies":"3 Sentries","floor":7.0,"turns":7.0},{"damage":31.0,"enemies":"Gremlin Gang","floor":11.0,"turns":4.0},{"damage":13.0,"enemies":"Lots of Slimes","floor":12.0,"turns":5.0},{"damage":15.0,"enemies":"Gremlin Nob","floor":14.0,"turns":4.0},{"damage":21.0,"enemies":"Hexaghost","floor":16.0,"turns":8.0},{"damage":34.0,"enemies":"Spheric Guardian","floor":18.0,"turns":6.0},{"damage":23.0,"enemies":"3 Byrds","floor":21.0,"turns":6.0},{"damage":5.0,"enemies":"Centurion and Healer","floor":24.0,"turns":7.0},{"damage":21.0,"enemies":"Snake Plant","floor":27.0,"turns":4.0},{"damage":50.0,"enemies":"Shelled Parasite and Fungi","floor":29.0,"turns":6.0},{"damage":12.0,"enemies":"Book of Stabbing","floor":31.0,"turns":3.0},{"damage":28.0,"enemies":"Champ","floor":33.0,"turns":8.0},{"damage":22.0,"enemies":"3 Darklings","floor":35.0,"turns":4.0},{"damage":3.0,"enemies":"3 Shapes","floor":37.0,"turns":3.0},{"damage":21.0,"enemies":"Giant Head","floor":40.0,"turns":4.0},{"damage":32.0,"enemies":"Reptomancer","floor":42.0,"turns":3.0},{"damage":29.0,"enemies":"Jaw Worm Horde","floor":44.0,"turns":4.0},{"damage":62,"enemies":"Nemesis","floor":45,"turns":4}],"seed_played":"-5461262852046734077","potions_obtained":[{"floor":2.0,"key":"SpeedPotion"},{"floor":3.0,"key":"SpeedPotion"},{"floor":7.0,"key":"Regen Potion"},{"floor":12.0,"key":"SpeedPotion"},{"floor":14.0,"key":"Dexterity Potion"},{"floor":16.0,"key":"AttackPotion"},{"floor":18.0,"key":"Ancient Potion"},{"floor":21.0,"key":"Explosive Potion"},{"floor":33.0,"key":"Swift Potion"},{"floor":35.0,"key":"Strength Potion"},{"floor":37.0,"key":"GamblersBrew"}],"is_trial":false,"path_per_floor":["M","M","M","M","M","R","E","R","T","?","M","M","R","E","R","B",null,"M","?","$","M","$","R","M","R","T","M","R","M","?","E","R","B",null,"M","?","M","$","?","E","R","E","T","M"],"character_chosen":"IRONCLAD","items_purchased":["Apotheosis","Inflame","Red Skull","Vajra","Omamori"],"campfire_rested":2,"item_purchase_floors":[20,22,22,38,38],"current_hp_per_floor":[80,80,79,80,75,75,55,55,55,55,39,32,32,23,45,30,74,50,50,50,43,43,43,69,69,69,58,58,18,18,23,47,68,81,69,69,76,76,76,81,81,59,59,52,0],"gold":855,"neow_bonus":"RANDOM_COMMON_RELIC","is_prod":false,"is_daily":false,"chose_seed":false,"campfire_upgraded":4,"win_rate":0,"timestamp":1540659264,"path_taken":["M","M","M","M","M","R","E","R","T","?","M","?","R","E","R","BOSS","M","?","$","M","$","R","M","R","T","?","R","?","?","E","R","BOSS","M","?","M","$","?","E","R","E","T","M","E"],"build_version":"2018-10-25v2","purchased_purges":1,"victory":false,"max_hp_per_floor":[80,80,80,80,80,80,80,80,80,74,74,74,74,74,74,74,74,74,74,74,74,74,74,74,74,74,74,74,74,74,81,81,81,81,81,81,81,81,81,81,81,81,81,81,81],"card_choices":[{"not_picked":["Twin Strike","Sever Soul"],"picked":"Flex","floor":1.0},{"not_picked":["Thunderclap","Dual Wield"],"picked":"Pommel Strike","floor":2.0},{"not_picked":["Cleave","Thunderclap"],"picked":"Ghostly Armor","floor":3.0},{"not_picked":["Wild Strike","Rupture"],"picked":"Spot Weakness","floor":4.0},{"not_picked":["Bloodletting","Battle Trance","Corruption"],"picked":"SKIP","floor":5.0},{"not_picked":["Disarm","Clash"],"picked":"Limit Break","floor":7.0},{"not_picked":["Shockwave","Dropkick","Anger"],"picked":"SKIP","floor":11.0},{"not_picked":["Battle Trance","Wild Strike"],"picked":"Seeing Red","floor":12.0},{"not_picked":["Ghostly Armor","Rage"],"picked":"Seeing Red","floor":14.0},{"not_picked":["Feed","Bludgeon"],"picked":"Reaper","floor":16.0},{"not_picked":["Headbutt","Clash"],"picked":"Flame Barrier+1","floor":18.0},{"not_picked":["Rage","True Grit","Armaments"],"picked":"SKIP","floor":21.0},{"not_picked":["Wild Strike","Warcry","Perfected Strike"],"picked":"SKIP","floor":24.0},{"not_picked":["Clothesline","Flex"],"picked":"Entrench+1","floor":27.0},{"not_picked":["Flame Barrier+1","Armaments+1"],"picked":"Headbutt","floor":29.0},{"not_picked":["Cleave","Pummel","Infernal Blade"],"picked":"SKIP","floor":31.0},{"not_picked":["Berserk","Bludgeon"],"picked":"Limit Break","floor":33.0},{"not_picked":[],"picked":"Pummel+1","floor":35.0},{"not_picked":["Clothesline+1"],"picked":"SKIP","floor":37.0},{"not_picked":["Warcry"],"picked":"SKIP","floor":40.0},{"not_picked":["Rampage+1"],"picked":"SKIP","floor":42.0},{"not_picked":["Sword Boomerang"],"picked":"SKIP","floor":44.0}],"player_experience":254075,"relics_obtained":[{"floor":7.0,"key":"Girya"},{"floor":9.0,"key":"Potion Belt"},{"floor":14.0,"key":"Bag of Marbles"},{"floor":26.0,"key":"Darkstone Periapt"},{"floor":31.0,"key":"Strawberry"},{"floor":40.0,"key":"Regal Pillow"},{"floor":42.0,"key":"Sundial"},{"floor":43.0,"key":"Bottled Tornado"}],"event_choices":[{"damage_healed":0.0,"max_hp_gain":0.0,"max_hp_loss":6.0,"gold_gain":0.0,"event_name":"Golden Idol","player_choice":"Lose Max HP","floor":10.0,"gold_loss":0.0,"damage_taken":0.0,"relics_obtained":["Golden Idol"]},{"damage_healed":0.0,"max_hp_gain":0.0,"max_hp_loss":0.0,"gold_gain":99.0,"event_name":"Nest","player_choice":"Stole From Cult","floor":19.0,"gold_loss":0.0,"damage_taken":0.0},{"damage_healed":0.0,"max_hp_gain":0.0,"max_hp_loss":0.0,"gold_gain":0.0,"event_name":"Drug Dealer","player_choice":"Inject Mutagens","floor":30.0,"gold_loss":0.0,"damage_taken":0.0,"relics_obtained":["MutagenicStrength"]},{"damage_healed":0.0,"max_hp_gain":0.0,"max_hp_loss":0.0,"gold_gain":333.0,"event_name":"The Moai Head","player_choice":"Gave Idol","floor":36.0,"relics_lost":["Golden Idol"],"gold_loss":0.0,"damage_taken":0.0},{"damage_healed":0.0,"max_hp_gain":0.0,"max_hp_loss":0.0,"gold_gain":300.0,"event_name":"Wheel of Change","player_choice":"Gold","floor":39.0,"gold_loss":0.0,"damage_taken":0.0}],"is_beta":true,"boss_relics":[{"not_picked":["Coffee Dripper","Astrolabe"],"picked":"Black Blood"},{"not_picked":["Mark of Pain","Eternal Feather"],"picked":"Busted Crown"}],"items_purged_floors":[38],"is_endless":false,"potions_floor_spawned":[2,3,7,12,14,16,18,21,33,35,37],"killed_by":"Nemesis","ascension_level":1}