{"gold_per_floor":[109,6,181,200,200,200,234,234,261,274,274,139,169,183,183,278,278,297,311,321,321,81,113,113,113,113,125,52,52],"floor_reached":29,"playtime":3141,"items_purged":["Doubt"],"score":314,"play_id":"4dff6360-0dbd-463e-bb11-ff20577835d2","local_time":"20190323042407","is_ascension_mode":true,"campfire_choices":[{"data":"Armaments","floor":6,"key":"SMITH"},{"data":"Bash","floor":8,"key":"SMITH"},{"data":"Sword Boomerang","floor":11,"key":"SMITH"},{"data":"Wild Strike","floor":15,"key":"SMITH"},{"floor":24,"key":"REST"}],"neow_cost":"NONE","seed_source_timestamp":252767140573100,"circlet_count":0,"master_deck":["Strike_R+1","Strike_R","Strike_R","Strike_R","Strike_R","Defend_R","Defend_R","Defend_R","Defend_R","Bash+1","Twin Strike+1","Sword Boomerang+1","Armaments+1","Pummel","True Grit","Wild Strike+1","Rampage","Hemokinesis","Demon Form","Inflame","Flame Barrier","Reckless Charge","Feel No Pain","Metallicize","Shrug It Off","Metallicize","Shrug It Off","Flame Barrier"],"relics":["Burning Blood","The Courier","Orichalcum","Happy Flower","Sozu","Oddly Smooth Stone","Torii","Thread and Needle"],"potions_floor_usage":[7,13,16,16,29],"damage_taken":[{"damage":9,"enemies":"2 Louse","floor":1,"turns":3},{"damage":4,"enemies":"Small Slimes","floor":4,"turns":5},{"damage":30,"enemies":"3 Sentries","floor":7,"turns":10},{"damage":1,"enemies":"Jaw Worm","floor":10,"turns":3},{"damage":10,"enemies":"Gremlin Nob","floor":13,"turns":3},{"damage":2,"enemies":"3 Louse","floor":14,"turns":4},{"damage":40,"enemies":"Slime Boss","floor":16,"turns":11},{"damage":7,"enemies":"Spheric Guardian","floor":18,"turns":3},{"damage":34,"enemies":"2 Thieves","floor":19,"turns":4},{"damage":26,"enemies":"Shelled Parasite and Fungi","floor":20,"turns":5},{"damage":25,"enemies":"Book of Stabbing","floor":23,"turns":5},{"damage":7,"enemies":"Colosseum Slavers","floor":25,"turns":3},{"damage":11,"enemies":"3 Cultists","floor":27,"turns":5},{"damage":41,"enemies":"Slavers","floor":29,"turns":5}],"seed_played":"-5284127037088826730","potions_obtained":[{"floor":10,"key":"BloodPotion"},{"floor":14,"key":"SpeedPotion"},{"floor":16,"key":"Strength Potion"}],"is_trial":false,"path_per_floor":["?","?","?","?"],"character_chosen":"IRONCLAD","items_purchased":["Fire Potion","Armaments","Wild Strike","Fire Potion","Oddly Smooth Stone","Feel No Pain","Metallicize","Shrug It Off","Flame Barrier"],"campfire_rested":1,"item_purchase_floors":[2,2,12,12,22,22,22,28,28],"current_hp_per_floor":[77,77,77,79,63,63,39,39,39,44,44,44,40,44,44,18,65,64,36,16,42,42,23,47,46,46,41,41,0],"gold":52,"neow_bonus":"THREE_CARDS","is_prod":false,"is_daily":false,"chose_seed":false,"campfire_upgraded":4,"win_rate":0,"timestamp":1553315047,"path_taken":["M","$","?","M","?","R","E","R","T","M","R","$","E","M","R","BOSS","M","M","M","?","$","E","R","?","T","M","$","E"],"build_version":"2019-01-23","purchased_purges":1,"victory":false,"max_hp_per_floor":[80,80,80,80,80,80,80,80,80,80,80,80,80,80,80,80,80,80,80,80,80,80,80,80,80,80,80,80,80],"card_choices":[{"not_picked":["Pummel","Battle Trance"],"picked":"Twin Strike","floor":0},{"not_picked":["Clash","Dual Wield"],"picked":"Sword Boomerang","floor":1},{"not_picked":["Armaments","True Grit"],"picked":"Pummel","floor":4},{"not_picked":["Havoc","Juggernaut","Second Wind"],"picked":"SKIP","floor":7},{"not_picked":["Searing Blow","Armaments"],"picked":"True Grit","floor":10},{"not_picked":["Sword Boomerang","Havoc"],"picked":"Rampage","floor":13},{"not_picked":["Perfected Strike","Havoc"],"picked":"Hemokinesis","floor":14},{"not_picked":["Juggernaut","Offering"],"picked":"Demon Form","floor":16},{"not_picked":["Wild Strike","Cleave"],"picked":"Inflame","floor":18},{"not_picked":["Cleave","Heavy Blade"],"picked":"Flame Barrier","floor":19},{"not_picked":["Carnage+1","Searing Blow+1"],"picked":"Reckless Charge","floor":20},{"not_picked":["Fiend Fire","Carnage"],"picked":"Shrug It Off","floor":23},{"not_picked":["Blood for Blood+1","Heavy Blade"],"picked":"Metallicize","floor":27}],"player_experience":311945,"relics_obtained":[{"floor":7,"key":"The Courier"},{"floor":9,"key":"Orichalcum"},{"floor":13,"key":"Happy Flower"},{"floor":23,"key":"Torii"},{"floor":26,"key":"Thread and Needle"}],"event_choices":[{"damage_healed":0,"gold_gain":175,"player_choice":"AGREE","damage_taken":0,"max_hp_gain":0,"max_hp_loss":0,"event_name":"Liars Game","floor":3,"gold_loss":0,"cards_obtained":["Doubt"]},{"damage_healed":0,"gold_gain":0,"player_choice":"Entered Light","damage_taken":16,"max_hp_gain":0,"max_hp_loss":0,"event_name":"Shining Light","floor":5,"gold_loss":0,"cards_upgraded":["Twin Strike","Strike_R"]},{"damage_healed":26,"gold_gain":0,"player_choice":"Heal","damage_taken":0,"max_hp_gain":0,"max_hp_loss":0,"event_name":"The Library","floor":21,"gold_loss":0},{"damage_healed":0,"gold_gain":0,"player_choice":"Fight","damage_taken":0,"max_hp_gain":0,"max_hp_loss":0,"event_name":"Colosseum","floor":25,"gold_loss":0},{"damage_healed":0,"gold_gain":0,"player_choice":"Fled From Nobs","damage_taken":0,"max_hp_gain":0,"max_hp_loss":0,"event_name":"Colosseum","floor":25,"gold_loss":0}],"is_beta":false,"boss_relics":[{"not_picked":["Lizard Tail","Snecko Eye"],"picked":"Sozu"}],"items_purged_floors":[12],"is_endless":false,"potions_floor_spawned":[10,14,16,19,20,25,27],"killed_by":"Slavers","ascension_level":5}