{"path_per_floor":["M","M","?","M","M","R","M","?","T","M","M","M","M","?","R","B",null,"M","$","?","M","M","R","?","E","T","R","?"],"character_chosen":"THE_SILENT","items_purchased":["Apotheosis","Bronze Scales","Deadly Poison"],"gold_per_floor":[219,235,235,245,263,263,279,302,328,342,360,376,388,338,338,434,464,476,13,13,32,45,45,45,79,79,79,79,79],"floor_reached":29,"campfire_rested":3,"playtime":2501,"current_hp_per_floor":[68,66,52,52,52,52,40,35,35,35,35,34,33,33,54,35,75,60,60,60,45,14,36,36,17,17,39,23,0],"items_purged":["Strike_G"],"gold":79,"score":239,"play_id":"7ce129fd-8453-474e-9717-bb742507380d","local_time":"20180504234648","is_prod":false,"is_daily":false,"chose_seed":false,"is_ascension_mode":false,"campfire_upgraded":1,"timestamp":1525492008,"path_taken":["M","M","?","M","M","R","M","?","T","M","M","M","M","?","R","BOSS","M","$","?","M","M","R","?","E","T","R","?","M"],"build_version":"2018-05-03","seed_source_timestamp":109378482815824,"purchased_purges":1,"victory":false,"master_deck":["Defend_G","Defend_G","Defend_G","Defend_G","Defend_G+1","Strike_G","Strike_G","Strike_G+1","Survivor","Neutralize","Blade Dance","Prepared","Cloak And Dagger","Well Laid Plans+1","Dagger Throw","Deadly Poison","Acrobatics","Deadly Poison","Poisoned Stab","Noxious Fumes","Bullet Time+1","Reflex","Infinite Blades","Apotheosis","Deadly Poison","Underhanded Strike"],"max_hp_per_floor":[70,70,70,70,70,70,70,70,70,70,70,70,70,70,70,70,75,75,75,75,75,75,75,75,75,75,75,75,75],"relics":["Ring of the Snake","Odd Mushroom","Oddly Smooth Stone","Tiny House","Bronze Scales","Juzu Bracelet","Toolbox","Enchiridion"],"card_choices":[{"not_picked":["Sucker Punch","Calculated Gamble"],"picked":"Blade Dance","floor":1},{"not_picked":["Slice","PiercingWail"],"picked":"Prepared","floor":2},{"not_picked":["Dodge and Roll","Underhanded Strike"],"picked":"Cloak And Dagger","floor":4},{"not_picked":["Concentrate","Deflect"],"picked":"Well Laid Plans","floor":5},{"not_picked":["PiercingWail","Dodge and Roll"],"picked":"Dagger Throw","floor":7},{"not_picked":["Acrobatics","Flying Knee"],"picked":"Deadly Poison","floor":8},{"not_picked":["Sucker Punch","Slice"],"picked":"Acrobatics","floor":10},{"not_picked":["Outmaneuver","Slice"],"picked":"Deadly Poison","floor":11},{"not_picked":["Venomology","Riddle With Holes"],"picked":"Poisoned Stab","floor":12},{"not_picked":["Slice","Dagger Throw"],"picked":"Noxious Fumes","floor":13},{"not_picked":["Adrenaline","A Thousand Cuts"],"picked":"Bullet Time","floor":16},{"not_picked":["Backflip","Dodge and Roll"],"picked":"Reflex","floor":17},{"not_picked":["Dagger Throw","Dagger Spray"],"picked":"Infinite Blades","floor":18},{"not_picked":["Quick Slash","All Out Attack"],"picked":"Underhanded Strike","floor":22}],"player_experience":207359,"potions_floor_usage":[8,8,10,25,25,29],"damage_taken":[{"damage":2,"enemies":"Jaw Worm","floor":1,"turns":6},{"damage":2,"enemies":"2 Louse","floor":2,"turns":4},{"damage":0,"enemies":"Small Slimes","floor":4,"turns":3},{"damage":0,"enemies":"2 Fungi Beasts","floor":5,"turns":4},{"damage":12,"enemies":"Exordium Thugs","floor":7,"turns":7},{"damage":5,"enemies":"The Mushroom Lair","floor":8,"turns":5},{"damage":0,"enemies":"Large Slime","floor":10,"turns":5},{"damage":0,"enemies":"Blue Slaver","floor":11,"turns":4},{"damage":1,"enemies":"Looter","floor":12,"turns":3},{"damage":1,"enemies":"Gremlin Gang","floor":13,"turns":5},{"damage":19,"enemies":"Hexaghost","floor":16,"turns":9},{"damage":15,"enemies":"Shell Parasite","floor":18,"turns":6},{"damage":15,"enemies":"Spheric Guardian","floor":21,"turns":6},{"damage":31,"enemies":"Cultist and Chosen","floor":22,"turns":7},{"damage":19,"enemies":"Book of Stabbing","floor":25,"turns":6},{"damage":27,"enemies":"Centurion and Healer","floor":29,"turns":4}],"event_choices":[{"event_name":"Shining Light","player_choice":"Entered Light","floor":3,"damage_taken":0},{"event_name":"Mushrooms","player_choice":"Fought Mushrooms","floor":8,"damage_taken":0},{"event_name":"The Cleric","player_choice":"Card Removal","floor":14,"damage_taken":0},{"event_name":"Beggar","player_choice":"Ignored","floor":20,"damage_taken":0},{"event_name":"The Lab","player_choice":"Got Potions","floor":24,"damage_taken":0},{"event_name":"Cursed Tome","player_choice":"Obtained Book","floor":28,"damage_taken":0}],"boss_relics":[{"not_picked":["Runic Dome","Calling Bell"],"picked":"Tiny House"}],"potions_floor_spawned":[1,5,8,12,13,22],"seed_played":"-4119051948007629537","killed_by":"Centurion and Healer","ascension_level":0,"is_trial":false}