{"gold_per_floor":[116,136,152,172,172,197,197,215,242,270,282,295,25,25,25,25],"floor_reached":16,"playtime":2518,"items_purged":["Strike_G"],"score":137,"play_id":"b7d754fc-0c65-4e3f-9da4-288f88c6ab8d","local_time":"20190204102439","is_ascension_mode":true,"campfire_choices":[{"floor":7,"key":"REST"},{"floor":15,"key":"REST"}],"neow_cost":"TEN_PERCENT_HP_LOSS","seed_source_timestamp":764670713954354,"circlet_count":0,"master_deck":["Defend_G","Defend_G","Defend_G","Defend_G","Defend_G","Strike_G","Strike_G","Strike_G","Strike_G","Survivor","Neutralize","After Image","Deadly Poison","Flying Knee","Dodge and Roll","Underhanded Strike","Phantasmal Killer","Die Die Die","Blur","PiercingWail","PiercingWail","Cloak And Dagger"],"relics":["Ring of the Snake","Bag of Preparation","Ancient Tea Set","TheAbacus"],"potions_floor_usage":[6,6,16,16],"damage_taken":[{"damage":0,"enemies":"2 Louse","floor":1,"turns":4},{"damage":2,"enemies":"Cultist","floor":2,"turns":5},{"damage":5,"enemies":"Small Slimes","floor":3,"turns":3},{"damage":1,"enemies":"Blue Slaver","floor":4,"turns":5},{"damage":22,"enemies":"3 Sentries","floor":6,"turns":9},{"damage":22,"enemies":"Exordium Thugs","floor":8,"turns":6},{"damage":20,"enemies":"Lagavulin","floor":10,"turns":9},{"damage":3,"enemies":"Gremlin Gang","floor":11,"turns":2},{"damage":0,"enemies":"2 Fungi Beasts","floor":12,"turns":4},{"damage":27,"enemies":"Slime Boss","floor":16,"turns":11}],"seed_played":"1453224360430131538","potions_obtained":[{"floor":1,"key":"EssenceOfSteel"},{"floor":4,"key":"PowerPotion"},{"floor":6,"key":"Explosive Potion"},{"floor":11,"key":"SpeedPotion"}],"is_trial":false,"path_per_floor":["?","$"],"character_chosen":"THE_SILENT","items_purchased":["TheAbacus"],"campfire_rested":2,"item_purchase_floors":[13],"current_hp_per_floor":[63,61,56,55,55,33,51,29,29,9,6,6,6,6,24,0],"gold":25,"neow_bonus":"THREE_RARE_CARDS","is_prod":false,"is_daily":false,"chose_seed":false,"campfire_upgraded":0,"win_rate":0,"timestamp":1549304679,"path_taken":["M","M","M","M","?","E","R","M","T","E","M","M","?","$","R","BOSS"],"build_version":"2019-01-23","purchased_purges":1,"victory":false,"max_hp_per_floor":[63,63,63,63,63,63,63,63,63,63,63,63,63,63,63,63],"card_choices":[{"not_picked":["Envenom","Unload"],"picked":"After Image","floor":0},{"not_picked":["Underhanded Strike","PiercingWail"],"picked":"Deadly Poison","floor":1},{"not_picked":["Bouncing Flask","Reflex"],"picked":"Flying Knee","floor":2},{"not_picked":["Outmaneuver","Endless Agony"],"picked":"Dodge and Roll","floor":3},{"not_picked":["Dagger Spray","Bane"],"picked":"Underhanded Strike","floor":4},{"not_picked":["Unload","Doppelganger"],"picked":"Die Die Die","floor":6},{"not_picked":["Backstab","PiercingWail"],"picked":"Blur","floor":8},{"not_picked":["Doppelganger","Slice"],"picked":"PiercingWail","floor":10},{"not_picked":["Deadly Poison","Skewer"],"picked":"PiercingWail","floor":11},{"not_picked":["Dagger Throw","Quick Slash"],"picked":"Cloak And Dagger","floor":12}],"player_experience":45812,"relics_obtained":[{"floor":6,"key":"Bag of Preparation"},{"floor":10,"key":"Ancient Tea Set"}],"event_choices":[{"damage_healed":0,"gold_gain":0,"player_choice":"1 cards matched","damage_taken":0,"max_hp_gain":0,"max_hp_loss":0,"event_name":"Match and Keep!","floor":5,"gold_loss":0,"cards_obtained":["Phantasmal Killer"]}],"is_beta":false,"boss_relics":[],"items_purged_floors":[13],"is_endless":false,"potions_floor_spawned":[1,4,6,11],"killed_by":"Slime Boss","ascension_level":4}