{"gold_per_floor":[118,118,53,64,76,101,118,118,163,163],"floor_reached":10,"playtime":501,"items_purged":[],"score":78,"play_id":"01fc1106-508c-4130-a066-4dcf0c07b407","local_time":"20190202193349","is_ascension_mode":true,"campfire_choices":[{"floor":8,"key":"REST"}],"neow_cost":"NONE","seed_source_timestamp":2225319385800,"circlet_count":0,"master_deck":["Strike_R","Strike_R","Strike_R+1","Strike_R+1","Strike_R+1","Defend_R","Defend_R","Defend_R","Defend_R","Bash+1","Carnage","Armaments","Flame Barrier","Barricade","Shrug It Off"],"relics":["Burning Blood","NeowsBlessing","Singing Bowl","Centennial Puzzle","Whetstone"],"potions_floor_usage":[6],"damage_taken":[{"damage":0,"enemies":"Jaw Worm","floor":1,"turns":1},{"damage":0,"enemies":"2 Louse","floor":4,"turns":1},{"damage":0,"enemies":"Cultist","floor":5,"turns":1},{"damage":65,"enemies":"3 Sentries","floor":6,"turns":21},{"damage":1,"enemies":"Looter","floor":7,"turns":4},{"damage":69,"enemies":"Gremlin Nob","floor":10,"turns":6}],"seed_played":"8195144697604841460","potions_obtained":[{"floor":4,"key":"Dexterity Potion"},{"floor":5,"key":"Ancient Potion"}],"is_trial":false,"path_per_floor":["M","?","?","M","M","E","M","R","T","E"],"character_chosen":"IRONCLAD","items_purchased":[],"campfire_rested":1,"item_purchase_floors":[],"current_hp_per_floor":[80,64,64,70,76,17,22,46,46,0],"gold":163,"neow_bonus":"THREE_ENEMY_KILL","is_prod":false,"is_daily":false,"chose_seed":false,"campfire_upgraded":0,"win_rate":0,"timestamp":1549154029,"path_taken":["M","?","?","M","?","E","M","R","T","E"],"build_version":"2019-01-23","purchased_purges":0,"victory":false,"max_hp_per_floor":[80,80,80,80,80,80,80,80,80,80],"card_choices":[{"not_picked":["Thunderclap","Pummel"],"picked":"Carnage","floor":1},{"not_picked":["Headbutt","Havoc"],"picked":"Armaments","floor":4},{"not_picked":["Headbutt","Whirlwind"],"picked":"Flame Barrier","floor":5},{"not_picked":["Battle Trance","Armaments"],"picked":"Barricade","floor":6},{"not_picked":["Dual Wield","Body Slam"],"picked":"Shrug It Off","floor":7}],"player_experience":353674,"relics_obtained":[{"floor":6,"key":"Centennial Puzzle"},{"floor":9,"key":"Whetstone"}],"event_choices":[{"damage_healed":0,"gold_gain":0,"player_choice":"Entered Light","damage_taken":16,"max_hp_gain":0,"max_hp_loss":0,"event_name":"Shining Light","floor":2,"gold_loss":0,"cards_upgraded":["Strike_R","Strike_R"]},{"damage_healed":0,"gold_gain":0,"player_choice":"Paid Gold","damage_taken":0,"relics_obtained":["Singing Bowl"],"max_hp_gain":0,"max_hp_loss":0,"event_name":"WeMeetAgain","floor":3,"gold_loss":65}],"is_beta":false,"boss_relics":[],"items_purged_floors":[],"is_endless":false,"potions_floor_spawned":[4,5],"killed_by":"Gremlin Nob","ascension_level":3}