{"gold_per_floor":[109,119,119,131,131,164,164,239,262,262,295,295,112,126,126,204,204,218,232,246,260,620,620,639,673,673,723,723,739,759,64,64,142,142,156,173,173,73,90,119,119,144,144,158,186,186],"floor_reached":46,"playtime":2658,"items_purged":["Regret","Strike_B"],"score":1205,"play_id":"6c18fc55-d733-41ce-b448-bb8c396e8e99","local_time":"20190414230857","is_ascension_mode":true,"campfire_choices":[{"data":"Defragment","floor":7.0,"key":"SMITH"},{"floor":10.0,"key":"REST"},{"data":"Creative AI","floor":15.0,"key":"SMITH"},{"floor":23.0,"key":"REST"},{"floor":28.0,"key":"REST"},{"floor":32.0,"key":"REST"},{"floor":41.0,"key":"RECALL"}],"neow_cost":"NONE","seed_source_timestamp":22265201266585,"circlet_count":0,"master_deck":["AscendersBane","Strike_B+1","Strike_B","Defend_B","Defend_B","Defend_B","Defend_B+1","Zap","Dualcast","Self Repair+1","Defragment+1","Creative AI+1","Chill","Ball Lightning+1","Leap","Ball Lightning","Cold Snap","Buffer","Capacitor","Cold Snap","FTL","Compile Driver","Go for the Eyes","Echo Form","Compile Driver","Core Surge","Seek","Barrage+1","Leap+1","Force Field","Hologram+1","Recycle+1","Turbo"],"special_seed":0,"relics":["Cracked Core","NeowsBlessing","Ancient Tea Set","Pocketwatch","Strawberry","Whetstone","Nuclear Battery","Bronze Scales","ClockworkSouvenir","Tiny Chest","Bag of Marbles","Fusion Hammer","Cables","Omamori","Molten Egg 2","Potion Belt"],"potions_floor_usage":[],"damage_taken":[{"damage":0.0,"enemies":"Jaw Worm","floor":1.0,"turns":1.0},{"damage":0.0,"enemies":"Cultist","floor":2.0,"turns":1.0},{"damage":0.0,"enemies":"2 Louse","floor":4.0,"turns":1.0},{"damage":50.0,"enemies":"Gremlin Nob","floor":6.0,"turns":4.0},{"damage":18.0,"enemies":"Lagavulin","floor":11.0,"turns":7.0},{"damage":0.0,"enemies":"Blue Slaver","floor":14.0,"turns":3.0},{"damage":8.0,"enemies":"Hexaghost","floor":16.0,"turns":11.0},{"damage":9.0,"enemies":"Chosen","floor":18.0,"turns":4.0},{"damage":24.0,"enemies":"2 Thieves","floor":19.0,"turns":5.0},{"damage":10.0,"enemies":"3 Cultists","floor":20.0,"turns":6.0},{"damage":0.0,"enemies":"Snecko","floor":21.0,"turns":5.0},{"damage":9.0,"enemies":"Chosen and Byrds","floor":24.0,"turns":9.0},{"damage":32.0,"enemies":"Gremlin Leader","floor":25.0,"turns":6.0},{"damage":10.0,"enemies":"Centurion and Healer","floor":29.0,"turns":7.0},{"damage":28.0,"enemies":"3 Cultists","floor":30.0,"turns":6.0},{"damage":0.0,"enemies":"Automaton","floor":33.0,"turns":10.0},{"damage":14.0,"enemies":"3 Shapes","floor":35.0,"turns":7.0},{"damage":0.0,"enemies":"Orb Walker","floor":36.0,"turns":3.0},{"damage":0.0,"enemies":"Maw","floor":39.0,"turns":7.0},{"damage":37.0,"enemies":"Reptomancer","floor":40.0,"turns":8.0},{"damage":16.0,"enemies":"Nemesis","floor":42.0,"turns":9.0},{"damage":0.0,"enemies":"Spire Growth","floor":44.0,"turns":5.0},{"damage":35.0,"enemies":"Giant Head","floor":45.0,"turns":9.0},{"damage":21,"enemies":"3 Darklings","floor":46,"turns":2}],"seed_played":"5203959435970913456","potions_obtained":[{"floor":4.0,"key":"SteroidPotion"},{"floor":6.0,"key":"FocusPotion"},{"floor":14.0,"key":"FocusPotion"},{"floor":18.0,"key":"Weak Potion"},{"floor":20.0,"key":"SpeedPotion"},{"floor":25.0,"key":"Weak Potion"},{"floor":33.0,"key":"AttackPotion"}],"is_trial":false,"path_per_floor":["M","M","?","M","?","E","R","?","T","R","E","?","$","M","R","B",null,"M","M","M","M","?","R","M","E","T","?","R","M","M","$","R","B",null,"M","M","?","$","M","E","R","E","T","M","E","M"],"character_chosen":"DEFECT","items_purchased":["Leap","Ball Lightning","ClockworkSouvenir","Tiny Chest","Bag of Marbles","Core Surge"],"campfire_rested":4,"item_purchase_floors":[13,13,31,31,31,31],"current_hp_per_floor":[64,64,64,64,64,21,21,10,17,40,29,6,6,16,16,18,63,64,50,50,60,25,48,49,17,17,17,40,40,22,22,45,55,72,78,78,78,78,78,51,51,45,45,45,20,0],"gold":186,"neow_bonus":"THREE_ENEMY_KILL","is_prod":false,"is_daily":false,"chose_seed":false,"campfire_upgraded":2,"win_rate":0,"timestamp":1555276137,"path_taken":["M","M","?","?","?","E","R","?","T","R","E","?","$","M","R","BOSS","M","M","M","M","?","R","?","E","T","?","R","M","M","$","R","BOSS","M","?","?","$","M","E","R","E","T","M","E","M"],"build_version":"2019-04-04","purchased_purges":2,"victory":false,"max_hp_per_floor":[71,71,71,71,71,71,71,71,78,78,78,78,78,78,78,78,78,78,78,78,78,78,78,78,78,78,78,78,78,78,78,78,78,78,78,78,78,78,78,78,78,78,78,78,78,78],"card_choices":[{"not_picked":["Rebound","Double Energy"],"picked":"Self Repair","floor":1.0},{"not_picked":["Barrage","Turbo"],"picked":"Defragment","floor":2.0},{"not_picked":["Steam","Barrage"],"picked":"Creative AI","floor":4.0},{"not_picked":["Static Discharge","Darkness"],"picked":"Chill","floor":6.0},{"not_picked":["Barrage","Darkness"],"picked":"Ball Lightning","floor":11.0},{"not_picked":["Stack","Redo"],"picked":"Cold Snap","floor":14.0},{"not_picked":["Seek","Rainbow"],"picked":"Buffer","floor":16.0},{"not_picked":["Cold Snap","Chaos"],"picked":"Capacitor","floor":18.0},{"not_picked":["Turbo+1","Gash"],"picked":"Cold Snap","floor":19.0},{"not_picked":["White Noise","Scrape"],"picked":"FTL","floor":20.0},{"not_picked":["Compile Driver","Turbo","Streamline"],"picked":"SKIP","floor":21.0},{"not_picked":["Turbo","Streamline"],"picked":"Compile Driver","floor":21.0},{"not_picked":["Double Energy","Leap"],"picked":"Go for the Eyes","floor":24.0},{"not_picked":["Self Repair","Auto Shields"],"picked":"Echo Form","floor":25.0},{"not_picked":["Stack","Leap"],"picked":"Compile Driver","floor":29.0},{"not_picked":["Storm+1","FTL","Auto Shields"],"picked":"SKIP","floor":30.0},{"not_picked":["Buffer","Meteor Strike"],"picked":"Seek","floor":33.0},{"not_picked":["Self Repair","Compile Driver+1"],"picked":"Barrage+1","floor":35.0},{"not_picked":["Hologram","Go for the Eyes"],"picked":"Leap+1","floor":36.0},{"not_picked":["Go for the Eyes","Undo"],"picked":"Force Field","floor":39.0},{"not_picked":["Hyperbeam","Steam"],"picked":"Hologram+1","floor":40.0},{"not_picked":["Self Repair+1","Go for the Eyes"],"picked":"Recycle+1","floor":42.0},{"not_picked":["FTL+1","Barrage+1","Hologram"],"picked":"SKIP","floor":44.0},{"not_picked":["Rebound+1","Undo"],"picked":"Turbo","floor":45.0}],"player_experience":1133664,"relics_obtained":[{"floor":6.0,"key":"Pocketwatch"},{"floor":9.0,"key":"Strawberry"},{"floor":11.0,"key":"Whetstone"},{"floor":25.0,"key":"Bronze Scales"},{"floor":40.0,"key":"Cables"},{"floor":42.0,"key":"Omamori"},{"floor":43.0,"key":"Molten Egg 2"},{"floor":45.0,"key":"Potion Belt"}],"event_choices":[{"cards_removed":["Strike_B"],"damage_healed":0.0,"max_hp_gain":0.0,"max_hp_loss":0.0,"gold_gain":0.0,"event_name":"Purifier","player_choice":"Purged","floor":3.0,"gold_loss":0.0,"damage_taken":0.0},{"damage_healed":0.0,"max_hp_gain":0.0,"max_hp_loss":0.0,"gold_gain":0.0,"event_name":"Big Fish","player_choice":"Box","floor":5.0,"gold_loss":0.0,"damage_taken":0.0,"relics_obtained":["Ancient Tea Set"],"cards_obtained":["Regret"]},{"damage_healed":0.0,"max_hp_gain":0.0,"max_hp_loss":0.0,"gold_gain":75.0,"event_name":"World of Goop","player_choice":"Gather Gold","floor":8.0,"gold_loss":0.0,"damage_taken":11.0},{"damage_healed":0.0,"max_hp_gain":0.0,"max_hp_loss":0.0,"gold_gain":0.0,"event_name":"Shining Light","player_choice":"Entered Light","floor":12.0,"gold_loss":0.0,"damage_taken":23.0,"cards_upgraded":["Self Repair","Defend_B"]},{"damage_healed":0.0,"max_hp_gain":0.0,"max_hp_loss":0.0,"gold_gain":360.0,"event_name":"Knowing Skull","player_choice":"GOLD GOLD GOLD GOLD ","floor":22.0,"potions_obtained":[],"gold_loss":0.0,"damage_taken":35.0,"cards_obtained":[]},{"damage_healed":0.0,"max_hp_gain":0.0,"max_hp_loss":0.0,"gold_gain":100.0,"event_name":"The Joust","player_choice":"Bet on Murderer","floor":27.0,"gold_loss":50.0,"damage_taken":0.0},{"damage_healed":0.0,"max_hp_gain":0.0,"max_hp_loss":0.0,"gold_gain":0.0,"event_name":"Tomb of Lord Red Mask","player_choice":"Ignored","floor":37.0,"gold_loss":0.0,"damage_taken":0.0}],"is_beta":true,"boss_relics":[{"not_picked":["Runic Dome","Astrolabe"],"picked":"Nuclear Battery"},{"not_picked":["Cursed Key","Inserter"],"picked":"Fusion Hammer"}],"items_purged_floors":[13,38],"is_endless":false,"potions_floor_spawned":[4,6,14,18,20,25,30,33,39,40,42],"killed_by":"3 Darklings","ascension_level":20}