{"gold_per_floor":[116,130,143,143,153,184,196,214,214,248,260,279,305,323,323,323],"floor_reached":16,"playtime":1387,"items_purged":[],"score":211,"play_id":"6920dded-73d0-4d1f-96ee-f930d15d88da","local_time":"20190413000129","is_ascension_mode":true,"campfire_choices":[{"floor":15,"key":"REST"}],"neow_cost":"NONE","seed_source_timestamp":156544165089122,"circlet_count":0,"master_deck":["AscendersBane","Defend_G","Defend_G","Defend_G","Defend_G","Defend_G","Strike_G","Strike_G","Strike_G","Strike_G","Strike_G","Survivor","Neutralize","Die Die Die","Dash","Backstab","Backstab","Finisher","Caltrops+1","PiercingWail","Deadly Poison"],"relics":["Ring of the Snake","Frozen Egg 2","Mercury Hourglass","Mango","Calipers","Girya"],"potions_floor_usage":[13,16],"damage_taken":[{"damage":0,"enemies":"Cultist","floor":1,"turns":3},{"damage":0,"enemies":"2 Louse","floor":2,"turns":2},{"damage":2,"enemies":"Small Slimes","floor":3,"turns":3},{"damage":0,"enemies":"Blue Slaver","floor":5,"turns":3},{"damage":17,"enemies":"3 Sentries","floor":6,"turns":13},{"damage":0,"enemies":"Exordium Thugs","floor":7,"turns":3},{"damage":0,"enemies":"Lots of Slimes","floor":8,"turns":2},{"damage":31,"enemies":"Lagavulin","floor":10,"turns":8},{"damage":0,"enemies":"Large Slime","floor":11,"turns":3},{"damage":0,"enemies":"2 Fungi Beasts","floor":12,"turns":1},{"damage":13,"enemies":"Gremlin Nob","floor":13,"turns":3},{"damage":10,"enemies":"Exordium Wildlife","floor":14,"turns":4},{"damage":36,"enemies":"Slime Boss","floor":16,"turns":5}],"seed_played":"4372856883698596162","potions_obtained":[{"floor":1,"key":"Poison Potion"},{"floor":2,"key":"Strength Potion"},{"floor":11,"key":"Fire Potion"},{"floor":13,"key":"Fire Potion"}],"is_trial":false,"path_per_floor":["M","?"],"character_chosen":"THE_SILENT","items_purchased":[],"campfire_rested":1,"item_purchase_floors":[],"current_hp_per_floor":[63,63,61,58,58,41,41,41,55,24,24,24,11,1,26,0],"gold":323,"neow_bonus":"ONE_RANDOM_RARE_CARD","is_prod":false,"is_daily":false,"chose_seed":false,"campfire_upgraded":0,"win_rate":0,"timestamp":1555110089,"path_taken":["M","M","?","?","M","E","M","M","T","E","M","M","E","M","R","BOSS"],"build_version":"2019-01-23","purchased_purges":0,"victory":false,"max_hp_per_floor":[70,70,70,70,70,70,70,70,84,84,84,84,84,84,84,84],"card_choices":[{"not_picked":["Expertise","Bouncing Flask"],"picked":"Dash","floor":1},{"not_picked":["Bouncing Flask","Flying Knee"],"picked":"Backstab","floor":2},{"not_picked":["Concentrate","Acrobatics","Prepared"],"picked":"SKIP","floor":3},{"not_picked":["Acrobatics","Poisoned Stab","Outmaneuver"],"picked":"SKIP","floor":5},{"not_picked":["Underhanded Strike","Venomology"],"picked":"Backstab","floor":6},{"not_picked":["Flechettes","Dagger Spray","Flying Knee"],"picked":"SKIP","floor":7},{"not_picked":["Prepared","Dagger Spray"],"picked":"Finisher","floor":8},{"not_picked":["Outmaneuver","Venomology"],"picked":"Caltrops+1","floor":10},{"not_picked":["Bouncing Flask","Eviscerate","Poisoned Stab"],"picked":"SKIP","floor":11},{"not_picked":["Dodge and Roll","Flechettes"],"picked":"PiercingWail","floor":12},{"not_picked":["Underhanded Strike","Eviscerate","Heel Hook"],"picked":"SKIP","floor":13},{"not_picked":["Underhanded Strike","Accuracy+1"],"picked":"Deadly Poison","floor":14}],"player_experience":584657,"relics_obtained":[{"floor":6,"key":"Mercury Hourglass"},{"floor":9,"key":"Mango"},{"floor":10,"key":"Calipers"},{"floor":13,"key":"Girya"}],"event_choices":[{"damage_healed":0,"gold_gain":0,"player_choice":"Success","damage_taken":3,"relics_obtained":["Frozen Egg 2"],"max_hp_gain":0,"max_hp_loss":0,"event_name":"Scrap Ooze","floor":4,"gold_loss":0}],"is_beta":false,"boss_relics":[],"items_purged_floors":[],"is_endless":false,"potions_floor_spawned":[1,2,7,11,13],"killed_by":"Slime Boss","ascension_level":13}