{"gold_per_floor":[110,125,137,155,330,330,350,362,362,362,396,171,171,102,102,199,199,218,233,248,248],"floor_reached":21,"playtime":828,"items_purged":[],"score":220,"play_id":"ca00d1b1-0087-4b3b-b541-50a1286510a6","local_time":"20181223182046","is_ascension_mode":true,"campfire_choices":[{"data":"Tempest","floor":6,"key":"SMITH"},{"data":"Conserve Battery","floor":10,"key":"SMITH"},{"floor":13,"key":"REST"},{"data":"Capacitor","floor":15,"key":"SMITH"}],"neow_cost":"NONE","seed_source_timestamp":39656066157800,"circlet_count":0,"master_deck":["Zap","Dualcast","Turbo","Conserve Battery+1","Tempest+1","Doubt","Auto Shields","Leap","Doom and Gloom","Capacitor+1","Thunder Strike","Genetic Algorithm","Reinforced Body","Glacier","Lockon","Doom and Gloom","Machine Learning","Hyperbeam","Defragment","Cold Snap","Undo+1","Conserve Battery+1"],"relics":["Cracked Core","NeowsBlessing","Prayer Wheel","Bottled Lightning","DataDisk","Pandora\u0027s Box"],"potions_floor_usage":[11,21],"damage_taken":[{"damage":0,"enemies":"Cultist","floor":1,"turns":1},{"damage":0,"enemies":"Jaw Worm","floor":2,"turns":1},{"damage":0,"enemies":"2 Louse","floor":3,"turns":1},{"damage":8,"enemies":"Large Slime","floor":4,"turns":6},{"damage":11,"enemies":"Exordium Wildlife","floor":7,"turns":5},{"damage":14,"enemies":"Exordium Thugs","floor":8,"turns":4},{"damage":20,"enemies":"3 Sentries","floor":11,"turns":6},{"damage":24,"enemies":"The Guardian","floor":16,"turns":12},{"damage":23,"enemies":"Chosen","floor":18,"turns":7},{"damage":24,"enemies":"Spheric Guardian","floor":19,"turns":4},{"damage":15,"enemies":"Centurion and Healer","floor":20,"turns":9},{"damage":19,"enemies":"Snecko","floor":21,"turns":4}],"seed_played":"-4628493967196566100","potions_obtained":[{"floor":2,"key":"Energy Potion"},{"floor":11,"key":"Strength Potion"},{"floor":16,"key":"SteroidPotion"},{"floor":20,"key":"Poison Potion"}],"is_trial":false,"path_per_floor":["M","M","M","M","?","R","M","M","T","R","E","$","R","$","R","B",null,"M","M","M","M"],"character_chosen":"DEFECT","items_purchased":["DataDisk","Doom and Gloom","Capacitor"],"campfire_rested":1,"item_purchase_floors":[12,12,14],"current_hp_per_floor":[75,75,75,67,67,67,56,42,42,42,22,22,44,44,44,20,75,52,28,13,0],"gold":248,"neow_bonus":"THREE_ENEMY_KILL","is_prod":false,"is_daily":false,"chose_seed":false,"campfire_upgraded":3,"win_rate":0,"timestamp":1545607246,"path_taken":["M","?","M","M","?","R","M","M","T","R","E","$","R","$","R","BOSS","M","M","M","M"],"build_version":"2018-12-20","purchased_purges":0,"victory":false,"max_hp_per_floor":[75,75,75,75,75,75,75,75,75,75,75,75,75,75,75,75,75,75,75,75,75],"card_choices":[{"not_picked":["Coolheaded","Beam Cell","Go for the Eyes"],"picked":"SKIP","floor":1},{"not_picked":["Blizzard","Hologram"],"picked":"Turbo","floor":2},{"not_picked":["Double Energy","Streamline"],"picked":"Conserve Battery","floor":3},{"not_picked":["Darkness","Machine Learning"],"picked":"Tempest","floor":4},{"not_picked":["Reprogram","Barrage"],"picked":"Auto Shields","floor":7},{"not_picked":["Barrage","Hologram","Turbo"],"picked":"SKIP","floor":8},{"not_picked":["Steam","Hyperbeam"],"picked":"Leap","floor":11},{"not_picked":["Meteor Strike","Core Surge"],"picked":"Thunder Strike","floor":16},{"not_picked":["Steam","Darkness"],"picked":"Cold Snap","floor":18},{"not_picked":["Streamline","Steam Power","Compile Driver+1"],"picked":"SKIP","floor":18},{"not_picked":["Conserve Battery","Barrage"],"picked":"Undo+1","floor":19},{"not_picked":["Compile Driver","Redo","Melter"],"picked":"SKIP","floor":19},{"not_picked":["Turbo","Leap"],"picked":"Conserve Battery+1","floor":20},{"not_picked":["Force Field","Go for the Eyes","Coolheaded+1"],"picked":"SKIP","floor":20}],"player_experience":327456,"relics_obtained":[{"floor":9,"key":"Prayer Wheel"},{"floor":11,"key":"Bottled Lightning"}],"event_choices":[{"damage_healed":0,"gold_gain":175,"player_choice":"AGREE","damage_taken":0,"max_hp_gain":0,"max_hp_loss":0,"event_name":"Liars Game","floor":5,"gold_loss":0,"cards_obtained":["Doubt"]}],"is_beta":false,"boss_relics":[{"not_picked":["Cursed Key","Coffee Dripper"],"picked":"Pandora\u0027s Box"}],"items_purged_floors":[],"is_endless":false,"potions_floor_spawned":[2,11,16,20],"killed_by":"Snecko","ascension_level":4}