{"gold_per_floor":[117,136,10,10,27,27,45,45,72,115,127,164,50,50,50,127,127,143,55,69,82,99,99,126,126,126,159,178,26,26,53,53,129,129,149,24,38,50,60,88,88,107,107,107,124,135,135,150,150,150,150],"floor_reached":51,"playtime":6116,"items_purged":["Strike_G","Strike_G","Strike_G+1"],"score":1498,"play_id":"4e224c73-216a-4045-a1a8-edc9d59d60e6","local_time":"20190422162002","is_ascension_mode":true,"campfire_choices":[{"data":"Noxious Fumes","floor":6,"key":"SMITH"},{"data":"A Thousand Cuts","floor":8,"key":"SMITH"},{"floor":11,"key":"REST"},{"data":"Crippling Poison","floor":15,"key":"SMITH"},{"data":"Wraith Form v2","floor":23,"key":"SMITH"},{"floor":30,"key":"REST"},{"floor":32,"key":"REST"},{"data":"Catalyst","floor":41,"key":"SMITH"},{"data":"Catalyst","floor":44,"key":"SMITH"},{"floor":47,"key":"REST"},{"floor":49,"key":"RECALL"}],"neow_cost":"TEN_PERCENT_HP_LOSS","seed_source_timestamp":357173762692747,"circlet_count":0,"master_deck":["AscendersBane","Defend_G","Defend_G","Defend_G","Defend_G","Defend_G","Survivor","Neutralize+1","Bouncing Flask","Backflip","Noxious Fumes+1","Skewer+1","Cloak And Dagger","A Thousand Cuts+1","Calculated Gamble","Crippling Poison+1","Backflip","Wraith Form v2+1","Footwork","Acrobatics","Well Laid Plans","Quick Slash+1","Backflip","PiercingWail","Adrenaline","Footwork+1","Catalyst+1","PiercingWail","Deadly Poison","Malaise","Catalyst+1","Well Laid Plans","Escape Plan","PiercingWail+1","Dodge and Roll","Backflip"],"relics":["Ring of the Snake","MawBank","Vajra","Paper Crane","Sozu","Singing Bowl","Tingsha","Bottled Flame","Snake Skull","Orrery","Whetstone"],"potions_floor_usage":[],"damage_taken":[{"damage":9,"enemies":"Cultist","floor":1,"turns":6},{"damage":4,"enemies":"2 Louse","floor":2,"turns":3},{"damage":2,"enemies":"Jaw Worm","floor":5,"turns":4},{"damage":1,"enemies":"Red Slaver","floor":7,"turns":3},{"damage":10,"enemies":"Lagavulin","floor":10,"turns":8},{"damage":18,"enemies":"3 Sentries","floor":12,"turns":6},{"damage":8,"enemies":"Hexaghost","floor":16,"turns":8},{"damage":4,"enemies":"Shell Parasite","floor":18,"turns":5},{"damage":3,"enemies":"2 Thieves","floor":20,"turns":4},{"damage":12,"enemies":"Snecko","floor":21,"turns":6},{"damage":3,"enemies":"Snake Plant","floor":22,"turns":5},{"damage":3,"enemies":"Slavers","floor":24,"turns":4},{"damage":12,"enemies":"Gremlin Leader","floor":27,"turns":7},{"damage":3,"enemies":"Cultist and Chosen","floor":28,"turns":6},{"damage":15,"enemies":"Slavers","floor":31,"turns":7},{"damage":9,"enemies":"Collector","floor":33,"turns":8},{"damage":12,"enemies":"3 Darklings","floor":35,"turns":8},{"damage":2,"enemies":"Orb Walker","floor":37,"turns":3},{"damage":0,"enemies":"Maw","floor":38,"turns":6},{"damage":8,"enemies":"Sphere and 2 Shapes","floor":39,"turns":4},{"damage":5,"enemies":"Giant Head","floor":40,"turns":8},{"damage":2,"enemies":"Writhing Mass","floor":42,"turns":4},{"damage":22,"enemies":"4 Shapes","floor":45,"turns":6},{"damage":1,"enemies":"Spire Growth","floor":46,"turns":4},{"damage":3,"enemies":"3 Darklings","floor":48,"turns":5},{"damage":18,"enemies":"Time Eater","floor":50,"turns":6},{"damage":31,"enemies":"Awakened One","floor":51,"turns":10}],"seed_played":"-4973261665558893061","potions_obtained":[{"floor":2,"key":"Dexterity Potion"},{"floor":10,"key":"PowerPotion"},{"floor":12,"key":"Swift Potion"}],"is_trial":false,"path_per_floor":["?","?","?"],"character_chosen":"THE_SILENT","items_purchased":["Noxious Fumes","Skewer","Backflip","Footwork","PiercingWail"],"campfire_rested":4,"item_purchase_floors":[3,3,13,19,29],"current_hp_per_floor":[50,46,46,28,26,26,25,25,25,15,33,15,15,15,15,7,47,43,43,40,28,25,25,22,22,22,12,9,9,27,14,33,24,56,44,44,42,44,36,31,31,29,29,29,7,8,29,26,26,8,0],"gold":150,"neow_bonus":"REMOVE_TWO","is_prod":false,"is_daily":false,"chose_seed":false,"campfire_upgraded":6,"win_rate":0,"timestamp":1555939202,"path_taken":["M","M","$","?","M","R","M","R","T","E","R","E","$","?","R","BOSS","M","$","M","M","M","R","E","?","T","E","M","$","R","E","R","BOSS","M","$","M","M","M","E","R","M","T","R","M","M","R","M","R","BOSS","BOSS"],"build_version":"2019-01-23","purchased_purges":3,"victory":false,"max_hp_per_floor":[60,60,60,60,60,60,60,60,60,60,60,60,60,60,60,60,60,60,60,60,60,60,60,60,60,60,62,62,62,62,64,64,64,66,66,66,66,68,68,68,68,68,68,68,68,70,70,70,70,70,70],"card_choices":[{"not_picked":["Outmaneuver","Distraction"],"picked":"Bouncing Flask","floor":1},{"not_picked":["Blade Dance","Dodge and Roll"],"picked":"Backflip","floor":2},{"not_picked":["Blade Dance","Outmaneuver"],"picked":"Cloak And Dagger","floor":5},{"not_picked":["Dodge and Roll","Choke"],"picked":"A Thousand Cuts","floor":7},{"not_picked":["Concentrate","Blur"],"picked":"Calculated Gamble","floor":10},{"not_picked":["Deflect","Backstab"],"picked":"Crippling Poison","floor":12},{"not_picked":["Doppelganger","Storm of Steel"],"picked":"Wraith Form v2","floor":16},{"not_picked":["Blade Dance","Quick Slash","All Out Attack"],"picked":"SKIP","floor":18},{"not_picked":["Sucker Punch","Quick Slash","Dagger Throw"],"picked":"SKIP","floor":20},{"not_picked":["Deadly Poison","Sucker Punch"],"picked":"Acrobatics","floor":21},{"not_picked":["Masterful Stab","Sucker Punch"],"picked":"Well Laid Plans","floor":22},{"not_picked":["Setup","Prepared"],"picked":"Quick Slash+1","floor":24},{"not_picked":["Predator","Choke","Setup"],"picked":"Singing Bowl","floor":27},{"not_picked":["Dagger Throw","Blade Dance"],"picked":"Backflip","floor":28},{"not_picked":["Outmaneuver","Accuracy","Bane"],"picked":"Singing Bowl","floor":31},{"not_picked":["Doppelganger","Grand Finale"],"picked":"Adrenaline","floor":33},{"not_picked":["Tactician","Setup"],"picked":"Footwork+1","floor":34},{"not_picked":["Deadly Poison","Escape Plan"],"picked":"Catalyst","floor":34},{"not_picked":["Cloak And Dagger","Terror","Dagger Throw"],"picked":"Singing Bowl","floor":34},{"not_picked":["Calculated Gamble","Blade Dance"],"picked":"PiercingWail","floor":34},{"not_picked":["Bane","Poisoned Stab"],"picked":"Deadly Poison","floor":34},{"not_picked":["Distraction","Quick Slash"],"picked":"Malaise","floor":35},{"not_picked":["Dodge and Roll+1","Riddle With Holes"],"picked":"Catalyst","floor":37},{"not_picked":["Caltrops","Masterful Stab","Finisher"],"picked":"Singing Bowl","floor":38},{"not_picked":["Quick Slash","Heel Hook+1"],"picked":"Well Laid Plans","floor":39},{"not_picked":["Riddle With Holes","Acrobatics"],"picked":"Escape Plan","floor":40},{"not_picked":["Bane","Dash"],"picked":"PiercingWail+1","floor":42},{"not_picked":["Bane","Blade Dance"],"picked":"Dodge and Roll","floor":45},{"not_picked":["Expertise+1","Heel Hook","Reflex"],"picked":"Singing Bowl","floor":46},{"not_picked":["Riddle With Holes","Slice"],"picked":"Backflip","floor":48}],"player_experience":1799965,"relics_obtained":[{"floor":9,"key":"MawBank"},{"floor":10,"key":"Vajra"},{"floor":12,"key":"Paper Crane"},{"floor":24,"key":"Singing Bowl"},{"floor":26,"key":"Tingsha"},{"floor":27,"key":"Bottled Flame"},{"floor":31,"key":"Snake Skull"},{"floor":40,"key":"Whetstone"}],"event_choices":[{"damage_healed":0,"gold_gain":0,"player_choice":"Entered Light","damage_taken":18,"max_hp_gain":0,"max_hp_loss":0,"event_name":"Shining Light","floor":4,"gold_loss":0,"cards_upgraded":["Strike_G","Neutralize"]},{"damage_healed":0,"gold_gain":0,"player_choice":"Searched \u00270\u0027 times","damage_taken":0,"max_hp_gain":0,"max_hp_loss":0,"event_name":"Dead Adventurer","floor":14,"gold_loss":0},{"damage_healed":0,"gold_gain":0,"player_choice":"Got Potions","damage_taken":0,"max_hp_gain":0,"max_hp_loss":0,"event_name":"Lab","floor":25,"gold_loss":0}],"is_beta":false,"boss_relics":[{"not_picked":["Lizard Tail","Ectoplasm"],"picked":"Sozu"},{"not_picked":["Calling Bell","Fusion Hammer"],"picked":"Orrery"}],"items_purged_floors":[13,29,36],"is_endless":false,"potions_floor_spawned":[2,10,12,16,18,21,27,37,40,45,46,48],"killed_by":"Awakened One","ascension_level":20}