{"gold_per_floor":[115,65,65,75,85,85,115,115,115,132,147,161,174,27,27,27],"floor_reached":16,"playtime":399,"items_purged":[],"score":104,"play_id":"35a49e6c-e693-415e-a913-96d0522f545f","local_time":"20190208010239","is_ascension_mode":false,"campfire_choices":[{"data":"Searing Blow","floor":6,"key":"SMITH"},{"data":"Searing Blow+1","floor":8,"key":"SMITH"},{"floor":15,"key":"REST"}],"neow_cost":"NONE","seed_source_timestamp":54856382883200,"circlet_count":0,"master_deck":["Strike_R","Strike_R","Strike_R","Strike_R","Defend_R","Defend_R","Defend_R","Defend_R","Bash","Searing Blow+2"],"relics":["Burning Blood","NeowsBlessing","StoneCalendar","Frozen Egg 2","Bag of Marbles"],"potions_floor_usage":[12,13,16],"damage_taken":[{"damage":0,"enemies":"2 Louse","floor":1,"turns":1},{"damage":0,"enemies":"Cultist","floor":4,"turns":1},{"damage":0,"enemies":"Jaw Worm","floor":5,"turns":1},{"damage":54,"enemies":"Lagavulin","floor":7,"turns":6},{"damage":8,"enemies":"Red Slaver","floor":10,"turns":3},{"damage":10,"enemies":"Exordium Thugs","floor":11,"turns":6},{"damage":9,"enemies":"Looter","floor":12,"turns":3},{"damage":11,"enemies":"Lots of Slimes","floor":13,"turns":5},{"damage":44,"enemies":"Hexaghost","floor":16,"turns":9}],"seed_played":"-1572704191807084704","potions_obtained":[{"floor":4,"key":"GamblersBrew"},{"floor":7,"key":"Weak Potion"},{"floor":12,"key":"LiquidBronze"}],"is_trial":false,"path_per_floor":["M","?","?","M","M","R","E","R","T","M","M","M","M","$","R","B"],"character_chosen":"IRONCLAD","items_purchased":["Bag of Marbles"],"campfire_rested":1,"item_purchase_floors":[14],"current_hp_per_floor":[80,80,72,78,80,80,32,32,32,30,26,23,18,18,42,0],"gold":27,"neow_bonus":"THREE_ENEMY_KILL","is_prod":false,"is_daily":false,"chose_seed":false,"campfire_upgraded":2,"win_rate":0,"timestamp":1549605759,"path_taken":["M","?","?","M","M","R","E","R","T","M","M","?","M","$","R","BOSS"],"build_version":"2019-01-23","purchased_purges":0,"victory":false,"max_hp_per_floor":[80,80,80,80,80,80,80,80,80,80,80,80,80,80,80,80],"card_choices":[{"not_picked":["Heavy Blade","Armaments","Metallicize"],"picked":"SKIP","floor":1},{"not_picked":["Spot Weakness","Body Slam","Warcry"],"picked":"SKIP","floor":4},{"not_picked":["Cleave","Warcry"],"picked":"Searing Blow","floor":5},{"not_picked":["Anger","Hemokinesis","Iron Wave"],"picked":"SKIP","floor":7},{"not_picked":["Pommel Strike","Havoc","Twin Strike"],"picked":"SKIP","floor":10},{"not_picked":["Sword Boomerang","Evolve+1","Feel No Pain+1"],"picked":"SKIP","floor":11},{"not_picked":["Cleave","Hemokinesis","Twin Strike"],"picked":"SKIP","floor":12},{"not_picked":["Pommel Strike","Sentinel","Searing Blow"],"picked":"SKIP","floor":13}],"player_experience":417490,"relics_obtained":[{"floor":7,"key":"StoneCalendar"},{"floor":9,"key":"Frozen Egg 2"}],"event_choices":[{"cards_removed":["Strike_R"],"damage_healed":0,"gold_gain":0,"player_choice":"Card Removal","damage_taken":0,"max_hp_gain":0,"max_hp_loss":0,"event_name":"The Cleric","floor":2,"gold_loss":50},{"damage_healed":0,"gold_gain":0,"player_choice":"Damaged","damage_taken":8,"max_hp_gain":0,"max_hp_loss":0,"event_name":"Wheel of Change","floor":3,"gold_loss":0}],"is_beta":false,"boss_relics":[],"items_purged_floors":[],"is_endless":false,"potions_floor_spawned":[4,7,12],"killed_by":"Hexaghost","ascension_level":0}