{"gold_per_floor":[111,126,96,107,14,14,49,68,68,68,100,100,133,146,146,241,241,253,303,319,329,329,329,75,103,115,127,158,185,197,234,246,258],"floor_reached":33,"playtime":4299,"items_purged":[],"score":442,"play_id":"f12613ec-df7e-47c5-8594-98831a20f42d","local_time":"20190414010623","is_ascension_mode":true,"campfire_choices":[{"data":"Zap","floor":6,"key":"SMITH"},{"floor":10,"key":"REST"},{"floor":15,"key":"REST"},{"floor":23,"key":"REST"},{"floor":27,"key":"REST"},{"floor":32,"key":"REST"}],"neow_cost":"NONE","seed_source_timestamp":243923018934918,"circlet_count":0,"master_deck":["Strike_B+1","Strike_B+1","Strike_B+1","Strike_B+1","Defend_B+1","Defend_B+1","Defend_B+1","Defend_B+1","Zap+1","Dualcast","Reboot","Rebound","Coolheaded","Cold Snap","Loop","Coolheaded","FTL","Hologram","Ball Lightning","Rainbow","Compile Driver","Seek","Go for the Eyes","Melter","Doom and Gloom","Undo","Skim","Machine Learning","Tempest+1","Defragment","Buffer"],"relics":["Cracked Core","Cables","Question Card","Gremlin Horn","Letter Opener","Philosopher\u0027s Stone","Oddly Smooth Stone","MawBank","Torii","MutagenicStrength","Anchor"],"potions_floor_usage":[11,16,25,31],"damage_taken":[{"damage":11,"enemies":"Small Slimes","floor":1,"turns":3},{"damage":1,"enemies":"Cultist","floor":2,"turns":3},{"damage":5,"enemies":"Jaw Worm","floor":4,"turns":4},{"damage":13,"enemies":"Lagavulin","floor":7,"turns":8},{"damage":21,"enemies":"Lots of Slimes","floor":8,"turns":4},{"damage":10,"enemies":"Gremlin Nob","floor":11,"turns":4},{"damage":22,"enemies":"Lagavulin","floor":13,"turns":7},{"damage":4,"enemies":"Exordium Wildlife","floor":14,"turns":3},{"damage":11,"enemies":"The Guardian","floor":16,"turns":8},{"damage":22,"enemies":"3 Byrds","floor":18,"turns":3},{"damage":7,"enemies":"Chosen","floor":20,"turns":3},{"damage":22,"enemies":"Shelled Parasite and Fungi","floor":21,"turns":5},{"damage":13,"enemies":"Gremlin Leader","floor":25,"turns":4},{"damage":0,"enemies":"Sentry and Sphere","floor":28,"turns":2},{"damage":8,"enemies":"Snake Plant","floor":29,"turns":4},{"damage":18,"enemies":"Book of Stabbing","floor":31,"turns":4},{"damage":84,"enemies":"Automaton","floor":33,"turns":10}],"seed_played":"3337921351550289962","potions_obtained":[{"floor":1,"key":"FairyPotion"},{"floor":3,"key":"Dexterity Potion"},{"floor":3,"key":"SmokeBomb"},{"floor":8,"key":"AttackPotion"},{"floor":11,"key":"LiquidBronze"},{"floor":16,"key":"GamblersBrew"},{"floor":25,"key":"LiquidBronze"},{"floor":28,"key":"Weak Potion"}],"is_trial":false,"path_per_floor":["?","M","?","?","M","?","?"],"character_chosen":"DEFECT","items_purchased":["Loop","Coolheaded","Oddly Smooth Stone","Undo","Skim"],"campfire_rested":5,"item_purchase_floors":[5,5,24,24,24],"current_hp_per_floor":[57,56,56,51,51,51,38,17,17,39,29,29,7,3,25,14,60,38,38,31,9,9,31,31,18,18,40,40,32,32,14,36,0],"gold":258,"neow_bonus":"ONE_RANDOM_RARE_CARD","is_prod":false,"is_daily":false,"chose_seed":false,"campfire_upgraded":1,"win_rate":0,"timestamp":1555200383,"path_taken":["M","M","?","M","$","R","E","?","T","R","E","?","E","M","R","BOSS","M","?","?","M","?","R","$","E","T","R","M","M","?","E","R","BOSS"],"build_version":"2019-01-23","purchased_purges":0,"victory":false,"max_hp_per_floor":[75,75,75,75,75,75,75,75,75,75,75,75,75,75,75,75,75,75,75,75,75,75,75,75,75,75,75,75,75,75,75,75,75],"card_choices":[{"not_picked":["Redo","Streamline"],"picked":"Rebound","floor":1},{"not_picked":["Self Repair","BootSequence"],"picked":"Coolheaded","floor":2},{"not_picked":["Steam","Hologram"],"picked":"Cold Snap","floor":4},{"not_picked":["Recycle","Steam"],"picked":"FTL","floor":7},{"not_picked":["Rip and Tear","Steam"],"picked":"Hologram","floor":8},{"not_picked":["Turbo","Core Surge","Cold Snap"],"picked":"Ball Lightning","floor":11},{"not_picked":["Fission","Turbo","Buffer"],"picked":"Rainbow","floor":13},{"not_picked":["Leap","Redo","Coolheaded"],"picked":"Compile Driver","floor":14},{"not_picked":["Machine Learning","All For One","Hyperbeam"],"picked":"Seek","floor":16},{"not_picked":["Coolheaded","Rebound","Turbo"],"picked":"Go for the Eyes","floor":18},{"not_picked":["BootSequence","Streamline","Aggregate"],"picked":"Melter","floor":20},{"not_picked":["Turbo","Leap","Skim+1"],"picked":"Doom and Gloom","floor":21},{"not_picked":["Streamline","Force Field","Coolheaded"],"picked":"Machine Learning","floor":25},{"not_picked":["Hologram","Doom and Gloom","Sweeping Beam"],"picked":"Tempest+1","floor":28},{"not_picked":["Gash","Leap","Stack+1"],"picked":"Defragment","floor":29},{"not_picked":["Cold Snap","Compile Driver","Genetic Algorithm"],"picked":"Buffer","floor":31}],"player_experience":615517,"relics_obtained":[{"floor":7,"key":"Cables"},{"floor":9,"key":"Question Card"},{"floor":11,"key":"Gremlin Horn"},{"floor":13,"key":"Letter Opener"},{"floor":25,"key":"MawBank"},{"floor":26,"key":"Torii"},{"floor":31,"key":"Anchor"}],"event_choices":[{"damage_healed":0,"gold_gain":0,"player_choice":"Bought 2 Potions","damage_taken":0,"max_hp_gain":0,"max_hp_loss":0,"event_name":"The Woman in Blue","floor":3,"gold_loss":0},{"damage_healed":0,"gold_gain":0,"player_choice":"Fled","damage_taken":0,"max_hp_gain":0,"max_hp_loss":0,"event_name":"Scrap Ooze","floor":12,"gold_loss":0},{"damage_healed":0,"gold_gain":100,"player_choice":"Bet on Murderer","damage_taken":0,"max_hp_gain":0,"max_hp_loss":0,"event_name":"The Joust","floor":19,"gold_loss":50},{"damage_healed":0,"gold_gain":0,"player_choice":"Simplicity","damage_taken":0,"max_hp_gain":0,"max_hp_loss":0,"event_name":"Back to Basics","floor":22,"gold_loss":0,"cards_upgraded":["Strike_B","Strike_B","Strike_B","Strike_B","Defend_B","Defend_B","Defend_B","Defend_B"]},{"damage_healed":0,"gold_gain":0,"player_choice":"Inject Mutagens","damage_taken":0,"relics_obtained":["MutagenicStrength"],"max_hp_gain":0,"max_hp_loss":0,"event_name":"Drug Dealer","floor":30,"gold_loss":0}],"is_beta":false,"boss_relics":[{"not_picked":["Tiny House","Calling Bell"],"picked":"Philosopher\u0027s Stone"}],"items_purged_floors":[],"is_endless":false,"potions_floor_spawned":[1,8,11,16,20,25,28,29],"killed_by":"Automaton","ascension_level":9}