{"gold_per_floor":[115,131,145,160,170,195,195,230,230,263,263,274,234,252,252,351,351,368,385,399,426,3,36,36,56,56,56,82,82,181,181],"floor_reached":31,"playtime":1341,"items_purged":[],"score":428,"play_id":"3c0dcb45-a3a2-4f27-8568-bdbff9b97f57","local_time":"20190322192217","is_ascension_mode":true,"campfire_choices":[{"floor":7,"key":"REST"},{"data":"Zap","floor":15,"key":"SMITH"},{"data":"Defragment","floor":24,"key":"SMITH"},{"floor":27,"key":"REST"}],"neow_cost":"NONE","seed_source_timestamp":168330461766957,"circlet_count":0,"master_deck":["Strike_B","Strike_B","Strike_B","Defend_B","Defend_B","Defend_B","Defend_B","Zap+1","Dualcast","Ball Lightning","Beam Cell","Go for the Eyes","Gash","Cold Snap","Coolheaded","Hologram","Rip and Tear","Beam Cell","Go for the Eyes","Creative AI","Beam Cell+1","Hello World+1","Beam Cell","Defragment+1","Ball Lightning","Rebound+1","Skim+1"],"relics":["Cracked Core","Oddly Smooth Stone","Sundial","Peace Pipe","Pocketwatch","Runic Pyramid","Vajra","Lee\u0027s Waffle","Boot","WingedGreaves","Shuriken","Bronze Scales"],"potions_floor_usage":[4,6,8,10,16,16,20,31],"damage_taken":[{"damage":7,"enemies":"Jaw Worm","floor":1,"turns":2},{"damage":0,"enemies":"Cultist","floor":2,"turns":2},{"damage":7,"enemies":"Small Slimes","floor":3,"turns":3},{"damage":4,"enemies":"Blue Slaver","floor":4,"turns":2},{"damage":10,"enemies":"2 Fungi Beasts","floor":5,"turns":3},{"damage":0,"enemies":"Gremlin Nob","floor":6,"turns":2},{"damage":10,"enemies":"Lagavulin","floor":8,"turns":6},{"damage":2,"enemies":"Gremlin Nob","floor":10,"turns":3},{"damage":0,"enemies":"Large Slime","floor":12,"turns":3},{"damage":6,"enemies":"Red Slaver","floor":14,"turns":2},{"damage":14,"enemies":"Hexaghost","floor":16,"turns":9},{"damage":20,"enemies":"Shell Parasite","floor":18,"turns":6},{"damage":2,"enemies":"Chosen","floor":19,"turns":3},{"damage":11,"enemies":"Centurion and Healer","floor":20,"turns":3},{"damage":37,"enemies":"Slavers","floor":23,"turns":4},{"damage":2,"enemies":"Cultist and Chosen","floor":25,"turns":4},{"damage":52,"enemies":"Gremlin Leader","floor":28,"turns":7},{"damage":20,"enemies":"Snake Plant","floor":31,"turns":1}],"seed_played":"-4517261072173495144","potions_obtained":[{"floor":3,"key":"SteroidPotion"},{"floor":4,"key":"AttackPotion"},{"floor":6,"key":"Swift Potion"},{"floor":8,"key":"Fire Potion"},{"floor":13,"key":"SkillPotion"},{"floor":13,"key":"LiquidBronze"},{"floor":13,"key":"FocusPotion"},{"floor":16,"key":"Strength Potion"},{"floor":18,"key":"SmokeBomb"},{"floor":19,"key":"PowerPotion"}],"is_trial":false,"path_per_floor":["M","M","M","M","M","E","R","E","T","E","?","M","?","M","R","B",null,"M","M","M","T","$","E","R","M","T","R","E","?","?","M"],"character_chosen":"DEFECT","items_purchased":["Lee\u0027s Waffle","Boot","Defragment"],"campfire_rested":2,"item_purchase_floors":[22,22,22],"current_hp_per_floor":[68,68,61,57,47,47,69,59,59,57,50,50,50,44,44,30,64,44,42,31,31,82,45,45,43,43,67,15,15,15,0],"gold":181,"neow_bonus":"THREE_CARDS","is_prod":false,"is_daily":false,"chose_seed":false,"campfire_upgraded":2,"win_rate":0,"timestamp":1553296937,"path_taken":["M","M","M","M","M","E","R","E","T","E","?","M","?","M","R","BOSS","M","M","M","?","$","E","R","M","T","R","E","?","?","M"],"build_version":"2019-01-23","purchased_purges":0,"victory":false,"max_hp_per_floor":[75,75,75,75,75,75,75,75,75,75,75,75,75,75,75,75,75,75,75,75,75,82,82,82,82,82,82,82,82,82,82],"card_choices":[{"not_picked":["Streamline","Lockon"],"picked":"Ball Lightning","floor":0},{"not_picked":["Hologram","Darkness"],"picked":"Beam Cell","floor":1},{"not_picked":["Undo","Auto Shields","Turbo"],"picked":"SKIP","floor":2},{"not_picked":["Double Energy","Coolheaded"],"picked":"Go for the Eyes","floor":3},{"not_picked":["Steam","Thunder Strike"],"picked":"Gash","floor":4},{"not_picked":["Coolheaded","Redo"],"picked":"Cold Snap","floor":5},{"not_picked":["Scrape","Hello World"],"picked":"Coolheaded","floor":6},{"not_picked":["Sunder","Genetic Algorithm"],"picked":"Hologram","floor":8},{"not_picked":["Storm","Double Energy"],"picked":"Rip and Tear","floor":10},{"not_picked":["Leap","Steam"],"picked":"Beam Cell","floor":12},{"not_picked":["Beam Cell","Cold Snap"],"picked":"Go for the Eyes","floor":14},{"not_picked":["Core Surge","Meteor Strike"],"picked":"Creative AI","floor":16},{"not_picked":["Turbo","Go for the Eyes+1"],"picked":"Beam Cell+1","floor":18},{"not_picked":["Ball Lightning","Chill"],"picked":"Hello World+1","floor":19},{"not_picked":["Streamline","Skim"],"picked":"Beam Cell","floor":20},{"not_picked":["Consume","Conserve Battery"],"picked":"Ball Lightning","floor":23},{"not_picked":["Stack+1","Fission"],"picked":"Rebound+1","floor":25},{"not_picked":["Steam","Turbo"],"picked":"Skim+1","floor":28}],"player_experience":255851,"relics_obtained":[{"floor":6,"key":"Oddly Smooth Stone"},{"floor":8,"key":"Sundial"},{"floor":9,"key":"Peace Pipe"},{"floor":10,"key":"Pocketwatch"},{"floor":21,"key":"Vajra"},{"floor":23,"key":"WingedGreaves"},{"floor":26,"key":"Shuriken"},{"floor":28,"key":"Bronze Scales"}],"event_choices":[{"cards_removed":["Strike_B"],"damage_healed":0,"gold_gain":0,"player_choice":"Card Removal","damage_taken":7,"max_hp_gain":0,"max_hp_loss":0,"event_name":"Golden Wing","floor":11,"gold_loss":0},{"damage_healed":0,"gold_gain":0,"player_choice":"Bought 3 Potions","damage_taken":0,"max_hp_gain":0,"max_hp_loss":0,"event_name":"The Woman in Blue","floor":13,"gold_loss":0},{"damage_healed":0,"gold_gain":0,"player_choice":"Ignored","damage_taken":0,"max_hp_gain":0,"max_hp_loss":0,"event_name":"Ghosts","floor":29,"gold_loss":0},{"damage_healed":0,"gold_gain":99,"player_choice":"Stole From Cult","damage_taken":0,"max_hp_gain":0,"max_hp_loss":0,"event_name":"Nest","floor":30,"gold_loss":0}],"is_beta":false,"boss_relics":[{"not_picked":["Sozu","Coffee Dripper"],"picked":"Runic Pyramid"}],"items_purged_floors":[],"is_endless":false,"potions_floor_spawned":[3,4,6,8,16,18,19],"killed_by":"Snake Plant","ascension_level":5}