{"gold_per_floor":[118,133,83,258,273,302,302,302],"floor_reached":8,"playtime":268,"items_purged":[],"score":62,"play_id":"de6e79a3-828e-4a19-8ac5-0ea32b806066","local_time":"20181111000339","is_ascension_mode":true,"campfire_choices":[{"floor":7.0,"key":"REST"}],"neow_cost":"NONE","seed_source_timestamp":0,"circlet_count":0,"master_deck":["Defend_G","Defend_G","Defend_G","Defend_G","Defend_G","Strike_G","Strike_G","Strike_G","Strike_G","Survivor","Neutralize","Dagger Throw","Underhanded Strike","Doubt","Deadly Poison","Dagger Throw"],"special_seed":0,"relics":["Ring of the Snake","Juzu Bracelet","Calipers"],"potions_floor_usage":[],"damage_taken":[{"damage":3.0,"enemies":"Cultist","floor":1.0,"turns":5.0},{"damage":4.0,"enemies":"Small Slimes","floor":2.0,"turns":3.0},{"damage":8.0,"enemies":"2 Louse","floor":5.0,"turns":3.0},{"damage":35.0,"enemies":"3 Sentries","floor":6.0,"turns":9.0},{"damage":45,"enemies":"Gremlin Gang","floor":8,"turns":3}],"seed_played":"-8554008253153379215","potions_obtained":[{"floor":2.0,"key":"Strength Potion"},{"floor":5.0,"key":"GamblersBrew"}],"is_trial":false,"path_per_floor":["M","M","?","?","M","E","R","M"],"character_chosen":"THE_SILENT","items_purchased":[],"campfire_rested":1,"item_purchase_floors":[],"current_hp_per_floor":[67,63,63,63,55,20,41,0],"gold":302,"neow_bonus":"RANDOM_COMMON_RELIC","is_prod":false,"is_daily":false,"chose_seed":false,"campfire_upgraded":0,"win_rate":0,"timestamp":1541912619,"path_taken":["M","M","?","?","M","E","R","M"],"build_version":"2018-11-08","purchased_purges":0,"victory":false,"max_hp_per_floor":[70,70,70,70,70,70,70,70],"card_choices":[{"not_picked":["Quick Slash","Finisher"],"picked":"Dagger Throw","floor":1.0},{"not_picked":["Dodge and Roll","Blade Dance"],"picked":"Underhanded Strike","floor":2.0},{"not_picked":["Poisoned Stab","Prepared"],"picked":"Deadly Poison","floor":5.0},{"not_picked":["Cloak And Dagger","Riddle With Holes"],"picked":"Dagger Throw","floor":6.0}],"player_experience":291938,"relics_obtained":[{"floor":6.0,"key":"Calipers"}],"event_choices":[{"cards_removed":["Strike_G"],"damage_healed":0.0,"max_hp_gain":0.0,"max_hp_loss":0.0,"gold_gain":0.0,"event_name":"The Cleric","player_choice":"Card Removal","floor":3.0,"gold_loss":50.0,"damage_taken":0.0},{"damage_healed":0.0,"max_hp_gain":0.0,"max_hp_loss":0.0,"gold_gain":175.0,"event_name":"Liars Game","player_choice":"AGREE","floor":4.0,"gold_loss":0.0,"damage_taken":0.0,"cards_obtained":["Doubt"]}],"is_beta":true,"boss_relics":[],"items_purged_floors":[],"is_endless":false,"potions_floor_spawned":[2,5],"killed_by":"Gremlin Gang","ascension_level":2}