{"gold_per_floor":[111,111,111,186,186,186,219,15,15,30,47,57,115,132,132,228,228,239,339,357,373,393,393,393,393,693,693,693,727,745,745,745,745],"floor_reached":33,"playtime":1139,"items_purged":[],"score":348,"play_id":"3ef4ac47-5609-44be-bfd7-76cf17b94125","local_time":"20190205190843","is_ascension_mode":true,"campfire_choices":[{"data":"Bash","floor":6,"key":"SMITH"},{"data":"Flex","floor":15,"key":"SMITH"},{"floor":23,"key":"REST"},{"floor":24,"key":"REST"},{"data":"Offering","floor":25,"key":"SMITH"},{"data":"Flex","floor":27,"key":"SMITH"},{"floor":32,"key":"REST"}],"neow_cost":"NONE","seed_source_timestamp":4220321494400,"circlet_count":0,"master_deck":["Strike_R","Strike_R","Strike_R","Strike_R","Strike_R","Defend_R","Defend_R","Defend_R","Defend_R+1","Bash+1","Perfected Strike+1","Flex+1","Perfected Strike","Flex+1","Wild Strike","Rage","Wild Strike","Shrug It Off","Offering+1","Clothesline+1","Uppercut+1","Havoc","Rupture+1","Shockwave","Heavy Blade+1"],"relics":["Burning Blood","NeowsBlessing","Sundial","Red Skull","Bottled Flame","Dodecahedron","Sozu","WingedGreaves","Frozen Egg 2","Old Coin","Nilry\u0027s Codex","Pen Nib"],"potions_floor_usage":[16,16,30],"damage_taken":[{"damage":0,"enemies":"Small Slimes","floor":1,"turns":1},{"damage":0,"enemies":"3 Sentries","floor":7,"turns":1},{"damage":0,"enemies":"2 Louse","floor":10,"turns":1},{"damage":12,"enemies":"Jaw Worm","floor":11,"turns":2},{"damage":0,"enemies":"2 Fungi Beasts","floor":12,"turns":2},{"damage":30,"enemies":"Lagavulin Event","floor":13,"turns":4},{"damage":12,"enemies":"Looter","floor":14,"turns":3},{"damage":4,"enemies":"Slime Boss","floor":16,"turns":4},{"damage":25,"enemies":"3 Byrds","floor":18,"turns":5},{"damage":21,"enemies":"Colosseum Slavers","floor":19,"turns":4},{"damage":10,"enemies":"Colosseum Nobs","floor":19,"turns":3},{"damage":8,"enemies":"Chosen","floor":20,"turns":3},{"damage":18,"enemies":"Centurion and Healer","floor":21,"turns":3},{"damage":24,"enemies":"Snake Plant","floor":22,"turns":2},{"damage":25,"enemies":"Gremlin Leader","floor":29,"turns":5},{"damage":17,"enemies":"Chosen and Byrds","floor":30,"turns":5},{"damage":63,"enemies":"Champ","floor":33,"turns":6}],"seed_played":"-8980525799226456942","potions_obtained":[{"floor":10,"key":"PowerPotion"},{"floor":12,"key":"Ancient Potion"},{"floor":13,"key":"AttackPotion"}],"is_trial":false,"path_per_floor":["M","?","$","?","?","R","E","$","T","M","M","M","?","M","R","B",null,"M","?","M","M","M","R","R","R","T","R","?","E","M","?","R","B"],"character_chosen":"IRONCLAD","items_purchased":["Red Skull","Perfected Strike"],"campfire_rested":3,"item_purchase_floors":[8,8],"current_hp_per_floor":[80,80,80,69,53,53,59,59,59,65,59,65,41,35,35,37,80,61,42,40,28,10,34,58,58,58,58,42,23,12,38,62,0],"gold":745,"neow_bonus":"THREE_ENEMY_KILL","is_prod":false,"is_daily":false,"chose_seed":false,"campfire_upgraded":4,"win_rate":0,"timestamp":1549411723,"path_taken":["M","?","$","?","?","R","E","?","T","M","M","M","?","M","R","BOSS","M","?","M","M","M","R","R","R","T","R","?","E","M","?","R","BOSS"],"build_version":"2019-01-23","purchased_purges":0,"victory":false,"max_hp_per_floor":[80,80,80,80,80,80,80,80,80,80,80,80,80,80,80,80,80,80,80,80,80,80,80,80,80,80,80,80,80,80,80,80,80],"card_choices":[{"not_picked":["Shrug It Off","Sever Soul"],"picked":"Perfected Strike","floor":1},{"not_picked":["Rupture","Headbutt"],"picked":"Flex","floor":7},{"not_picked":["Sword Boomerang","Iron Wave"],"picked":"Flex","floor":10},{"not_picked":["Flex","Havoc"],"picked":"Wild Strike","floor":11},{"not_picked":["Clash","Havoc"],"picked":"Rage","floor":12},{"not_picked":["Searing Blow","Sever Soul"],"picked":"Wild Strike","floor":13},{"not_picked":["Wild Strike","Searing Blow"],"picked":"Shrug It Off","floor":14},{"not_picked":["Reaper","Brutality"],"picked":"Offering","floor":16},{"not_picked":["Perfected Strike","Sentinel","Clash+1"],"picked":"SKIP","floor":18},{"not_picked":["Havoc","Dual Wield+1"],"picked":"Clothesline+1","floor":19},{"not_picked":["Clash","Anger+1"],"picked":"Uppercut+1","floor":20},{"not_picked":["Entrench+1","Cleave"],"picked":"Havoc","floor":21},{"not_picked":["Clash","Anger"],"picked":"Rupture+1","floor":22},{"not_picked":["Headbutt","Juggernaut+1"],"picked":"Shockwave","floor":29},{"not_picked":["Uppercut","Shrug It Off"],"picked":"Heavy Blade+1","floor":30}],"player_experience":371110,"relics_obtained":[{"floor":7,"key":"Sundial"},{"floor":9,"key":"Bottled Flame"},{"floor":13,"key":"Dodecahedron"},{"floor":19,"key":"WingedGreaves"},{"floor":19,"key":"Frozen Egg 2"},{"floor":26,"key":"Old Coin"},{"floor":28,"key":"Nilry\u0027s Codex"},{"floor":29,"key":"Pen Nib"}],"event_choices":[{"damage_healed":0,"gold_gain":0,"player_choice":"Leave","damage_taken":0,"max_hp_gain":0,"max_hp_loss":0,"event_name":"The Cleric","floor":2,"gold_loss":0},{"damage_healed":0,"gold_gain":75,"player_choice":"Gather Gold","damage_taken":11,"max_hp_gain":0,"max_hp_loss":0,"event_name":"World of Goop","floor":4,"gold_loss":0},{"damage_healed":0,"gold_gain":0,"player_choice":"Entered Light","damage_taken":16,"max_hp_gain":0,"max_hp_loss":0,"event_name":"Shining Light","floor":5,"gold_loss":0,"cards_upgraded":["Defend_R","Perfected Strike"]},{"damage_healed":0,"gold_gain":30,"player_choice":"Searched \u00272\u0027 times","damage_taken":0,"max_hp_gain":0,"max_hp_loss":0,"event_name":"Dead Adventurer","floor":13,"gold_loss":0},{"damage_healed":0,"gold_gain":0,"player_choice":"Fight","damage_taken":0,"max_hp_gain":0,"max_hp_loss":0,"event_name":"Colosseum","floor":19,"gold_loss":0},{"damage_healed":0,"gold_gain":0,"player_choice":"Fought Nobs","damage_taken":0,"max_hp_gain":0,"max_hp_loss":0,"event_name":"Colosseum","floor":19,"gold_loss":0},{"damage_healed":0,"gold_gain":0,"player_choice":"Obtained Book","damage_taken":16,"max_hp_gain":0,"max_hp_loss":0,"event_name":"Cursed Tome","floor":28,"gold_loss":0},{"damage_healed":26,"gold_gain":0,"player_choice":"Heal","damage_taken":0,"max_hp_gain":0,"max_hp_loss":0,"event_name":"The Library","floor":31,"gold_loss":0}],"is_beta":false,"boss_relics":[{"not_picked":["Orrery","Black Star"],"picked":"Sozu"}],"items_purged_floors":[],"is_endless":false,"potions_floor_spawned":[10,12,13,18,19,22,30],"killed_by":"Champ","ascension_level":4}