{"gold_per_floor":[111,125,51,69,69,69,87,112,160,170,51,51,82,101,101,179,179,191,208,208,220,233,262,262,297,322,322,351,47,74,89,89,161,161,175,175,1174,1192,1192,1192,1218,1218,1270,1020,1049,1069,1082,1113,1113,1113],"floor_reached":50,"playtime":3427,"items_purged":["Strike_G","Normality"],"score":1400,"play_id":"18524915-2159-4787-97fc-609218f18ffc","local_time":"20190420150503","is_ascension_mode":true,"campfire_choices":[{"data":"Glass Knife","floor":6,"key":"SMITH"},{"data":"Neutralize","floor":12,"key":"SMITH"},{"data":"Malaise","floor":15,"key":"SMITH"},{"floor":24,"key":"REST"},{"floor":27,"key":"REST"},{"floor":32,"key":"REST"},{"data":"Crippling Poison","floor":40,"key":"SMITH"},{"floor":42,"key":"RECALL"},{"floor":49,"key":"REST"}],"neow_cost":"NONE","seed_source_timestamp":182551845766808,"circlet_count":0,"master_deck":["AscendersBane","Defend_G","Defend_G+1","Defend_G","Defend_G","Defend_G","Strike_G","Strike_G","Strike_G","Survivor","Neutralize+1","Deadly Poison","Noxious Fumes","Glass Knife+1","Venomology","Dagger Spray","Noxious Fumes+1","PiercingWail","Footwork+1","Malaise+1","Well Laid Plans+1","Night Terror","Backflip+1","Acrobatics","Caltrops+1","Dodge and Roll+1","Acrobatics","Deflect+1","Crippling Poison+1","Corpse Explosion","Calculated Gamble","Malaise","Doubt","PiercingWail","Leg Sweep","Bouncing Flask+1","PiercingWail"],"relics":["Ring of the Snake","Strawberry","Frozen Egg 2","Omamori","Oddly Smooth Stone","Cursed Key","Orichalcum","Red Mask","Art of War","The Courier","Snake Skull","TwistedFunnel","War Paint","Snecko Eye","Mummified Hand","Blood Vial","Dream Catcher","Kunai"],"potions_floor_usage":[8,8,13,14,16,18,18,19,19,21,21,22,22,25,25,28,30,31,38,38,41,41,45,47,48,48],"damage_taken":[{"damage":1,"enemies":"2 Louse","floor":1,"turns":2},{"damage":1,"enemies":"Cultist","floor":2,"turns":4},{"damage":0,"enemies":"Jaw Worm","floor":4,"turns":3},{"damage":0,"enemies":"3 Louse","floor":7,"turns":4},{"damage":0,"enemies":"Gremlin Nob","floor":8,"turns":3},{"damage":0,"enemies":"Exordium Wildlife","floor":10,"turns":3},{"damage":2,"enemies":"3 Sentries","floor":13,"turns":6},{"damage":1,"enemies":"Looter","floor":14,"turns":3},{"damage":24,"enemies":"The Guardian","floor":16,"turns":9},{"damage":0,"enemies":"Spheric Guardian","floor":18,"turns":3},{"damage":4,"enemies":"3 Byrds","floor":19,"turns":5},{"damage":6,"enemies":"Snake Plant","floor":21,"turns":6},{"damage":4,"enemies":"3 Cultists","floor":22,"turns":5},{"damage":18,"enemies":"Gremlin Leader","floor":23,"turns":8},{"damage":22,"enemies":"Masked Bandits","floor":25,"turns":4},{"damage":31,"enemies":"Slavers","floor":28,"turns":6},{"damage":1,"enemies":"Book of Stabbing","floor":30,"turns":6},{"damage":18,"enemies":"Cultist and Chosen","floor":31,"turns":9},{"damage":13,"enemies":"Automaton","floor":33,"turns":10},{"damage":0,"enemies":"3 Darklings","floor":35,"turns":3},{"damage":5,"enemies":"Orb Walker","floor":38,"turns":5},{"damage":17,"enemies":"Reptomancer","floor":41,"turns":4},{"damage":0,"enemies":"Nemesis","floor":45,"turns":11},{"damage":8,"enemies":"Spire Growth","floor":46,"turns":6},{"damage":0,"enemies":"4 Shapes","floor":47,"turns":3},{"damage":28,"enemies":"Giant Head","floor":48,"turns":7},{"damage":45,"enemies":"Donu and Deca","floor":50,"turns":10}],"seed_played":"-4864279170312361938","potions_obtained":[{"floor":7,"key":"SteroidPotion"},{"floor":10,"key":"Energy Potion"},{"floor":14,"key":"Block Potion"},{"floor":16,"key":"Block Potion"},{"floor":18,"key":"PowerPotion"},{"floor":19,"key":"PowerPotion"},{"floor":21,"key":"Swift Potion"},{"floor":25,"key":"FearPotion"},{"floor":45,"key":"SneckoOil"},{"floor":46,"key":"SpeedPotion"}],"is_trial":false,"path_per_floor":["?","M","?","?","?","?","?","M"],"character_chosen":"THE_SILENT","items_purchased":["Glass Knife","Footwork+1","Snake Skull","TwistedFunnel","PiercingWail","Blood Vial"],"campfire_rested":4,"item_purchase_floors":[3,11,29,29,44,44],"current_hp_per_floor":[65,64,64,64,64,64,64,64,64,64,64,64,62,61,61,37,64,64,60,60,54,50,32,53,31,31,52,21,21,20,2,23,10,57,57,57,57,52,52,52,49,49,49,49,51,45,47,21,41,0],"gold":1113,"neow_bonus":"RANDOM_COMMON_RELIC","is_prod":false,"is_daily":false,"chose_seed":false,"campfire_upgraded":4,"win_rate":0,"timestamp":1555761903,"path_taken":["M","M","$","M","?","R","M","E","T","M","$","R","E","M","R","BOSS","M","?","?","M","M","E","R","?","T","R","E","$","E","M","R","BOSS","M","?","?","M","?","R","E","R","T","$","E","?","M","E","R","BOSS"],"build_version":"2019-01-23","purchased_purges":2,"victory":false,"max_hp_per_floor":[73,73,73,73,73,73,73,73,73,73,73,73,73,73,73,73,73,73,73,73,73,73,73,73,73,73,73,73,73,73,73,73,73,73,73,73,73,73,69,69,69,69,69,69,69,69,69,69,69,69],"card_choices":[{"not_picked":["Dodge and Roll","Dagger Spray"],"picked":"Deadly Poison","floor":1},{"not_picked":["All Out Attack","Bane"],"picked":"Noxious Fumes","floor":2},{"not_picked":["Blade Dance","Underhanded Strike","Sucker Punch"],"picked":"SKIP","floor":4},{"not_picked":["Dagger Throw","Eviscerate"],"picked":"Dagger Spray","floor":7},{"not_picked":["Outmaneuver","Blade Dance"],"picked":"Noxious Fumes","floor":8},{"not_picked":["Cloak And Dagger","Doppelganger"],"picked":"PiercingWail","floor":10},{"not_picked":["Terror","Infinite Blades+1"],"picked":"Malaise","floor":13},{"not_picked":["Flechettes","Concentrate"],"picked":"Well Laid Plans+1","floor":14},{"not_picked":["Malaise","Envenom+1"],"picked":"Night Terror","floor":16},{"not_picked":["Blade Dance","Prepared"],"picked":"Backflip+1","floor":18},{"not_picked":["Poisoned Stab","Dagger Throw+1"],"picked":"Acrobatics","floor":19},{"not_picked":["Quick Slash","Outmaneuver"],"picked":"Caltrops+1","floor":21},{"not_picked":["Prepared","Choke","Bane"],"picked":"SKIP","floor":22},{"not_picked":["Riddle With Holes","Quick Slash"],"picked":"Dodge and Roll","floor":23},{"not_picked":["Glass Knife","Finisher"],"picked":"Acrobatics","floor":25},{"not_picked":["Cloak And Dagger","Setup","Choke"],"picked":"SKIP","floor":28},{"not_picked":["Terror","Outmaneuver"],"picked":"Deflect+1","floor":30},{"not_picked":["Blade Dance+1","Deflect"],"picked":"Crippling Poison","floor":31},{"not_picked":["Night Terror","Doppelganger"],"picked":"Corpse Explosion","floor":33},{"not_picked":["Quick Slash","Outmaneuver+1","Underhanded Strike"],"picked":"SKIP","floor":35},{"not_picked":["Noxious Fumes+1","Underhanded Strike"],"picked":"Calculated Gamble","floor":38},{"not_picked":["Flying Knee+1","Deflect+1"],"picked":"Malaise","floor":41},{"not_picked":["Prepared","Bane"],"picked":"Leg Sweep","floor":45},{"not_picked":["Deadly Poison","Flying Knee","Endless Agony+1"],"picked":"SKIP","floor":46},{"not_picked":["Cloak And Dagger","Poisoned Stab+1"],"picked":"Bouncing Flask+1","floor":47},{"not_picked":["Adrenaline","Quick Slash"],"picked":"PiercingWail","floor":48}],"player_experience":1759498,"relics_obtained":[{"floor":8,"key":"Frozen Egg 2"},{"floor":9,"key":"Omamori"},{"floor":13,"key":"Oddly Smooth Stone"},{"floor":23,"key":"Orichalcum"},{"floor":25,"key":"Red Mask"},{"floor":26,"key":"Art of War"},{"floor":28,"key":"The Courier"},{"floor":30,"key":"War Paint"},{"floor":41,"key":"Mummified Hand"},{"floor":45,"key":"Dream Catcher"},{"floor":48,"key":"Kunai"}],"event_choices":[{"damage_healed":0,"gold_gain":0,"cards_transformed":["Strike_G"],"player_choice":"Transformed","damage_taken":0,"max_hp_gain":0,"max_hp_loss":0,"event_name":"Transmorgrifier","floor":5,"gold_loss":0,"cards_obtained":["Venomology"]},{"damage_healed":0,"gold_gain":0,"player_choice":"Ignored","damage_taken":0,"max_hp_gain":0,"max_hp_loss":0,"event_name":"Vampires","floor":20,"gold_loss":0},{"damage_healed":0,"gold_gain":0,"player_choice":"Fought Bandits","damage_taken":0,"max_hp_gain":0,"max_hp_loss":0,"event_name":"Masked Bandits","floor":25,"gold_loss":0},{"damage_healed":0,"gold_gain":0,"player_choice":"Ignored","damage_taken":0,"max_hp_gain":0,"max_hp_loss":0,"event_name":"Tomb of Lord Red Mask","floor":36,"gold_loss":0},{"damage_healed":0,"gold_gain":999,"player_choice":"Gold","damage_taken":0,"max_hp_gain":0,"max_hp_loss":0,"event_name":"MindBloom","floor":37,"gold_loss":0,"cards_obtained":["Normality","Normality"]},{"damage_healed":0,"gold_gain":0,"player_choice":"Max HP","damage_taken":0,"max_hp_gain":0,"max_hp_loss":4,"event_name":"Winding Halls","floor":39,"gold_loss":0}],"is_beta":false,"boss_relics":[{"not_picked":["Sozu","Tiny House"],"picked":"Cursed Key"},{"not_picked":["Pandora\u0027s Box","Fusion Hammer"],"picked":"Snecko Eye"}],"items_purged_floors":[11,44],"is_endless":false,"potions_floor_spawned":[7,10,14,16,18,19,21,25,45,46],"killed_by":"Donu and Deca","ascension_level":20}