{"path_per_floor":["M","M","M","$","M","R","M","E","T","E","$","R","M","M","R","B",null,"M","M","?","?","$","E","R","M","T","M","M","M","$","?","R"],"character_chosen":"IRONCLAD","items_purchased":["Spot Weakness","Vajra","Bag of Preparation","Ancient Tea Set"],"gold_per_floor":[112,127,140,66,82,82,98,130,184,216,59,59,79,97,97,197,197,209,222,222,222,70,101,101,113,113,127,139,159,11,11,11],"floor_reached":33,"campfire_rested":1,"playtime":2628,"current_hp_per_floor":[80,80,80,80,69,69,58,57,57,47,47,47,53,63,63,27,88,77,59,59,59,59,37,64,39,39,43,28,34,34,108,108],"items_purged":[],"gold":11,"play_id":"bbae60de-140e-48a3-a67f-1622858da9b0","is_prod":false,"is_daily":false,"is_ascension_mode":false,"campfire_upgraded":4,"path_taken":["M","M","M","$","M","R","M","E","T","E","$","R","M","M","R","BOSS","M","M","?","?","$","E","R","M","T","M","M","M","?","?","R","BOSS"],"build_version":"2018-01-25-PROD3","purchased_purges":0,"victory":false,"master_deck":["Strike_R","Strike_R","Strike_R","Strike_R","Strike_R","Defend_R","Defend_R","Defend_R","Defend_R","Bash","Twin Strike","Twin Strike","Spot Weakness","Armaments+1","Feed+1","Dual Wield+1","Headbutt","Demon Form+1","Heavy Blade","Shrug It Off+1","Feed+1","Perfected Strike","Flame Barrier+1","Armaments+1","Perfected Strike","Metallicize+1"],"max_hp_per_floor":[80,80,80,80,80,80,80,80,80,80,80,80,84,88,88,88,88,88,88,88,88,88,92,92,100,100,104,108,108,108,108,108],"relics":["Burning Blood","NeowsBlessing","Meat on the Bone","Prayer Wheel","Shuriken","Vajra","Mark of Pain","Bag of Preparation","Lantern","Toxic Egg","Ancient Tea Set"],"card_choices":[{"not_picked":["Cleave","Uppercut"],"picked":"Twin Strike"},{"not_picked":["Heavy Blade","Pommel Strike"],"picked":"Twin Strike"},{"not_picked":["Second Wind","Bloodletting"],"picked":"Armaments"},{"not_picked":["Spot Weakness","Infernal Blade"],"picked":"Feed"},{"not_picked":["Second Wind","Anger"],"picked":"Dual Wield"},{"not_picked":["Hemokinesis","Feel No Pain"],"picked":"Headbutt"},{"not_picked":["Dark Embrace","Limit Break"],"picked":"Demon Form"},{"not_picked":["Warcry","Sword Boomerang"],"picked":"Heavy Blade"},{"not_picked":["Rupture","Clothesline"],"picked":"Shrug It Off"},{"not_picked":["Burning Pact","Heavy Blade"],"picked":"Flame Barrier"},{"not_picked":["Flex","Cleave"],"picked":"Armaments"},{"not_picked":["Flex","Twin Strike"],"picked":"Perfected Strike"},{"not_picked":["Flame Barrier","Sever Soul"],"picked":"Metallicize"}],"player_experience":46411,"potions_floor_usage":[8,10,16,16,27,29],"damage_taken":[{"damage":0,"enemies":"Blue Slaver","floor":1,"turns":1},{"damage":0,"enemies":"Cultist","floor":2,"turns":1},{"damage":0,"enemies":"2 Louse","floor":3,"turns":1},{"damage":17,"enemies":"Looter","floor":5,"turns":4},{"damage":17,"enemies":"Large Slime","floor":7,"turns":7},{"damage":22,"enemies":"3 Sentries","floor":8,"turns":7},{"damage":28,"enemies":"Gremlin Nob","floor":10,"turns":4},{"damage":4,"enemies":"2 Fungi Beasts","floor":13,"turns":3},{"damage":0,"enemies":"Exordium Wildlife","floor":14,"turns":2},{"damage":54,"enemies":"Hexaghost","floor":16,"turns":8},{"damage":17,"enemies":"Spheric Guardian","floor":18,"turns":4},{"damage":36,"enemies":"Chosen","floor":19,"turns":5},{"damage":44,"enemies":"Gremlin Leader","floor":23,"turns":7},{"damage":51,"enemies":"3 Cultists","floor":25,"turns":6},{"damage":21,"enemies":"Snake Plant","floor":27,"turns":2},{"damage":37,"enemies":"Centurion and Healer","floor":28,"turns":5},{"damage":12,"enemies":"Snecko","floor":29,"turns":4},{"damage":108,"enemies":"Collector","floor":33,"turns":9}],"event_choices":[{"event_name":"Duplicator","player_choice":"One dupe","floor":20,"damage_taken":0},{"event_name":"The Library","player_choice":"Read","floor":21,"damage_taken":0},{"event_name":"Wheel of Change","player_choice":"Full Heal","floor":31,"damage_taken":0}],"boss_relics":[{"not_picked":["Cursed Key","Orrery"],"picked":"Mark of Pain"}],"potions_floor_spawned":[2,5,8,13,25,28],"seed_played":"8531649232252349301","killed_by":"Collector","ascension_level":0,"is_trial":false}