{"gold_per_floor":[18,41,53,53,69,69,87,87,87,19,32,42,52,52,52,153,153,169,21,38,128,15,15,33,33,33,47,61,61,73,92,92,92],"floor_reached":33,"playtime":3125,"items_purged":["Defend_B"],"score":243,"play_id":"dd32c814-c468-4928-bb8c-f6e2bb5257b0","local_time":"20190301212333","is_ascension_mode":false,"campfire_choices":[{"data":"Lockon","floor":6,"key":"SMITH"},{"data":"Barrage","floor":15,"key":"SMITH"},{"floor":23,"key":"REST"},{"floor":25,"key":"REST"},{"floor":29,"key":"REST"},{"floor":32,"key":"REST"}],"neow_cost":"NO_GOLD","seed_source_timestamp":277219765591981,"circlet_count":0,"master_deck":["Strike_B","Strike_B","Strike_B+1","Defend_B+1","Defend_B","Defend_B","Zap","Dualcast","Lockon+1","Storm","Ball Lightning","Auto Shields","Redo","Go for the Eyes","Skim","Redo","Barrage+1","All For One+1","Streamline+1","Loop","Cold Snap+1","Lockon+1","Rip and Tear+1","Coolheaded","Buffer","Compile Driver+1","Steam","Streamline+1"],"relics":["Cracked Core","Ancient Tea Set","Pantograph","Molten Egg 2","Nuclear Battery","Juzu Bracelet"],"potions_floor_usage":[33,33,33],"damage_taken":[{"damage":0,"enemies":"Cultist","floor":1,"turns":4},{"damage":1,"enemies":"Jaw Worm","floor":3,"turns":2},{"damage":0,"enemies":"2 Louse","floor":5,"turns":3},{"damage":24,"enemies":"Gremlin Gang","floor":7,"turns":5},{"damage":2,"enemies":"Exordium Wildlife","floor":11,"turns":3},{"damage":9,"enemies":"Exordium Thugs","floor":12,"turns":4},{"damage":0,"enemies":"Red Slaver","floor":13,"turns":3},{"damage":26,"enemies":"The Guardian","floor":16,"turns":9},{"damage":5,"enemies":"Chosen","floor":18,"turns":3},{"damage":13,"enemies":"Shell Parasite","floor":20,"turns":4},{"damage":22,"enemies":"3 Cultists","floor":24,"turns":5},{"damage":12,"enemies":"Snecko","floor":27,"turns":5},{"damage":25,"enemies":"Sentry and Sphere","floor":28,"turns":6},{"damage":12,"enemies":"Snake Plant","floor":30,"turns":3},{"damage":16,"enemies":"Snecko","floor":31,"turns":4},{"damage":92,"enemies":"Automaton","floor":33,"turns":8}],"seed_played":"-7171538613547661343","potions_obtained":[{"floor":3,"key":"Energy Potion"},{"floor":7,"key":"FairyPotion"},{"floor":13,"key":"EssenceOfSteel"},{"floor":24,"key":"Dexterity Potion"},{"floor":30,"key":"Fire Potion"}],"is_trial":false,"path_per_floor":["T","?","?","M","T","?","$","M"],"character_chosen":"DEFECT","items_purchased":["Redo","Go for the Eyes","Loop","Lockon+1","Rip and Tear+1"],"campfire_rested":4,"item_purchase_floors":[10,10,19,22,22],"current_hp_per_floor":[89,89,88,70,70,70,46,46,46,46,44,35,35,35,35,34,89,84,84,71,55,55,81,59,85,85,73,48,74,62,46,72,0],"gold":92,"neow_bonus":"TWENTY_PERCENT_HP_BONUS","is_prod":false,"is_daily":false,"chose_seed":false,"campfire_upgraded":2,"win_rate":0.0,"timestamp":1551475413,"path_taken":["M","?","M","?","M","R","M","?","T","$","M","?","M","?","R","BOSS","M","$","M","?","?","R","?","R","T","M","M","R","M","M","R","BOSS"],"build_version":"2019-01-23","purchased_purges":1,"victory":false,"max_hp_per_floor":[89,89,89,89,89,89,89,89,89,89,89,89,89,89,89,89,89,89,89,89,89,89,89,89,89,89,89,89,89,89,89,89,89],"card_choices":[{"not_picked":["Steam","Ball Lightning"],"picked":"Lockon","floor":1},{"not_picked":["Leap","Conserve Battery"],"picked":"Storm","floor":3},{"not_picked":["Beam Cell","Chill"],"picked":"Ball Lightning","floor":5},{"not_picked":["Compile Driver","Defragment"],"picked":"Auto Shields","floor":7},{"not_picked":["Go for the Eyes","Steam Power"],"picked":"Skim","floor":11},{"not_picked":["Gash","Tempest"],"picked":"Redo","floor":12},{"not_picked":["Beam Cell","Gash"],"picked":"Barrage","floor":13},{"not_picked":["Amplify","Fission"],"picked":"All For One+1","floor":16},{"not_picked":["Steam Power","Defragment+1"],"picked":"Streamline+1","floor":18},{"not_picked":["Double Energy","Beam Cell+1"],"picked":"Cold Snap+1","floor":20},{"not_picked":["Leap+1","Stack+1"],"picked":"Coolheaded","floor":24},{"not_picked":["Go for the Eyes+1","Gash+1"],"picked":"Buffer","floor":27},{"not_picked":["Redo","Chill"],"picked":"Compile Driver+1","floor":28},{"not_picked":["Double Energy","Redo"],"picked":"Steam","floor":30},{"not_picked":["Redo","Heatsinks"],"picked":"Streamline+1","floor":31}],"player_experience":55920,"relics_obtained":[{"floor":2,"key":"Ancient Tea Set"},{"floor":9,"key":"Pantograph"},{"floor":14,"key":"Molten Egg 2"},{"floor":26,"key":"Juzu Bracelet"}],"event_choices":[{"damage_healed":0,"gold_gain":0,"player_choice":"Entered Light","damage_taken":18,"max_hp_gain":0,"max_hp_loss":0,"event_name":"Shining Light","floor":4,"gold_loss":0,"cards_upgraded":["Strike_B","Defend_B"]},{"cards_removed":["Strike_B"],"damage_healed":0,"gold_gain":0,"player_choice":"Purged","damage_taken":0,"max_hp_gain":0,"max_hp_loss":0,"event_name":"Purifier","floor":8,"gold_loss":0},{"damage_healed":0,"gold_gain":90,"player_choice":"GOLD ","damage_taken":16,"max_hp_gain":0,"max_hp_loss":0,"event_name":"Knowing Skull","floor":21,"potions_obtained":[],"gold_loss":0,"cards_obtained":[]}],"is_beta":false,"boss_relics":[{"not_picked":["Runic Dome","White Beast Statue"],"picked":"Nuclear Battery"}],"items_purged_floors":[19],"is_endless":false,"potions_floor_spawned":[3,7,13,24,27,30],"killed_by":"Automaton","ascension_level":0}