{"gold_per_floor":[114,124,140,140,28,28,46,90,90,90,110,35,35,35,35,35],"floor_reached":16,"playtime":594,"items_purged":["Strike_R"],"score":155,"play_id":"232023c5-4f27-47fe-872c-05b684408377","local_time":"20190425210845","is_ascension_mode":true,"campfire_choices":[{"data":"Shockwave","floor":6.0,"key":"SMITH"},{"floor":10.0,"key":"REST"},{"data":"Whirlwind","floor":13.0,"key":"SMITH"},{"data":"Corruption","floor":15.0,"key":"SMITH"}],"neow_cost":"NONE","seed_source_timestamp":25854194679700,"circlet_count":0,"master_deck":["AscendersBane","Strike_R","Strike_R","Strike_R","Strike_R","Defend_R","Defend_R","Defend_R","Defend_R","Bash","Pommel Strike","Shockwave+1","Ghostly Armor","Whirlwind+1","Corruption+1","Shrug It Off"],"special_seed":0,"relics":["Burning Blood","Golden Idol","Omamori","Blue Candle"],"potions_floor_usage":[16,16],"damage_taken":[{"damage":6.0,"enemies":"Cultist","floor":1.0,"turns":3.0},{"damage":7.0,"enemies":"2 Louse","floor":2.0,"turns":3.0},{"damage":4.0,"enemies":"Jaw Worm","floor":3.0,"turns":4.0},{"damage":13.0,"enemies":"Exordium Wildlife","floor":7.0,"turns":3.0},{"damage":43.0,"enemies":"Lagavulin","floor":8.0,"turns":10.0},{"damage":9.0,"enemies":"Red Slaver","floor":11.0,"turns":5.0},{"damage":50,"enemies":"The Guardian","floor":16,"turns":10}],"seed_played":"4781937693665571768","potions_obtained":[{"floor":0.0,"key":"Fire Potion"},{"floor":0.0,"key":"SteroidPotion"}],"is_trial":false,"path_per_floor":["M","M","M","?","$","R","M","E","T","R","M","$","R","$","R","B"],"character_chosen":"IRONCLAD","items_purchased":["Whirlwind","Corruption"],"campfire_rested":1,"item_purchase_floors":[5,5],"current_hp_per_floor":[72,71,73,73,73,73,66,29,29,51,48,48,48,48,48,0],"gold":35,"neow_bonus":"THREE_SMALL_POTIONS","is_prod":false,"is_daily":false,"chose_seed":false,"campfire_upgraded":3,"win_rate":0,"timestamp":1556240925,"path_taken":["M","?","M","?","?","R","M","E","T","R","?","$","R","?","R","BOSS"],"build_version":"2019-01-23","purchased_purges":1,"victory":false,"max_hp_per_floor":[80,80,80,74,74,74,74,74,74,74,74,74,74,74,74,74],"card_choices":[{"not_picked":["Anger","Thunderclap"],"picked":"Pommel Strike","floor":1.0},{"not_picked":["Flex","Clothesline"],"picked":"Shockwave","floor":2.0},{"not_picked":["Headbutt","Second Wind"],"picked":"Ghostly Armor","floor":3.0},{"not_picked":["Havoc","Infernal Blade","Pommel Strike"],"picked":"SKIP","floor":7.0},{"not_picked":["Burning Pact","Rage","Blood for Blood"],"picked":"SKIP","floor":8.0},{"not_picked":["Havoc","Sword Boomerang"],"picked":"Shrug It Off","floor":11.0}],"player_experience":627184,"relics_obtained":[{"floor":8.0,"key":"Omamori"},{"floor":9.0,"key":"Blue Candle"}],"event_choices":[{"damage_healed":0.0,"max_hp_gain":0.0,"max_hp_loss":6.0,"gold_gain":0.0,"event_name":"Golden Idol","player_choice":"Lose Max HP","floor":4.0,"gold_loss":0.0,"damage_taken":0.0,"relics_obtained":["Golden Idol"]}],"is_beta":false,"boss_relics":[],"items_purged_floors":[12],"is_endless":false,"potions_floor_spawned":[3],"killed_by":"The Guardian","ascension_level":11}