{"gold_per_floor":[209,209,226,226,246,319,340,340,363,406,421,7,7,81,81,255,255,300,300,128,219,289,382,382,409,409,45,45,110,110,150,150,275,275,318,318,651,666,197,267,267,312,312,380,249,39,77,116,116,116],"floor_reached":51,"playtime":2816,"items_purged":["Strike_R","Strike_R","Strike_R"],"score":770,"play_id":"a29dbff4-2af0-48d1-b2b9-66063c485c4b","local_time":"20190425190921","is_ascension_mode":false,"campfire_choices":[{"data":"Bash","floor":8,"key":"SMITH"},{"data":"Carnage","floor":13,"key":"SMITH"},{"data":"HandOfGreed","floor":15,"key":"SMITH"},{"data":"Corruption","floor":24,"key":"SMITH"},{"floor":28,"key":"REST"},{"data":"Clothesline","floor":32,"key":"SMITH"},{"data":"Blind","floor":41,"key":"SMITH"},{"data":"Limit Break","floor":49,"key":"SMITH"}],"neow_cost":"NONE","seed_source_timestamp":1151308210012600,"circlet_count":0,"master_deck":["Strike_R","Strike_R","Defend_R","Defend_R","Defend_R","Defend_R","Bash+1","Pommel Strike","Anger","Carnage+1","Twin Strike","HandOfGreed+1","Feed","Double Tap","Headbutt","Clothesline+1","Corruption+1","Metallicize","Headbutt","Battle Trance","Limit Break+1","Iron Wave+1","Blind+1","Shrug It Off","Metallicize","Armaments","Shockwave","Decay","Headbutt+1","Inflame","Spot Weakness","Parasite","Pummel+1"],"relics":["Burning Blood","Tiny Chest","Omamori","Orichalcum","Cursed Key","Red Mask","Magic Flower","Regal Pillow","Bronze Scales","Red Skull","WingedGreaves","Philosopher\u0027s Stone","Meat on the Bone","Bag of Preparation","Lee\u0027s Waffle"],"potions_floor_usage":[16,29,33,33,50,50],"damage_taken":[{"damage":10,"enemies":"Jaw Worm","floor":1,"turns":5},{"damage":2,"enemies":"Small Slimes","floor":3,"turns":4},{"damage":3,"enemies":"2 Louse","floor":5,"turns":3},{"damage":21,"enemies":"3 Sentries","floor":6,"turns":7},{"damage":9,"enemies":"Blue Slaver","floor":7,"turns":3},{"damage":14,"enemies":"Gremlin Nob","floor":10,"turns":3},{"damage":7,"enemies":"3 Louse","floor":11,"turns":3},{"damage":17,"enemies":"Slime Boss","floor":16,"turns":16},{"damage":6,"enemies":"Shell Parasite","floor":18,"turns":3},{"damage":27,"enemies":"Masked Bandits","floor":21,"turns":4},{"damage":5,"enemies":"3 Byrds","floor":22,"turns":6},{"damage":37,"enemies":"Slavers","floor":23,"turns":8},{"damage":34,"enemies":"Gremlin Leader","floor":29,"turns":5},{"damage":11,"enemies":"Shelled Parasite and Fungi","floor":31,"turns":3},{"damage":59,"enemies":"Automaton","floor":33,"turns":12},{"damage":11,"enemies":"3 Shapes","floor":35,"turns":8},{"damage":12,"enemies":"3 Darklings","floor":38,"turns":6},{"damage":23,"enemies":"4 Shapes","floor":40,"turns":5},{"damage":22,"enemies":"Writhing Mass","floor":42,"turns":8},{"damage":16,"enemies":"Sphere and 2 Shapes","floor":44,"turns":6},{"damage":19,"enemies":"Spire Growth","floor":47,"turns":5},{"damage":16,"enemies":"Writhing Mass","floor":48,"turns":5},{"damage":33,"enemies":"Awakened One","floor":50,"turns":6}],"seed_played":"-8999088304422029226","potions_obtained":[{"floor":1,"key":"Regen Potion"},{"floor":6,"key":"SpeedPotion"},{"floor":10,"key":"Ancient Potion"},{"floor":29,"key":"Ancient Potion"},{"floor":44,"key":"AttackPotion"}],"is_trial":false,"path_per_floor":["M","?","M","?","M","E","M","R","T","E","M","$","R","?","R","B",null,"M","?","$","?","M","E","R","T","T","$","R","E","?","M","R","B",null,"M","?","?","M","$","M","R","M","T","M","$","$","M","M","R","B",null],"character_chosen":"IRONCLAD","items_purchased":["HandOfGreed","Feed","Clothesline","PowerPotion","Metallicize","Red Skull","Blind","Shrug It Off","Metallicize","Meat on the Bone","Inflame","PowerPotion","Lee\u0027s Waffle"],"campfire_rested":1,"item_purchase_floors":[12,12,20,20,27,27,39,39,39,39,45,45,46],"current_hp_per_floor":[76,81,85,64,67,52,49,49,49,41,40,40,40,40,40,47,88,88,88,88,67,71,43,43,43,43,43,86,61,94,97,97,47,97,99,99,99,101,101,92,92,79,79,77,77,116,106,99,99,75],"gold":116,"neow_bonus":"HUNDRED_GOLD","is_prod":false,"is_daily":false,"chose_seed":false,"campfire_upgraded":7,"win_rate":1,"timestamp":1556244561,"path_taken":["M","?","M","?","M","E","M","R","T","E","M","$","R","?","R","BOSS","M","?","$","?","M","E","R","?","T","$","R","E","?","?","R","BOSS","M","?","?","M","$","M","R","M","T","M","?","$","M","M","R","BOSS"],"build_version":"2019-01-23","purchased_purges":3,"victory":true,"max_hp_per_floor":[80,85,85,85,85,85,85,85,85,85,85,85,85,85,85,88,88,88,88,88,88,91,94,94,94,94,94,94,94,94,97,97,97,97,100,100,100,103,103,106,106,106,106,109,109,116,116,116,116,116],"card_choices":[{"not_picked":["Blood for Blood","Corruption"],"picked":"Pommel Strike","floor":1},{"not_picked":["Flex","Pommel Strike"],"picked":"Anger","floor":3},{"not_picked":["True Grit","Pommel Strike"],"picked":"Carnage","floor":5},{"not_picked":["Berserk","Whirlwind"],"picked":"Twin Strike","floor":6},{"not_picked":["Clash","Heavy Blade","Bloodletting"],"picked":"SKIP","floor":7},{"not_picked":["Wild Strike","Dual Wield","Warcry"],"picked":"SKIP","floor":10},{"not_picked":["Armaments","Clash","Sword Boomerang"],"picked":"SKIP","floor":11},{"not_picked":["Barricade","Exhume"],"picked":"Double Tap","floor":16},{"not_picked":["Twin Strike+1","Heavy Blade"],"picked":"Headbutt","floor":18},{"not_picked":["Rampage","Flex+1"],"picked":"Ghostly Armor","floor":21},{"not_picked":["Blood for Blood","Heavy Blade"],"picked":"Corruption","floor":22},{"not_picked":["Dropkick","Anger","Sever Soul"],"picked":"SKIP","floor":23},{"not_picked":["Fiend Fire","Warcry"],"picked":"Headbutt","floor":29},{"not_picked":["Havoc+1","Carnage"],"picked":"Battle Trance","floor":31},{"not_picked":["Reaper","Fiend Fire"],"picked":"Limit Break","floor":33},{"not_picked":["Pommel Strike","Perfected Strike+1"],"picked":"Iron Wave+1","floor":35},{"not_picked":["Havoc","Perfected Strike","Anger"],"picked":"SKIP","floor":38},{"not_picked":["Barricade","Burning Pact+1"],"picked":"Armaments","floor":40},{"not_picked":["Headbutt","Intimidate+1"],"picked":"Shockwave","floor":42},{"not_picked":["Heavy Blade","Perfected Strike+1"],"picked":"Headbutt+1","floor":44},{"not_picked":["Intimidate","True Grit"],"picked":"Spot Weakness","floor":47},{"not_picked":["Searing Blow+1","Pummel+1","Rage"],"picked":"SKIP","floor":48},{"not_picked":["Searing Blow+1","Rage"],"picked":"Pummel+1","floor":48}],"player_experience":589139,"relics_obtained":[{"floor":6,"key":"Tiny Chest"},{"floor":9,"key":"Omamori"},{"floor":10,"key":"Orichalcum"},{"floor":21,"key":"Red Mask"},{"floor":23,"key":"Magic Flower"},{"floor":25,"key":"Regal Pillow"},{"floor":26,"key":"Bronze Scales"},{"floor":29,"key":"WingedGreaves"},{"floor":43,"key":"Bag of Preparation"}],"event_choices":[{"damage_healed":0,"gold_gain":0,"player_choice":"Donut","damage_taken":0,"max_hp_gain":5,"max_hp_loss":0,"event_name":"Big Fish","floor":2,"gold_loss":0},{"damage_healed":0,"gold_gain":0,"player_choice":"Take Damage","damage_taken":21,"relics_obtained":["Golden Idol"],"max_hp_gain":0,"max_hp_loss":0,"event_name":"Golden Idol","floor":4,"gold_loss":0},{"damage_healed":0,"gold_gain":74,"player_choice":"Gained Gold","damage_taken":0,"max_hp_gain":0,"max_hp_loss":0,"event_name":"Golden Wing","floor":14,"gold_loss":0},{"damage_healed":0,"gold_gain":0,"player_choice":"Ignored","damage_taken":0,"max_hp_gain":0,"max_hp_loss":0,"event_name":"Vampires","floor":19,"gold_loss":0},{"damage_healed":0,"gold_gain":0,"player_choice":"Fought Bandits","damage_taken":0,"max_hp_gain":0,"max_hp_loss":0,"event_name":"Masked Bandits","floor":21,"gold_loss":0},{"cards_removed":["Ghostly Armor"],"damage_healed":33,"gold_gain":0,"player_choice":"Offered Uncommon","damage_taken":0,"max_hp_gain":0,"max_hp_loss":0,"event_name":"Bonfire Elementals","floor":30,"gold_loss":0},{"damage_healed":0,"gold_gain":0,"player_choice":"Ignored","damage_taken":0,"max_hp_gain":0,"max_hp_loss":0,"event_name":"Mysterious Sphere","floor":36,"gold_loss":0},{"damage_healed":0,"gold_gain":333,"player_choice":"Gave Idol","damage_taken":0,"max_hp_gain":0,"max_hp_loss":0,"event_name":"The Moai Head","floor":37,"relics_lost":["Golden Idol"],"gold_loss":0}],"is_beta":false,"boss_relics":[{"not_picked":["Lizard Tail","Pandora\u0027s Box"],"picked":"Cursed Key"},{"not_picked":["Runic Pyramid","Tiny House"],"picked":"Philosopher\u0027s Stone"}],"items_purged_floors":[12,20,27],"is_endless":false,"potions_floor_spawned":[1,6,10,11,21,22,29,44],"ascension_level":0}