{"gold_per_floor":[114,24,24,34,50,75,75,89,135,135,4,4],"floor_reached":12,"playtime":697,"items_purged":["Strike_R"],"score":140,"play_id":"c68d64ff-f2ba-44db-9a30-82a3f7fb542f","local_time":"20190416181845","is_ascension_mode":true,"campfire_choices":[{"data":"Uppercut","floor":10,"key":"SMITH"}],"neow_cost":"NONE","seed_source_timestamp":482261501799157,"circlet_count":0,"master_deck":["AscendersBane","Strike_R+1","Strike_R","Strike_R","Strike_R","Defend_R","Defend_R","Defend_R","Defend_R","Bash+1","Headbutt+1","Uppercut+1","Iron Wave","Bludgeon+1","Anger+1","Shrug It Off","True Grit"],"relics":["Burning Blood","Molten Egg 2","Smiling Mask"],"potions_floor_usage":[],"damage_taken":[{"damage":1,"enemies":"Cultist","floor":1,"turns":4},{"damage":15,"enemies":"Small Slimes","floor":4,"turns":4},{"damage":0,"enemies":"2 Louse","floor":5,"turns":3},{"damage":35,"enemies":"3 Sentries","floor":6,"turns":10},{"damage":4,"enemies":"Looter","floor":8,"turns":3},{"damage":23,"enemies":"Lots of Slimes","floor":12,"turns":3}],"seed_played":"4688286004558213642","potions_obtained":[{"floor":1,"key":"SteroidPotion"}],"is_trial":false,"path_per_floor":["?","?"],"character_chosen":"IRONCLAD","items_purchased":["Uppercut","Shrug It Off","True Grit"],"campfire_rested":0,"item_purchase_floors":[2,11,11],"current_hp_per_floor":[73,73,50,41,47,18,18,20,20,20,20,0],"gold":4,"neow_bonus":"UPGRADE_CARD","is_prod":false,"is_daily":false,"chose_seed":false,"campfire_upgraded":1,"win_rate":0,"timestamp":1555435125,"path_taken":["M","$","?","M","M","E","?","M","T","R","$","M"],"build_version":"2019-01-23","purchased_purges":1,"victory":false,"max_hp_per_floor":[75,75,75,75,75,75,75,75,75,75,75,75],"card_choices":[{"not_picked":["Whirlwind","True Grit"],"picked":"Headbutt","floor":1},{"not_picked":["Wild Strike","Pommel Strike","Uppercut"],"picked":"SKIP","floor":4},{"not_picked":["Cleave","Clothesline"],"picked":"Iron Wave","floor":5},{"not_picked":["Havoc","True Grit"],"picked":"Bludgeon","floor":6},{"not_picked":["Thunderclap+1","Body Slam+1"],"picked":"Anger+1","floor":8}],"player_experience":632031,"relics_obtained":[{"floor":6,"key":"Molten Egg 2"},{"floor":9,"key":"Smiling Mask"}],"event_choices":[{"damage_healed":0,"gold_gain":0,"player_choice":"Entered Light","damage_taken":23,"max_hp_gain":0,"max_hp_loss":0,"event_name":"Shining Light","floor":3,"gold_loss":0,"cards_upgraded":["Headbutt","Strike_R"]},{"damage_healed":0,"gold_gain":0,"player_choice":"Ignored","damage_taken":0,"max_hp_gain":0,"max_hp_loss":0,"event_name":"Liars Game","floor":7,"gold_loss":0}],"is_beta":false,"boss_relics":[],"items_purged_floors":[11],"is_endless":false,"potions_floor_spawned":[1],"killed_by":"Lots of Slimes","ascension_level":16}