{"gold_per_floor":[118,131,131,151,161,161,161,189,189,189,202,202,220,251,251,349,349,362,378,53,69,69,69,69,69,69,84,104,117,117,137,137,234,234,250,250,250,44,44,44],"floor_reached":40,"playtime":3360,"items_purged":[],"score":465,"play_id":"fcca7724-65d7-40f1-90d5-df6e2126277b","local_time":"20181106170716","is_ascension_mode":true,"campfire_choices":[{"data":"Havoc","floor":6,"key":"SMITH"},{"floor":10,"key":"REST"},{"data":"Seeing Red","floor":15,"key":"SMITH"},{"floor":23,"key":"REST"},{"floor":30,"key":"REST"},{"floor":32,"key":"REST"}],"neow_cost":"CURSE","seed_source_timestamp":779128900098500,"circlet_count":0,"master_deck":["Strike_R","Strike_R","Strike_R","Strike_R","Strike_R","Defend_R","Defend_R","Defend_R","Defend_R","Bash","Clumsy","Clothesline+1","Flex","Havoc+1","Burning Pact","Ghostly Armor","Carnage","Injury","Seeing Red+1","Barricade","Entrench","Demon Form","Metamorphosis","Headbutt","Burning Pact+1","True Grit","Reaper","Writhe"],"relics":["Burning Blood","Dead Branch","Ginger","Sundial","Nunchaku","Dodecahedron","Lizard Tail","Bag of Preparation","Pear","Sozu","HandDrill"],"potions_floor_usage":[8,13,13,13,13,14,16,21,27,29,33],"damage_taken":[{"damage":9,"enemies":"2 Louse","floor":1,"turns":4},{"damage":9,"enemies":"Jaw Worm","floor":2,"turns":4},{"damage":9,"enemies":"Cultist","floor":4,"turns":4},{"damage":14,"enemies":"Looter","floor":5,"turns":5},{"damage":30,"enemies":"Gremlin Nob","floor":8,"turns":5},{"damage":29,"enemies":"Gremlin Gang","floor":11,"turns":4},{"damage":13,"enemies":"Exordium Wildlife","floor":13,"turns":3},{"damage":6,"enemies":"3 Sentries","floor":14,"turns":3},{"damage":32,"enemies":"The Guardian","floor":16,"turns":13},{"damage":26,"enemies":"Spheric Guardian","floor":18,"turns":4},{"damage":0,"enemies":"Chosen","floor":19,"turns":3},{"damage":42,"enemies":"3 Cultists","floor":21,"turns":6},{"damage":41,"enemies":"Snake Plant","floor":27,"turns":5},{"damage":25,"enemies":"Centurion and Healer","floor":28,"turns":8},{"damage":28,"enemies":"Cultist and Chosen","floor":29,"turns":6},{"damage":40,"enemies":"Snecko","floor":31,"turns":6},{"damage":56,"enemies":"Champ","floor":33,"turns":10},{"damage":50,"enemies":"3 Shapes","floor":35,"turns":5},{"damage":76,"enemies":"Reptomancer","floor":40,"turns":2}],"seed_played":"4393947205206308113","potions_obtained":[{"floor":1,"key":"Poison Potion"},{"floor":4,"key":"BloodPotion"},{"floor":5,"key":"EntropicBrew"},{"floor":13,"key":"Strength Potion"},{"floor":14,"key":"Explosive Potion"},{"floor":21,"key":"FearPotion"},{"floor":28,"key":"FearPotion"},{"floor":31,"key":"FearPotion"}],"is_trial":false,"path_per_floor":["M","M","?","M","M","R","?","E","T","R","M","?","M","E","R","B",null,"M","M","$","M","?","R","$","?","T","M","M","M","R","M","R","B",null,"M","?","?","$","$","E"],"character_chosen":"IRONCLAD","items_purchased":["Metamorphosis","Bag of Preparation","HandDrill"],"campfire_rested":4,"item_purchase_floors":[20,20,38],"current_hp_per_floor":[77,74,74,71,63,63,63,39,39,63,40,40,41,41,41,15,80,60,66,66,30,30,54,54,54,64,29,10,39,66,32,59,9,90,46,46,69,69,69,0],"gold":44,"neow_bonus":"ONE_RARE_RELIC","is_prod":false,"is_daily":false,"chose_seed":false,"campfire_upgraded":2,"win_rate":0,"timestamp":1541542036,"path_taken":["M","M","?","M","M","R","?","E","T","R","M","?","M","E","R","BOSS","M","M","$","M","?","R","$","?","T","M","M","?","R","M","R","BOSS","M","?","?","?","$","E"],"build_version":"2018-11-05","purchased_purges":0,"victory":false,"max_hp_per_floor":[80,80,80,80,80,80,80,80,80,80,80,80,80,80,80,80,80,80,80,80,80,80,80,80,80,90,90,90,90,90,90,90,90,90,90,90,90,90,90,90],"card_choices":[{"not_picked":["Perfected Strike","Anger"],"picked":"Clothesline","floor":1},{"not_picked":["Berserk","Iron Wave"],"picked":"Flex","floor":2},{"not_picked":["Uppercut","Perfected Strike"],"picked":"Havoc","floor":4},{"not_picked":["Wild Strike","Rampage"],"picked":"Burning Pact","floor":5},{"not_picked":["Combust","Iron Wave"],"picked":"Ghostly Armor","floor":8},{"not_picked":["Pommel Strike","Cleave"],"picked":"Carnage","floor":11},{"not_picked":["Thunderclap","Wild Strike","Clothesline"],"picked":"SKIP","floor":13},{"not_picked":["Power Through","Wild Strike"],"picked":"Seeing Red","floor":14},{"not_picked":["Berserk","Bludgeon"],"picked":"Barricade","floor":16},{"not_picked":["Thunderclap","Sword Boomerang"],"picked":"Entrench","floor":18},{"not_picked":["Thunderclap","Clash"],"picked":"Demon Form","floor":19},{"not_picked":["Perfected Strike","True Grit+1"],"picked":"Headbutt","floor":21},{"not_picked":["Shrug It Off","Uppercut+1"],"picked":"Burning Pact+1","floor":27},{"not_picked":["Sword Boomerang","Uppercut","Rampage"],"picked":"SKIP","floor":28},{"not_picked":["Barricade","Pommel Strike"],"picked":"True Grit","floor":29},{"not_picked":["Clash","Twin Strike","Anger+1"],"picked":"SKIP","floor":31},{"not_picked":["Double Tap","Feed"],"picked":"Reaper","floor":33},{"not_picked":["Sword Boomerang","Warcry","Searing Blow"],"picked":"SKIP","floor":35}],"player_experience":271927,"relics_obtained":[{"floor":8,"key":"Sundial"},{"floor":9,"key":"Nunchaku"},{"floor":14,"key":"Dodecahedron"},{"floor":26,"key":"Pear"}],"event_choices":[{"damage_healed":0,"gold_gain":0,"player_choice":"Box","damage_taken":0,"relics_obtained":["Ginger"],"max_hp_gain":0,"max_hp_loss":0,"event_name":"Big Fish","floor":3,"gold_loss":0,"cards_obtained":["Regret"]},{"damage_healed":0,"gold_gain":0,"player_choice":"Grow","damage_taken":0,"max_hp_gain":0,"max_hp_loss":0,"event_name":"Living Wall","floor":7,"gold_loss":0,"cards_upgraded":["Clothesline"]},{"damage_healed":0,"gold_gain":0,"cards_transformed":["Regret"],"player_choice":"Transformed","damage_taken":0,"max_hp_gain":0,"max_hp_loss":0,"event_name":"Transmorgrifier","floor":12,"gold_loss":0,"cards_obtained":["Injury"]},{"damage_healed":0,"gold_gain":0,"player_choice":"Ignored","damage_taken":0,"max_hp_gain":0,"max_hp_loss":0,"event_name":"Vampires","floor":22,"gold_loss":0},{"damage_healed":0,"gold_gain":0,"player_choice":"Ignored","damage_taken":0,"max_hp_gain":0,"max_hp_loss":0,"event_name":"Fountain of Cleansing","floor":25,"gold_loss":0},{"damage_healed":0,"gold_gain":0,"player_choice":"Ignored","damage_taken":0,"max_hp_gain":0,"max_hp_loss":0,"event_name":"Mysterious Sphere","floor":36,"gold_loss":0},{"damage_healed":23,"gold_gain":0,"player_choice":"Writhe","damage_taken":0,"max_hp_gain":0,"max_hp_loss":0,"event_name":"Winding Halls","floor":37,"gold_loss":0,"cards_obtained":["Writhe"]}],"is_beta":true,"boss_relics":[{"not_picked":["Runic Dome","Tiny House"],"picked":"Lizard Tail"},{"not_picked":["Snecko Eye","Runic Cube"],"picked":"Sozu"}],"items_purged_floors":[],"is_endless":false,"potions_floor_spawned":[1,4,5,13,14,21,28,31],"killed_by":"Reptomancer","ascension_level":2}