{"gold_per_floor":[117,117,192,192,210,210,243,243,293,293,304,304,329,3,3,104,104,115,115,129,145,145,145,15,42,69,98,98,98,113,45,45,142,142,152,152,0,51,63,63,95,95,171,20,50,65,92,112,112,112,112,112,38,65,65],"floor_reached":56,"playtime":2854,"items_purged":["Strike_R"],"score":2198,"play_id":"7ea9ab84-375f-4241-b4f0-7379ae9486f9","local_time":"20190415144737","is_ascension_mode":true,"campfire_choices":[{"data":"1","floor":6.0,"key":"LIFT"},{"data":"2","floor":8.0,"key":"LIFT"},{"data":"3","floor":12.0,"key":"LIFT"},{"data":"Corruption","floor":15.0,"key":"SMITH"},{"data":"Dual Wield","floor":23.0,"key":"SMITH"},{"data":"Armaments","floor":28.0,"key":"SMITH"},{"data":"Uppercut","floor":32.0,"key":"SMITH"},{"data":"Feel No Pain","floor":40.0,"key":"SMITH"},{"data":"Battle Trance","floor":42.0,"key":"SMITH"},{"floor":49,"key":"RECALL"},{"data":"Heavy Blade","floor":52,"key":"SMITH"}],"neow_cost":"NONE","seed_source_timestamp":2375944090207209,"circlet_count":0,"master_deck":["AscendersBane","Strike_R","Defend_R","Defend_R+1","Defend_R","Defend_R","Bash","Inflame","Sword Boomerang","Twin Strike","Spot Weakness","Corruption+1","True Grit","Armaments+1","Limit Break+1","Dual Wield+1","Sword Boomerang","Feel No Pain+1","Sword Boomerang","True Grit","Dual Wield+1","Heavy Blade+1","Uppercut+1","Limit Break","Shrug It Off","Battle Trance+1","Uppercut+1","Ghostly Armor","Corruption","Corruption"],"special_seed":0,"relics":["Burning Blood","NeowsBlessing","Girya","Calipers","Red Skull","Art of War","Orichalcum","Snecko Eye","Bird Faced Urn","Potion Belt","War Paint","Dodecahedron","Sozu","Red Mask","Dead Branch","Pantograph","Bag of Preparation","Letter Opener","Juzu Bracelet","Anchor"],"potions_floor_usage":[],"damage_taken":[{"damage":0.0,"enemies":"2 Louse","floor":1.0,"turns":1.0},{"damage":0.0,"enemies":"Cultist","floor":5.0,"turns":1.0},{"damage":0.0,"enemies":"3 Sentries","floor":7.0,"turns":1.0},{"damage":0.0,"enemies":"Small Slimes","floor":11.0,"turns":3.0},{"damage":16.0,"enemies":"Gremlin Nob","floor":13.0,"turns":3.0},{"damage":24.0,"enemies":"The Guardian","floor":16.0,"turns":7.0},{"damage":2.0,"enemies":"Shell Parasite","floor":18.0,"turns":3.0},{"damage":15.0,"enemies":"2 Thieves","floor":20.0,"turns":3.0},{"damage":0.0,"enemies":"Snecko","floor":21.0,"turns":3.0},{"damage":0.0,"enemies":"Gremlin Leader","floor":25.0,"turns":4.0},{"damage":5.0,"enemies":"Slavers","floor":27.0,"turns":3.0},{"damage":0.0,"enemies":"Sentry and Sphere","floor":30.0,"turns":2.0},{"damage":71.0,"enemies":"Automaton","floor":33.0,"turns":7.0},{"damage":3.0,"enemies":"3 Darklings","floor":35.0,"turns":2.0},{"damage":0.0,"enemies":"2 Orb Walkers","floor":38.0,"turns":3.0},{"damage":0.0,"enemies":"Orb Walker","floor":39.0,"turns":3.0},{"damage":9.0,"enemies":"Nemesis","floor":41.0,"turns":3.0},{"damage":37.0,"enemies":"Reptomancer","floor":45.0,"turns":3.0},{"damage":0.0,"enemies":"3 Darklings","floor":46.0,"turns":1.0},{"damage":0,"enemies":"Nemesis","floor":47,"turns":3},{"damage":0,"enemies":"Writhing Mass","floor":48,"turns":2},{"damage":0,"enemies":"Time Eater","floor":50,"turns":2},{"damage":3,"enemies":"Shield and Spear","floor":54,"turns":1},{"damage":0,"enemies":"The Heart","floor":55,"turns":5}],"seed_played":"-2193185074661280485","potions_obtained":[{"floor":1.0,"key":"EssenceOfSteel"},{"floor":11.0,"key":"Fruit Juice"},{"floor":16.0,"key":"Strength Potion"},{"floor":20.0,"key":"Block Potion"},{"floor":25.0,"key":"Swift Potion"}],"is_trial":false,"path_per_floor":["M","?","?","?","M","R","E","R","T","?","M","R","E","$","R","B",null,"M","?","M","M","?","R","$","E","T","E","R","T","M","$","R","B",null,"M","?","?","?","M","R","E","R","T","$","E","M","E","M","R","B",null,"R","$","E","B",null],"character_chosen":"IRONCLAD","items_purchased":["True Grit","Armaments","Orichalcum","Feel No Pain","Sword Boomerang","Uppercut","Bag of Preparation","Corruption"],"campfire_rested":0,"item_purchase_floors":[14,14,14,24,24,31,44,53],"current_hp_per_floor":[78,83,72,72,78,78,84,84,84,84,85,85,75,75,75,62,83,87,87,78,84,84,84,84,90,90,90,90,90,90,90,90,29,75,82,82,82,85,85,85,84,84,84,84,54,62,76,85,85,85,85,85,85,85,85],"gold":65,"neow_bonus":"THREE_ENEMY_KILL","is_prod":false,"is_daily":false,"chose_seed":false,"campfire_upgraded":7,"win_rate":0,"timestamp":1555364857,"path_taken":["M","?","?","?","?","R","E","R","T","?","M","R","E","$","R","BOSS","M","?","?","M","?","R","?","E","T","E","R","?","M","$","R","BOSS","M","?","?","?","M","R","E","R","T","$","E","M","E","M","R","BOSS","R","$","E","BOSS"],"build_version":"2019-01-23","purchased_purges":1,"victory":true,"max_hp_per_floor":[80,85,85,85,85,85,85,85,85,85,85,85,85,85,85,90,90,90,90,90,90,90,90,90,90,90,90,90,90,90,90,90,90,90,90,85,85,85,85,85,85,85,85,85,85,85,85,85,85,85,85,85,85,85,85],"card_choices":[{"not_picked":["Evolve","Flex"],"picked":"Inflame","floor":1.0},{"not_picked":["Disarm","Havoc"],"picked":"Sword Boomerang","floor":5.0},{"not_picked":["Bloodletting","Demon Form"],"picked":"Twin Strike","floor":7.0},{"not_picked":["Combust","Twin Strike"],"picked":"Spot Weakness","floor":11.0},{"not_picked":["Battle Trance","True Grit"],"picked":"Corruption","floor":13.0},{"not_picked":["Double Tap","Feed"],"picked":"Limit Break","floor":16.0},{"not_picked":["Thunderclap","Anger","Havoc"],"picked":"SKIP","floor":18.0},{"not_picked":["Anger","Iron Wave"],"picked":"Dual Wield","floor":20.0},{"not_picked":["Wild Strike","Warcry+1"],"picked":"Sword Boomerang","floor":21.0},{"not_picked":["Wild Strike","Fiend Fire"],"picked":"True Grit","floor":25.0},{"not_picked":["Corruption","Hemokinesis"],"picked":"Dual Wield+1","floor":27.0},{"not_picked":["Blood for Blood","True Grit"],"picked":"Heavy Blade","floor":30.0},{"not_picked":["Dark Embrace","Fiend Fire"],"picked":"Limit Break","floor":33.0},{"not_picked":["Bloodletting","Sentinel"],"picked":"Shrug It Off","floor":35.0},{"not_picked":["Havoc","Wild Strike"],"picked":"Battle Trance","floor":38.0},{"not_picked":["Armaments","Clothesline","Wild Strike"],"picked":"SKIP","floor":39.0},{"not_picked":["Corruption+1","Combust","Pommel Strike"],"picked":"SKIP","floor":41.0},{"not_picked":["Berserk","Spot Weakness"],"picked":"Uppercut+1","floor":45.0},{"not_picked":["Armaments","Pommel Strike"],"picked":"Ghostly Armor","floor":46.0},{"not_picked":["Rage+1","Body Slam","Flex"],"picked":"SKIP","floor":47},{"not_picked":["Rage","Iron Wave+1","Flex+1"],"picked":"SKIP","floor":48},{"not_picked":["Iron Wave","Warcry"],"picked":"Corruption","floor":54}],"player_experience":183765,"relics_obtained":[{"floor":7.0,"key":"Calipers"},{"floor":9.0,"key":"Red Skull"},{"floor":13.0,"key":"Art of War"},{"floor":25.0,"key":"Bird Faced Urn"},{"floor":26.0,"key":"Potion Belt"},{"floor":27.0,"key":"War Paint"},{"floor":29.0,"key":"Dodecahedron"},{"floor":38.0,"key":"Dead Branch"},{"floor":41.0,"key":"Pantograph"},{"floor":45.0,"key":"Letter Opener"},{"floor":47,"key":"Juzu Bracelet"},{"floor":54,"key":"Anchor"}],"event_choices":[{"damage_healed":0.0,"max_hp_gain":5.0,"max_hp_loss":0.0,"gold_gain":0.0,"event_name":"Big Fish","player_choice":"Donut","floor":2.0,"gold_loss":0.0,"damage_taken":0.0},{"damage_healed":0.0,"max_hp_gain":0.0,"max_hp_loss":0.0,"gold_gain":75.0,"event_name":"World of Goop","player_choice":"Gather Gold","floor":3.0,"gold_loss":0.0,"damage_taken":11.0},{"damage_healed":0.0,"max_hp_gain":0.0,"max_hp_loss":0.0,"gold_gain":0.0,"event_name":"WeMeetAgain","player_choice":"Gave Potion","floor":4.0,"gold_loss":0.0,"damage_taken":0.0,"relics_obtained":["Girya"]},{"cards_removed":["Strike_R"],"damage_healed":0.0,"max_hp_gain":0.0,"max_hp_loss":0.0,"gold_gain":0.0,"event_name":"Living Wall","player_choice":"Forget","floor":10.0,"gold_loss":0.0,"damage_taken":0.0},{"cards_removed":["Strike_R"],"damage_healed":0.0,"max_hp_gain":0.0,"max_hp_loss":0.0,"gold_gain":0.0,"event_name":"Purifier","player_choice":"Purged","floor":19.0,"gold_loss":0.0,"damage_taken":0.0},{"cards_removed":["Strike_R"],"damage_healed":0.0,"max_hp_gain":0.0,"max_hp_loss":0.0,"gold_gain":0.0,"event_name":"Wheel of Change","player_choice":"Card Removal","floor":22.0,"gold_loss":0.0,"damage_taken":0.0},{"damage_healed":0.0,"max_hp_gain":0.0,"max_hp_loss":5.0,"gold_gain":0.0,"event_name":"Winding Halls","player_choice":"Max HP","floor":36.0,"gold_loss":0.0,"damage_taken":0.0},{"damage_healed":0.0,"max_hp_gain":0.0,"max_hp_loss":0.0,"gold_gain":0.0,"event_name":"Tomb of Lord Red Mask","player_choice":"Paid","floor":37.0,"gold_loss":152.0,"damage_taken":0.0,"relics_obtained":["Red Mask"]},{"damage_healed":0.0,"max_hp_gain":0.0,"max_hp_loss":0.0,"gold_gain":0.0,"event_name":"Mysterious Sphere","player_choice":"Fight","floor":38.0,"gold_loss":0.0,"damage_taken":0.0}],"is_beta":false,"boss_relics":[{"not_picked":["Busted Crown","Lizard Tail"],"picked":"Snecko Eye"},{"not_picked":["Calling Bell","Runic Cube"],"picked":"Sozu"}],"items_purged_floors":[14],"is_endless":false,"potions_floor_spawned":[1,11,16,20,21,25,35,38,45,48],"ascension_level":12}