{"gold_per_floor":[118,129,146,146,161,161,205,205,229,175,140,140,183,197,197,325,325,348,366,141,66,66],"floor_reached":22,"playtime":814,"items_purged":[],"score":301,"play_id":"d0f25a93-dd02-4567-814b-abff0f8cfaf4","local_time":"20190421233414","is_ascension_mode":true,"campfire_choices":[{"data":"Bash","floor":6,"key":"SMITH"},{"floor":8,"key":"REST"},{"data":"Disarm","floor":15,"key":"SMITH"}],"neow_cost":"NONE","seed_source_timestamp":563693515255200,"circlet_count":0,"master_deck":["AscendersBane","Strike_R","Strike_R","Strike_R","Strike_R","Defend_R","Defend_R","Defend_R","Bash+1","Dropkick","Anger+1","Armaments","Clothesline","Inflame","Havoc+1","Disarm+1","Reaper","Spot Weakness","Offering","Metallicize"],"relics":["Burning Blood","Golden Idol","Art of War","Strawberry","Anchor","Mark of Pain","Pen Nib"],"potions_floor_usage":[7,16,16],"damage_taken":[{"damage":19,"enemies":"Jaw Worm","floor":1,"turns":5},{"damage":16,"enemies":"Small Slimes","floor":2,"turns":4},{"damage":6,"enemies":"2 Louse","floor":3,"turns":3},{"damage":16,"enemies":"Large Slime","floor":5,"turns":5},{"damage":35,"enemies":"3 Sentries","floor":7,"turns":9},{"damage":15,"enemies":"Lagavulin","floor":13,"turns":6},{"damage":6,"enemies":"Exordium Wildlife","floor":14,"turns":4},{"damage":33,"enemies":"The Guardian","floor":16,"turns":9},{"damage":30,"enemies":"Spheric Guardian","floor":18,"turns":5},{"damage":12,"enemies":"Shell Parasite","floor":19,"turns":6},{"damage":37,"enemies":"Sentry and Sphere","floor":22,"turns":3}],"seed_played":"6180125246286436104","potions_obtained":[{"floor":1,"key":"Dexterity Potion"},{"floor":2,"key":"SpeedPotion"},{"floor":3,"key":"Poison Potion"},{"floor":7,"key":"LiquidBronze"},{"floor":18,"key":"FearPotion"}],"is_trial":false,"path_per_floor":["M","M","M","?","M","R","E","R","T","$","?","?","E","M","R","B",null,"M","M","$","?","M"],"character_chosen":"IRONCLAD","items_purchased":["Havoc","Pen Nib","Metallicize"],"campfire_rested":1,"item_purchase_floors":[10,20,20],"current_hp_per_floor":[59,49,49,49,39,39,10,32,39,39,59,43,34,34,34,7,63,40,34,34,34,0],"gold":66,"neow_bonus":"REMOVE_CARD","is_prod":false,"is_daily":false,"chose_seed":false,"campfire_upgraded":2,"win_rate":0,"timestamp":1555904054,"path_taken":["M","M","M","?","M","R","E","R","T","$","?","?","E","M","R","BOSS","M","M","$","?","M"],"build_version":"2019-01-23","purchased_purges":0,"victory":false,"max_hp_per_floor":[80,80,80,74,74,74,74,74,81,81,81,81,81,81,81,81,81,81,81,81,81,81],"card_choices":[{"not_picked":["Cleave","Clash"],"picked":"Dropkick","floor":1},{"not_picked":["Clash","Metallicize"],"picked":"Anger","floor":2},{"not_picked":["Thunderclap","Bloodletting"],"picked":"Armaments","floor":3},{"not_picked":["Sentinel","Rupture"],"picked":"Clothesline","floor":5},{"not_picked":["Perfected Strike","Dropkick"],"picked":"Inflame","floor":7},{"not_picked":["Thunderclap","Cleave","Anger"],"picked":"SKIP","floor":13},{"not_picked":["Thunderclap","Sever Soul"],"picked":"Disarm","floor":14},{"not_picked":["Dark Embrace","Berserk"],"picked":"Reaper","floor":16},{"not_picked":["Armaments","Clash"],"picked":"Spot Weakness","floor":18},{"not_picked":["Pommel Strike","Combust"],"picked":"Offering","floor":19}],"player_experience":612946,"relics_obtained":[{"floor":7,"key":"Art of War"},{"floor":9,"key":"Strawberry"},{"floor":13,"key":"Anchor"}],"event_choices":[{"damage_healed":0,"gold_gain":0,"player_choice":"Lose Max HP","damage_taken":0,"relics_obtained":["Golden Idol"],"max_hp_gain":0,"max_hp_loss":6,"event_name":"Golden Idol","floor":4,"gold_loss":0},{"damage_healed":20,"gold_gain":0,"player_choice":"Healed","damage_taken":0,"max_hp_gain":0,"max_hp_loss":0,"event_name":"The Cleric","floor":11,"gold_loss":35},{"damage_healed":0,"gold_gain":0,"player_choice":"Entered Light","damage_taken":16,"max_hp_gain":0,"max_hp_loss":0,"event_name":"Shining Light","floor":12,"gold_loss":0,"cards_upgraded":["Anger","Havoc"]},{"cards_removed":["Strike_R"],"damage_healed":0,"gold_gain":0,"player_choice":"Gave Gold","damage_taken":0,"max_hp_gain":0,"max_hp_loss":0,"event_name":"Beggar","floor":21,"gold_loss":75}],"is_beta":false,"boss_relics":[{"not_picked":["Eternal Feather","Runic Dome"],"picked":"Mark of Pain"}],"items_purged_floors":[],"is_endless":false,"potions_floor_spawned":[1,2,3,7,18],"killed_by":"Sentry and Sphere","ascension_level":11}