{"gold_per_floor":[118,118,118,29,47,88,102,141,188,204,204,220,253,34,34,34],"floor_reached":16,"playtime":814,"items_purged":[],"score":290,"play_id":"87cb9dc3-14e9-4997-a178-fcb854e64363","local_time":"20190423214146","is_ascension_mode":true,"campfire_choices":[{"floor":15,"key":"REST"}],"neow_cost":"NONE","seed_source_timestamp":468177318552579,"circlet_count":0,"master_deck":["AscendersBane","Defend_G","Defend_G","Defend_G","Defend_G","Defend_G","Strike_G","Strike_G","Strike_G","Strike_G","Survivor","Neutralize","Deadly Poison+1","Footwork","Well Laid Plans","Calculated Gamble","Backflip","Dagger Spray","Cloak And Dagger","Dagger Throw","Terror"],"relics":["Ring of the Snake","NeowsBlessing","Golden Idol","Bottled Tornado","Art of War","Omamori","Mummified Hand","ClockworkSouvenir"],"potions_floor_usage":[8,16,16],"damage_taken":[{"damage":0,"enemies":"Small Slimes","floor":1,"turns":1},{"damage":0,"enemies":"Jaw Worm","floor":5,"turns":1},{"damage":0,"enemies":"Lagavulin","floor":6,"turns":1},{"damage":1,"enemies":"2 Louse","floor":7,"turns":2},{"damage":24,"enemies":"3 Sentries","floor":8,"turns":16},{"damage":0,"enemies":"2 Fungi Beasts","floor":10,"turns":4},{"damage":0,"enemies":"Blue Slaver","floor":12,"turns":5},{"damage":20,"enemies":"Lagavulin","floor":13,"turns":6},{"damage":29,"enemies":"Hexaghost","floor":16,"turns":9}],"seed_played":"6156949677087742270","potions_obtained":[{"floor":1,"key":"SkillPotion"},{"floor":5,"key":"PowerPotion"},{"floor":8,"key":"Explosive Potion"}],"is_trial":false,"path_per_floor":["?","?","?"],"character_chosen":"THE_SILENT","items_purchased":["Footwork","ClockworkSouvenir"],"campfire_rested":1,"item_purchase_floors":[4,14],"current_hp_per_floor":[59,59,59,59,59,59,58,34,34,34,27,27,7,7,25,0],"gold":34,"neow_bonus":"THREE_ENEMY_KILL","is_prod":false,"is_daily":false,"chose_seed":false,"campfire_upgraded":0,"win_rate":0,"timestamp":1556044906,"path_taken":["M","?","?","$","M","E","M","E","T","M","?","M","E","$","R","BOSS"],"build_version":"2019-01-23","purchased_purges":0,"victory":false,"max_hp_per_floor":[66,60,60,60,60,60,60,60,60,60,60,60,60,60,60,60],"card_choices":[{"not_picked":["Backstab","Distraction"],"picked":"Deadly Poison","floor":1},{"not_picked":["Outmaneuver","Cloak And Dagger"],"picked":"Well Laid Plans","floor":5},{"not_picked":["All Out Attack","Prepared"],"picked":"Calculated Gamble","floor":6},{"not_picked":["Outmaneuver","Masterful Stab"],"picked":"Backflip","floor":7},{"not_picked":["Phantasmal Killer","Expertise"],"picked":"Dagger Spray","floor":8},{"not_picked":["Endless Agony","Underhanded Strike"],"picked":"Cloak And Dagger","floor":10},{"not_picked":["Flying Knee","Slice"],"picked":"Dagger Throw","floor":12},{"not_picked":["Cloak And Dagger","Quick Slash"],"picked":"Terror","floor":13}],"player_experience":1839798,"relics_obtained":[{"floor":6,"key":"Bottled Tornado"},{"floor":8,"key":"Art of War"},{"floor":9,"key":"Omamori"},{"floor":13,"key":"Mummified Hand"}],"event_choices":[{"damage_healed":0,"gold_gain":0,"player_choice":"Lose Max HP","damage_taken":0,"relics_obtained":["Golden Idol"],"max_hp_gain":0,"max_hp_loss":6,"event_name":"Golden Idol","floor":2,"gold_loss":0},{"damage_healed":0,"gold_gain":0,"player_choice":"Grow","damage_taken":0,"max_hp_gain":0,"max_hp_loss":0,"event_name":"Living Wall","floor":3,"gold_loss":0,"cards_upgraded":["Deadly Poison"]},{"cards_removed":["Strike_G"],"damage_healed":0,"gold_gain":0,"player_choice":"Card Removal","damage_taken":7,"max_hp_gain":0,"max_hp_loss":0,"event_name":"Golden Wing","floor":11,"gold_loss":0}],"is_beta":false,"boss_relics":[],"items_purged_floors":[],"is_endless":false,"potions_floor_spawned":[1,5,8,12,13],"killed_by":"Hexaghost","ascension_level":20}