{"gold_per_floor":[219,219,219,235,249,249,1,34,60,60,91,104,104,137,137,228,228,243,368,392,317,335,335,66,99,99,99,117,117,117,147,147,225,225,245,245,260,260,272,272,298,73,73,73,102,115,135,161,161,161,161,161,161,66,98,98],"floor_reached":57,"playtime":4714,"items_purged":["Strike_G","Strike_G","Strike_G+1"],"score":2842,"play_id":"98031e2d-6475-4e04-9c60-9c63e87ab083","local_time":"20190423201052","is_ascension_mode":true,"campfire_choices":[{"data":"Quick Slash","floor":6,"key":"SMITH"},{"data":"Neutralize","floor":10,"key":"SMITH"},{"floor":13,"key":"REST"},{"data":"Deadly Poison","floor":15,"key":"SMITH"},{"data":"Corpse Explosion","floor":23,"key":"SMITH"},{"data":"Footwork","floor":30,"key":"SMITH"},{"data":"Noxious Fumes","floor":32,"key":"SMITH"},{"data":"Well Laid Plans","floor":40,"key":"SMITH"},{"data":"Catalyst","floor":44,"key":"SMITH"},{"floor":49,"key":"RECALL"},{"data":"Footwork","floor":53,"key":"SMITH"}],"neow_cost":"NONE","seed_source_timestamp":458806345473569,"circlet_count":0,"master_deck":["AscendersBane","Defend_G+1","Defend_G","Defend_G","Defend_G","Defend_G+1","Survivor","Neutralize+1","Footwork+1","Quick Slash+1","Well Laid Plans+1","Leg Sweep","Blur","Acrobatics","Deadly Poison+1","Corpse Explosion+1","Deflect","Backflip","PiercingWail","PiercingWail+1","Dodge and Roll","Noxious Fumes+1","Malaise","Calculated Gamble","Well Laid Plans+1","Catalyst+1","Footwork+1","Caltrops","Leg Sweep"],"relics":["Ring of the Snake","Bloody Idol","Bag of Preparation","Snake Skull","Blood Vial","Regal Pillow","Juzu Bracelet","Cursed Key","Mango","Kunai","Smiling Mask","Bag of Marbles","Coffee Dripper","Omamori","War Paint","Paper Crane"],"potions_floor_usage":[11,14,19,22,56,56],"damage_taken":[{"damage":3,"enemies":"Cultist","floor":1,"turns":6},{"damage":0,"enemies":"2 Louse","floor":4,"turns":3},{"damage":0,"enemies":"Small Slimes","floor":5,"turns":5},{"damage":6,"enemies":"3 Sentries","floor":8,"turns":12},{"damage":16,"enemies":"Gremlin Nob","floor":11,"turns":4},{"damage":0,"enemies":"Looter","floor":12,"turns":4},{"damage":25,"enemies":"Lagavulin","floor":14,"turns":14},{"damage":9,"enemies":"Hexaghost","floor":16,"turns":12},{"damage":2,"enemies":"Spheric Guardian","floor":18,"turns":4},{"damage":5,"enemies":"Colosseum Slavers","floor":19,"turns":3},{"damage":19,"enemies":"Colosseum Nobs","floor":19,"turns":3},{"damage":6,"enemies":"Chosen","floor":20,"turns":6},{"damage":0,"enemies":"Centurion and Healer","floor":22,"turns":6},{"damage":0,"enemies":"Gremlin Leader","floor":25,"turns":7},{"damage":2,"enemies":"Snake Plant","floor":28,"turns":7},{"damage":3,"enemies":"Book of Stabbing","floor":31,"turns":8},{"damage":4,"enemies":"Automaton","floor":33,"turns":11},{"damage":3,"enemies":"Orb Walker","floor":35,"turns":5},{"damage":10,"enemies":"3 Darklings","floor":37,"turns":3},{"damage":1,"enemies":"Maw","floor":39,"turns":8},{"damage":4,"enemies":"Nemesis","floor":41,"turns":11},{"damage":19,"enemies":"Reptomancer","floor":45,"turns":6},{"damage":0,"enemies":"Sphere and 2 Shapes","floor":46,"turns":5},{"damage":3,"enemies":"Writhing Mass","floor":47,"turns":4},{"damage":0,"enemies":"Nemesis","floor":48,"turns":9},{"damage":8,"enemies":"Donu and Deca","floor":50,"turns":6},{"damage":29,"enemies":"Awakened One","floor":51,"turns":17},{"damage":46,"enemies":"Shield and Spear","floor":55,"turns":10},{"damage":4,"enemies":"The Heart","floor":56,"turns":10}],"seed_played":"-5404778908390300184","potions_obtained":[{"floor":5,"key":"Poison Potion"},{"floor":11,"key":"PowerPotion"},{"floor":12,"key":"SpeedPotion"},{"floor":14,"key":"AttackPotion"},{"floor":20,"key":"AttackPotion"},{"floor":22,"key":"EssenceOfSteel"},{"floor":28,"key":"FearPotion"},{"floor":33,"key":"GhostInAJar"},{"floor":37,"key":"Dexterity Potion"}],"is_trial":false,"path_per_floor":["?","?","?","?","?","T","?","?"],"character_chosen":"THE_SILENT","items_purchased":["Well Laid Plans","Bag of Preparation","PiercingWail","Dodge and Roll","Noxious Fumes","Catalyst","Footwork","Caltrops"],"campfire_rested":1,"item_purchase_floors":[7,7,24,24,24,42,42,54],"current_hp_per_floor":[56,36,36,36,36,36,36,30,30,30,16,18,51,28,28,21,50,50,44,40,40,42,42,42,44,44,44,49,49,49,53,53,56,70,74,64,61,61,67,67,70,70,70,70,58,65,69,74,74,66,39,65,65,65,26,24],"gold":98,"neow_bonus":"HUNDRED_GOLD","is_prod":false,"is_daily":false,"chose_seed":false,"campfire_upgraded":9,"win_rate":0,"timestamp":1556039452,"path_taken":["M","?","?","M","M","R","$","E","T","R","E","M","R","E","R","BOSS","M","?","M","?","M","R","$","E","T","?","M","?","R","E","R","BOSS","M","?","M","?","M","R","E","$","T","R","E","M","M","E","R","BOSS","BOSS","R","$","E","BOSS"],"build_version":"2019-01-23","purchased_purges":3,"victory":true,"max_hp_per_floor":[66,66,60,60,60,60,60,60,60,60,60,60,60,60,60,60,60,60,74,74,74,74,74,74,74,74,74,74,74,74,74,74,74,74,74,74,74,74,74,74,74,74,74,74,74,74,74,74,74,74,74,74,74,74,74,74],"card_choices":[{"not_picked":["Dodge and Roll","Leg Sweep"],"picked":"Footwork","floor":1},{"not_picked":["Bane","Expertise","Sucker Punch"],"picked":"SKIP","floor":4},{"not_picked":["Masterful Stab","Choke"],"picked":"Quick Slash","floor":5},{"not_picked":["Deadly Poison","Backflip"],"picked":"Leg Sweep","floor":8},{"not_picked":["Dagger Spray","Acrobatics"],"picked":"Blur","floor":11},{"not_picked":["Choke","Distraction"],"picked":"Acrobatics","floor":12},{"not_picked":["Dagger Spray","Choke"],"picked":"Deadly Poison","floor":14},{"not_picked":["Storm of Steel","Night Terror"],"picked":"Corpse Explosion","floor":16},{"not_picked":["Outmaneuver+1","Flying Knee","Distraction"],"picked":"SKIP","floor":18},{"not_picked":["Flying Knee","Underhanded Strike"],"picked":"Deflect","floor":19},{"not_picked":["Flying Knee","Skewer"],"picked":"Backflip","floor":20},{"not_picked":["Expertise","Deadly Poison"],"picked":"PiercingWail","floor":22},{"not_picked":["Deflect","Backstab"],"picked":"Malaise","floor":25},{"not_picked":["Deadly Poison","Cloak And Dagger","Outmaneuver"],"picked":"SKIP","floor":28},{"not_picked":["Flying Knee+1","Outmaneuver"],"picked":"Calculated Gamble","floor":31},{"not_picked":["Dagger Spray","Accuracy","Outmaneuver"],"picked":"SKIP","floor":35},{"not_picked":["Blade Dance","Flying Knee+1","Reflex"],"picked":"SKIP","floor":37},{"not_picked":["Masterful Stab","Deflect","Endless Agony"],"picked":"SKIP","floor":39},{"not_picked":["Dagger Spray+1","Escape Plan"],"picked":"Well Laid Plans+1","floor":41},{"not_picked":["Tactician","Cloak And Dagger+1","Sucker Punch"],"picked":"SKIP","floor":45},{"not_picked":["Tactician","Cloak And Dagger+1","Sucker Punch"],"picked":"SKIP","floor":45},{"not_picked":["Bane","All Out Attack","Setup+1"],"picked":"SKIP","floor":46},{"not_picked":["Dagger Throw","Noxious Fumes","Poisoned Stab"],"picked":"SKIP","floor":47},{"not_picked":["Endless Agony","Flying Knee","Quick Slash"],"picked":"SKIP","floor":48},{"not_picked":["Unload","Blade Dance"],"picked":"Leg Sweep","floor":55}],"player_experience":1834411,"relics_obtained":[{"floor":8,"key":"Snake Skull"},{"floor":9,"key":"Blood Vial"},{"floor":11,"key":"Regal Pillow"},{"floor":14,"key":"Juzu Bracelet"},{"floor":19,"key":"Mango"},{"floor":19,"key":"Kunai"},{"floor":25,"key":"Smiling Mask"},{"floor":31,"key":"Bag of Marbles"},{"floor":41,"key":"Omamori"},{"floor":45,"key":"War Paint"},{"floor":48,"key":"Paper Crane"}],"event_choices":[{"damage_healed":0,"gold_gain":0,"player_choice":"Entered Light","damage_taken":20,"max_hp_gain":0,"max_hp_loss":0,"event_name":"Shining Light","floor":2,"gold_loss":0,"cards_upgraded":["Defend_G","Strike_G"]},{"damage_healed":0,"gold_gain":0,"player_choice":"Lose Max HP","damage_taken":0,"relics_obtained":["Golden Idol"],"max_hp_gain":0,"max_hp_loss":6,"event_name":"Golden Idol","floor":3,"gold_loss":0},{"damage_healed":0,"gold_gain":0,"player_choice":"Fight","damage_taken":0,"max_hp_gain":0,"max_hp_loss":0,"event_name":"Colosseum","floor":19,"gold_loss":0},{"damage_healed":0,"gold_gain":0,"player_choice":"Fought Nobs","damage_taken":0,"max_hp_gain":0,"max_hp_loss":0,"event_name":"Colosseum","floor":19,"gold_loss":0},{"cards_removed":["Strike_G"],"damage_healed":0,"gold_gain":0,"player_choice":"Gave Gold","damage_taken":0,"max_hp_gain":0,"max_hp_loss":0,"event_name":"Beggar","floor":21,"gold_loss":75},{"damage_healed":0,"gold_gain":0,"player_choice":"Gave Idol","damage_taken":0,"relics_obtained":["Bloody Idol"],"max_hp_gain":0,"max_hp_loss":0,"event_name":"Forgotten Altar","floor":27,"relics_lost":["Golden Idol"],"gold_loss":0},{"damage_healed":0,"gold_gain":0,"player_choice":"Memory 3","damage_taken":10,"max_hp_gain":0,"max_hp_loss":0,"event_name":"SensoryStone","floor":36,"gold_loss":0},{"cards_removed":["Strike_G"],"damage_healed":0,"gold_gain":0,"player_choice":"Offered Basic","damage_taken":0,"max_hp_gain":0,"max_hp_loss":0,"event_name":"Bonfire Elementals","floor":38,"gold_loss":0}],"is_beta":false,"boss_relics":[{"not_picked":["Philosopher\u0027s Stone","Ring of the Serpent"],"picked":"Cursed Key"},{"not_picked":["Fusion Hammer","Eternal Feather"],"picked":"Coffee Dripper"}],"items_purged_floors":[24,42,54],"is_endless":false,"potions_floor_spawned":[5,11,12,14,20,22,28,33,35,37],"ascension_level":20}