{"gold_per_floor":[210,285,255,270,68,68,101,111,134,169,188,208,208,221,221,221],"floor_reached":16,"playtime":850,"items_purged":[],"score":112,"play_id":"07c25b5f-5128-47f2-a30f-8c45a298751c","local_time":"20190208154658","is_ascension_mode":false,"campfire_choices":[{"data":"Entrench","floor":6,"key":"SMITH"},{"data":"Barricade","floor":13,"key":"SMITH"},{"floor":15,"key":"REST"}],"neow_cost":"NONE","seed_source_timestamp":1284046831129067,"circlet_count":0,"master_deck":["Strike_R","Strike_R","Strike_R","Strike_R","Strike_R","Defend_R","Defend_R","Defend_R","Defend_R","Bash","Entrench+1","Headbutt","Body Slam","Pummel","Sword Boomerang","Clothesline","Barricade+1","Inflame"],"relics":["Burning Blood","ClockworkSouvenir","Pen Nib","Ancient Tea Set","Gremlin Horn"],"potions_floor_usage":[7,7,10,16,16,16],"damage_taken":[{"damage":9,"enemies":"2 Louse","floor":1,"turns":3},{"damage":5,"enemies":"Small Slimes","floor":4,"turns":4},{"damage":18,"enemies":"Gremlin Nob","floor":7,"turns":4},{"damage":6,"enemies":"Cultist","floor":8,"turns":3},{"damage":36,"enemies":"3 Sentries","floor":10,"turns":6},{"damage":5,"enemies":"Exordium Thugs","floor":11,"turns":4},{"damage":9,"enemies":"Red Slaver","floor":12,"turns":2},{"damage":6,"enemies":"2 Fungi Beasts","floor":14,"turns":3},{"damage":55,"enemies":"Hexaghost","floor":16,"turns":10}],"seed_played":"3943330950275227055","potions_obtained":[{"floor":1,"key":"AttackPotion"},{"floor":3,"key":"SpeedPotion"},{"floor":3,"key":"PowerPotion"},{"floor":7,"key":"Strength Potion"},{"floor":12,"key":"BloodPotion"},{"floor":14,"key":"Energy Potion"}],"is_trial":false,"path_per_floor":["M","?","?","M","$","R","E","M","T","E","M","M","R","M","R","B"],"character_chosen":"IRONCLAD","items_purchased":["ClockworkSouvenir"],"campfire_rested":1,"item_purchase_floors":[5],"current_hp_per_floor":[77,66,66,67,67,67,55,55,55,25,26,23,23,23,47,0],"gold":221,"neow_bonus":"HUNDRED_GOLD","is_prod":false,"is_daily":false,"chose_seed":false,"campfire_upgraded":2,"win_rate":0,"timestamp":1549658818,"path_taken":["M","?","?","M","$","R","E","M","T","E","?","M","R","M","R","BOSS"],"build_version":"2019-01-23","purchased_purges":0,"victory":false,"max_hp_per_floor":[80,80,80,80,80,80,80,80,80,80,80,80,80,80,80,80],"card_choices":[{"not_picked":["True Grit","Evolve"],"picked":"Entrench","floor":1},{"not_picked":["Pommel Strike","Corruption"],"picked":"Headbutt","floor":4},{"not_picked":["Dropkick","Shrug It Off"],"picked":"Body Slam","floor":7},{"not_picked":["Pommel Strike","True Grit"],"picked":"Pummel","floor":8},{"not_picked":["True Grit","Evolve"],"picked":"Sword Boomerang","floor":10},{"not_picked":["True Grit","Power Through"],"picked":"Clothesline","floor":11},{"not_picked":["Pommel Strike","Iron Wave"],"picked":"Barricade","floor":12},{"not_picked":["Armaments","Heavy Blade"],"picked":"Inflame","floor":14}],"player_experience":176431,"relics_obtained":[{"floor":7,"key":"Pen Nib"},{"floor":9,"key":"Ancient Tea Set"},{"floor":10,"key":"Gremlin Horn"}],"event_choices":[{"damage_healed":0,"gold_gain":75,"player_choice":"Gather Gold","damage_taken":11,"max_hp_gain":0,"max_hp_loss":0,"event_name":"World of Goop","floor":2,"gold_loss":0},{"damage_healed":0,"gold_gain":0,"player_choice":"Bought 2 Potions","damage_taken":0,"max_hp_gain":0,"max_hp_loss":0,"event_name":"The Woman in Blue","floor":3,"gold_loss":0}],"is_beta":false,"boss_relics":[],"items_purged_floors":[],"is_endless":false,"potions_floor_spawned":[1,7,12,14],"killed_by":"Hexaghost","ascension_level":0}