{"gold_per_floor":[115,131,81,81,101,101,135,135,160,187,187,205,225,244,244,349,349,365,365,464,476,486,549,474,474,474,494,494,527,551,551,551,551],"floor_reached":33,"playtime":1090,"items_purged":[],"score":413,"play_id":"7833e459-b91c-46c6-a7b9-b64ff728fd58","local_time":"20190213195644","is_ascension_mode":true,"campfire_choices":[{"data":"Loop","floor":6.0,"key":"SMITH"},{"data":"Static Discharge","floor":8.0,"key":"SMITH"},{"floor":11.0,"key":"REST"},{"floor":15.0,"key":"REST"},{"floor":25.0,"key":"REST"},{"floor":28,"key":"REST"},{"floor":32,"key":"REST"}],"neow_cost":"NONE","seed_source_timestamp":2606033285900,"circlet_count":0,"master_deck":["Strike_B","Strike_B","Strike_B","Defend_B","Defend_B","Defend_B","Defend_B","Zap","Dualcast","Static Discharge+1","Sweeping Beam","Loop+1","Ball Lightning","Chill","Leap","Cold Snap","Conserve Battery","Electrodynamics","Leap+1","White Noise+1","Loop"],"special_seed":0,"relics":["Cracked Core","Happy Flower","Ancient Tea Set","Dream Catcher","Shuriken","Runic Pyramid","Tiny Chest","Regal Pillow","Juzu Bracelet","Centennial Puzzle","MutagenicStrength"],"potions_floor_usage":[27],"damage_taken":[{"damage":7.0,"enemies":"Small Slimes","floor":1.0,"turns":4.0},{"damage":7.0,"enemies":"Jaw Worm","floor":2.0,"turns":4.0},{"damage":0.0,"enemies":"Cultist","floor":5.0,"turns":3.0},{"damage":13.0,"enemies":"Lagavulin","floor":7.0,"turns":7.0},{"damage":20.0,"enemies":"3 Sentries","floor":10.0,"turns":4.0},{"damage":3.0,"enemies":"Exordium Wildlife","floor":12.0,"turns":3.0},{"damage":0.0,"enemies":"Large Slime","floor":13.0,"turns":5.0},{"damage":2.0,"enemies":"Looter","floor":14.0,"turns":2.0},{"damage":47.0,"enemies":"Slime Boss","floor":16.0,"turns":9.0},{"damage":5.0,"enemies":"Chosen","floor":18.0,"turns":4.0},{"damage":6.0,"enemies":"Shell Parasite","floor":21.0,"turns":7.0},{"damage":11.0,"enemies":"Centurion and Healer","floor":22.0,"turns":5.0},{"damage":33.0,"enemies":"Book of Stabbing","floor":23.0,"turns":6.0},{"damage":20,"enemies":"Shelled Parasite and Fungi","floor":27,"turns":4},{"damage":16,"enemies":"Gremlin Leader","floor":29,"turns":4},{"damage":69,"enemies":"Collector","floor":33,"turns":6}],"seed_played":"8406840944730090087","potions_obtained":[{"floor":1.0,"key":"SkillPotion"},{"floor":5.0,"key":"AttackPotion"},{"floor":7.0,"key":"Energy Potion"},{"floor":16.0,"key":"Fire Potion"},{"floor":21.0,"key":"Poison Potion"},{"floor":23.0,"key":"Poison Potion"}],"is_trial":false,"path_per_floor":["M","M","?","?","M","R","E","R","T","E","R","M","M","M","R","B",null,"M","?","?","M","M","E","?","R","T","M","R","E","T","?","R","B"],"character_chosen":"DEFECT","items_purchased":[],"campfire_rested":5,"item_purchase_floors":[],"current_hp_per_floor":[61,54,54,54,54,54,41,41,41,21,43,40,40,38,60,13,60,55,55,55,49,38,5,5,27,27,7,44,28,28,28,65,0],"gold":551,"neow_bonus":"TRANSFORM_CARD","is_prod":false,"is_daily":false,"chose_seed":false,"campfire_upgraded":2,"win_rate":0,"timestamp":1550105804,"path_taken":["M","M","?","?","?","R","E","R","T","E","R","M","M","M","R","BOSS","M","?","?","M","M","E","?","R","T","M","R","E","?","?","R","BOSS"],"build_version":"2019-01-23","purchased_purges":0,"victory":false,"max_hp_per_floor":[75,75,75,75,75,75,75,75,75,75,75,75,75,75,75,75,75,75,75,75,75,75,75,75,75,75,75,75,75,75,75,75,75],"card_choices":[{"not_picked":["Genetic Algorithm","Chaos"],"picked":"Static Discharge","floor":1.0},{"not_picked":["Hologram","Streamline"],"picked":"Sweeping Beam","floor":2.0},{"not_picked":["Go for the Eyes","Sunder"],"picked":"Loop","floor":5.0},{"not_picked":["Stack","Turbo"],"picked":"Ball Lightning","floor":7.0},{"not_picked":["Ball Lightning","Rebound"],"picked":"Chill","floor":10.0},{"not_picked":["Redo","Rebound"],"picked":"Leap","floor":11.0},{"not_picked":["Rebound","Reprogram","Chill"],"picked":"SKIP","floor":12.0},{"not_picked":["Leap","Genetic Algorithm"],"picked":"Cold Snap","floor":13.0},{"not_picked":["Reprogram","Turbo","Static Discharge"],"picked":"SKIP","floor":14.0},{"not_picked":["Seek","Rebound"],"picked":"Conserve Battery","floor":15.0},{"not_picked":["All For One","Biased Cognition"],"picked":"Electrodynamics","floor":16.0},{"not_picked":["Ball Lightning+1","Cold Snap+1","Beam Cell"],"picked":"SKIP","floor":18.0},{"not_picked":["Stack","Cold Snap+1","Hologram"],"picked":"SKIP","floor":21.0},{"not_picked":["Blizzard+1","Storm"],"picked":"Leap+1","floor":22.0},{"not_picked":["Blizzard+1","Aggregate+1"],"picked":"White Noise+1","floor":23.0},{"not_picked":["Auto Shields","Redo","All For One"],"picked":"SKIP","floor":27},{"not_picked":["Lockon","Chill","Compile Driver+1"],"picked":"SKIP","floor":29},{"not_picked":["Coolheaded+1","Rip and Tear+1"],"picked":"Loop","floor":32}],"player_experience":457486,"relics_obtained":[{"floor":7.0,"key":"Ancient Tea Set"},{"floor":9.0,"key":"Dream Catcher"},{"floor":10.0,"key":"Shuriken"},{"floor":23.0,"key":"Tiny Chest"},{"floor":26.0,"key":"Regal Pillow"},{"floor":29,"key":"Juzu Bracelet"},{"floor":30,"key":"Centennial Puzzle"}],"event_choices":[{"cards_removed":["Force Field"],"damage_healed":0.0,"max_hp_gain":0.0,"max_hp_loss":0.0,"gold_gain":0.0,"event_name":"The Cleric","player_choice":"Card Removal","floor":3.0,"gold_loss":50.0,"damage_taken":0.0},{"damage_healed":0.0,"max_hp_gain":0.0,"max_hp_loss":0.0,"gold_gain":0.0,"event_name":"WeMeetAgain","player_choice":"Gave Potion","floor":4.0,"gold_loss":0.0,"damage_taken":0.0,"relics_obtained":["Happy Flower"]},{"damage_healed":0.0,"max_hp_gain":0.0,"max_hp_loss":0.0,"gold_gain":0.0,"event_name":"Forgotten Altar","player_choice":"Smashed Altar","floor":19.0,"gold_loss":0.0,"damage_taken":0.0,"cards_obtained":["Decay"]},{"damage_healed":0.0,"max_hp_gain":0.0,"max_hp_loss":0.0,"gold_gain":99.0,"event_name":"Nest","player_choice":"Stole From Cult","floor":20.0,"gold_loss":0.0,"damage_taken":0.0},{"cards_removed":["Decay"],"damage_healed":0.0,"max_hp_gain":0.0,"max_hp_loss":0.0,"gold_gain":0.0,"event_name":"Beggar","player_choice":"Gave Gold","floor":24.0,"gold_loss":75.0,"damage_taken":0.0},{"damage_healed":0,"gold_gain":0,"player_choice":"Inject Mutagens","damage_taken":0,"relics_obtained":["MutagenicStrength"],"max_hp_gain":0,"max_hp_loss":0,"event_name":"Drug Dealer","floor":31,"gold_loss":0}],"is_beta":false,"boss_relics":[{"not_picked":["Pandora\u0027s Box","Philosopher\u0027s Stone"],"picked":"Runic Pyramid"}],"items_purged_floors":[],"is_endless":false,"potions_floor_spawned":[1,5,7,16,21,23],"killed_by":"Collector","ascension_level":8}