{"gold_per_floor":[116,16,16,16,16,16,16,30,57,83,152,165,165,190,190,318,318,336,336,360,360,459,459,482,482,535,569,569,594,594,174,174,295,295,315,0,125,125,0,0,25,38,38,62,83,83,83,83,83,83],"floor_reached":50,"playtime":5512,"items_purged":["Strike_R","Defend_R","Defend_R"],"score":493,"play_id":"5e0fef36-456b-47b8-8088-d344e894cf62","local_time":"20190301231038","is_ascension_mode":true,"campfire_choices":[{"data":"Armaments","floor":7,"key":"SMITH"},{"floor":13,"key":"REST"},{"data":"Pommel Strike","floor":15,"key":"SMITH"},{"data":"Flame Barrier","floor":23,"key":"SMITH"},{"floor":25,"key":"REST"},{"data":"Flex","floor":28,"key":"SMITH"},{"floor":32,"key":"REST"},{"floor":40,"key":"REST"},{"floor":46,"key":"REST"},{"floor":49,"key":"REST"}],"neow_cost":"NONE","seed_source_timestamp":281262974834235,"circlet_count":0,"master_deck":["Strike_R","Strike_R","Defend_R","Defend_R","Bash","Clash","Armaments+1","Pommel Strike+1","Anger+1","Headbutt","Body Slam","Twin Strike","Brutality","True Grit","Flame Barrier+1","Dropkick","Heavy Blade","Flex+1","Rupture","Feed+1","Warcry","Metallicize","Flex+1","Anger","Anger+1","Iron Wave+1","Double Tap","Flame Barrier"],"relics":["Burning Blood","Lantern","Pen Nib","Golden Idol","Dream Catcher","Odd Mushroom","Vajra","Black Star","Nilry\u0027s Codex","Blood Vial","Strawberry","Bottled Flame","Kunai","Empty Cage","Red Mask","Bird Faced Urn","Bronze Scales","Whetstone","Frozen Egg 2"],"potions_floor_usage":[33,33,50,50],"damage_taken":[{"damage":11,"enemies":"Jaw Worm","floor":1,"turns":3},{"damage":0,"enemies":"2 Louse","floor":8,"turns":2},{"damage":14,"enemies":"The Mushroom Lair","floor":10,"turns":5},{"damage":32,"enemies":"Lagavulin Event","floor":11,"turns":4},{"damage":0,"enemies":"Small Slimes","floor":12,"turns":2},{"damage":1,"enemies":"3 Louse","floor":14,"turns":2},{"damage":27,"enemies":"Hexaghost","floor":16,"turns":6},{"damage":2,"enemies":"Chosen","floor":18,"turns":4},{"damage":16,"enemies":"3 Byrds","floor":20,"turns":4},{"damage":17,"enemies":"Centurion and Healer","floor":24,"turns":6},{"damage":31,"enemies":"Slavers","floor":27,"turns":5},{"damage":17,"enemies":"Cultist and Chosen","floor":29,"turns":6},{"damage":50,"enemies":"Collector","floor":33,"turns":9},{"damage":26,"enemies":"Orb Walker","floor":35,"turns":5},{"damage":25,"enemies":"Mind Bloom Boss Battle","floor":37,"turns":5},{"damage":0,"enemies":"3 Shapes","floor":41,"turns":4},{"damage":28,"enemies":"Transient","floor":42,"turns":5},{"damage":31,"enemies":"4 Shapes","floor":44,"turns":4},{"damage":17,"enemies":"Spire Growth","floor":45,"turns":3},{"damage":133,"enemies":"Awakened One","floor":50,"turns":12}],"seed_played":"2548502980199524237","potions_obtained":[{"floor":1,"key":"LiquidBronze"},{"floor":8,"key":"Fire Potion"},{"floor":11,"key":"Fire Potion"},{"floor":18,"key":"AttackPotion"},{"floor":20,"key":"Energy Potion"},{"floor":41,"key":"Ancient Potion"},{"floor":42,"key":"Regen Potion"},{"floor":45,"key":"Regen Potion"}],"is_trial":false,"path_per_floor":["?","?","$","?","?","?","?","?","?","$","?","?","?","M","M","?","T"],"character_chosen":"IRONCLAD","items_purchased":["Armaments","Kunai","Rupture"],"campfire_rested":6,"item_purchase_floors":[2,31,31],"current_hp_per_floor":[75,75,72,52,52,52,52,58,58,50,24,30,54,59,59,38,80,80,80,70,54,54,54,43,67,67,51,51,42,42,42,68,26,87,67,67,50,50,50,76,89,72,72,55,52,81,81,81,93,0],"gold":83,"neow_bonus":"RANDOM_COMMON_RELIC","is_prod":false,"is_daily":false,"chose_seed":false,"campfire_upgraded":4,"win_rate":0,"timestamp":1551481838,"path_taken":["M","$","?","?","?","$","R","M","T","?","?","M","R","M","R","BOSS","M","?","M","?","?","R","M","R","T","E","R","M","?","?","R","BOSS","M","?","?","?","$","R","?","M","T","M","?","R","?","?","R","BOSS"],"build_version":"2019-01-23","purchased_purges":3,"victory":false,"max_hp_per_floor":[80,80,80,80,80,80,80,80,80,80,80,80,80,80,80,80,80,80,80,80,80,80,80,80,80,80,87,87,87,87,87,87,87,87,87,87,87,87,87,87,90,90,90,94,98,98,93,93,93,93],"card_choices":[{"not_picked":["Disarm","Perfected Strike"],"picked":"Clash","floor":1},{"not_picked":["Body Slam","Anger"],"picked":"Pommel Strike","floor":8},{"not_picked":["Pummel","Searing Blow"],"picked":"Anger","floor":10},{"not_picked":["Armaments","Sword Boomerang"],"picked":"Headbutt","floor":11},{"not_picked":["Power Through","Shrug It Off"],"picked":"Body Slam","floor":12},{"not_picked":["Bludgeon","Spot Weakness"],"picked":"Twin Strike","floor":14},{"not_picked":["Dark Embrace","Limit Break"],"picked":"Brutality","floor":16},{"not_picked":["Reckless Charge","Feel No Pain"],"picked":"True Grit","floor":18},{"not_picked":["Perfected Strike","Sword Boomerang+1"],"picked":"Dropkick","floor":20},{"not_picked":["Iron Wave+1","Sever Soul"],"picked":"Heavy Blade","floor":24},{"not_picked":["Anger+1","Sword Boomerang+1"],"picked":"Flex","floor":25},{"not_picked":["Reckless Charge","Carnage","Clothesline"],"picked":"SKIP","floor":27},{"not_picked":["Bloodletting","Anger","Clothesline"],"picked":"SKIP","floor":29},{"not_picked":["Pommel Strike","Dark Embrace"],"picked":"Clothesline+1","floor":32},{"not_picked":["Demon Form","Dark Embrace"],"picked":"Feed","floor":33},{"not_picked":["Twin Strike","Hemokinesis+1"],"picked":"Warcry","floor":35},{"not_picked":["Flex+1","Hemokinesis+1"],"picked":"Metallicize","floor":37},{"not_picked":["Armaments","Dark Embrace"],"picked":"Flex+1","floor":40},{"not_picked":["Thunderclap","Armaments+1"],"picked":"Anger","floor":41},{"not_picked":["True Grit","Clash","Uppercut"],"picked":"SKIP","floor":42},{"not_picked":["Thunderclap","Perfected Strike"],"picked":"Anger+1","floor":44},{"not_picked":["Uppercut+1","Perfected Strike"],"picked":"Iron Wave+1","floor":45},{"not_picked":["Warcry+1","Anger+1"],"picked":"Double Tap","floor":46},{"not_picked":["Sever Soul+1","Rampage"],"picked":"Flame Barrier","floor":49}],"player_experience":59598,"relics_obtained":[{"floor":9,"key":"Dream Catcher"},{"floor":10,"key":"Odd Mushroom"},{"floor":11,"key":"Vajra"},{"floor":21,"key":"Nilry\u0027s Codex"},{"floor":26,"key":"Blood Vial"},{"floor":27,"key":"Strawberry"},{"floor":27,"key":"Bottled Flame"},{"floor":37,"key":"Bird Faced Urn"},{"floor":43,"key":"Whetstone"},{"floor":48,"key":"Frozen Egg 2"}],"event_choices":[{"damage_healed":0,"gold_gain":0,"player_choice":"Success","damage_taken":3,"relics_obtained":["Pen Nib"],"max_hp_gain":0,"max_hp_loss":0,"event_name":"Scrap Ooze","floor":3,"gold_loss":0},{"damage_healed":0,"gold_gain":0,"player_choice":"Take Damage","damage_taken":20,"relics_obtained":["Golden Idol"],"max_hp_gain":0,"max_hp_loss":0,"event_name":"Golden Idol","floor":4,"gold_loss":0},{"damage_healed":0,"gold_gain":0,"player_choice":"Fought Mushrooms","damage_taken":0,"max_hp_gain":0,"max_hp_loss":0,"event_name":"Mushrooms","floor":10,"gold_loss":0},{"damage_healed":0,"gold_gain":0,"player_choice":"Searched \u00272\u0027 times","damage_taken":0,"max_hp_gain":0,"max_hp_loss":0,"event_name":"Dead Adventurer","floor":11,"gold_loss":0},{"damage_healed":0,"gold_gain":0,"player_choice":"Read","damage_taken":0,"max_hp_gain":0,"max_hp_loss":0,"event_name":"The Library","floor":19,"gold_loss":0,"cards_obtained":["Flame Barrier"]},{"damage_healed":0,"gold_gain":0,"player_choice":"Obtained Book","damage_taken":16,"max_hp_gain":0,"max_hp_loss":0,"event_name":"Cursed Tome","floor":21,"gold_loss":0},{"damage_healed":0,"gold_gain":99,"player_choice":"Stole From Cult","damage_taken":0,"max_hp_gain":0,"max_hp_loss":0,"event_name":"Nest","floor":22,"gold_loss":0},{"cards_removed":["Strike_R"],"damage_healed":0,"gold_gain":0,"player_choice":"Elegance","damage_taken":0,"max_hp_gain":0,"max_hp_loss":0,"event_name":"Back to Basics","floor":30,"gold_loss":0},{"damage_healed":0,"gold_gain":0,"player_choice":"Paid","damage_taken":0,"relics_obtained":["Red Mask"],"max_hp_gain":0,"max_hp_loss":0,"event_name":"Tomb of Lord Red Mask","floor":36,"gold_loss":315},{"damage_healed":0,"gold_gain":0,"player_choice":"Fight","damage_taken":0,"max_hp_gain":0,"max_hp_loss":0,"event_name":"MindBloom","floor":37,"gold_loss":0},{"damage_healed":0,"gold_gain":0,"player_choice":"Gave Potion","damage_taken":0,"relics_obtained":["Bronze Scales"],"max_hp_gain":0,"max_hp_loss":0,"event_name":"WeMeetAgain","floor":38,"gold_loss":0},{"damage_healed":0,"gold_gain":0,"player_choice":"Max HP","damage_taken":0,"max_hp_gain":0,"max_hp_loss":5,"event_name":"Winding Halls","floor":47,"gold_loss":0}],"is_beta":false,"boss_relics":[{"not_picked":["Coffee Dripper","Calling Bell"],"picked":"Black Star"},{"not_picked":["Eternal Feather","Fusion Hammer"],"picked":"Empty Cage"}],"items_purged_floors":[2,31,39],"is_endless":false,"potions_floor_spawned":[1,8,11,18,20,24,41,42,45],"killed_by":"Awakened One","ascension_level":1}