{"gold_per_floor":[112,128,147,163,177,177,203,221,245,245,273,273,307,307,307,405,405,421,119,119,119,218,237,237,269,334,361,373,385,410,422,434,446],"floor_reached":33,"playtime":1650,"items_purged":["Strike_G"],"score":339,"play_id":"52f45550-83d9-4f0e-9ed6-819e67a985ac","local_time":"20181109234940","is_ascension_mode":true,"campfire_choices":[{"data":"Noxious Fumes","floor":6,"key":"SMITH"},{"data":"Noxious Fumes","floor":10,"key":"SMITH"},{"floor":15,"key":"REST"},{"floor":24,"key":"REST"},{"floor":28,"key":"REST"},{"floor":32,"key":"REST"}],"neow_cost":"NONE","seed_source_timestamp":196891809617700,"circlet_count":0,"master_deck":["Defend_G","Defend_G","Defend_G","Defend_G","Defend_G","Survivor","Neutralize","Leg Sweep","Noxious Fumes+1","Noxious Fumes+1","Backstab","Crippling Poison","Calculated Gamble","Distraction","Venomology","Corpse Explosion","Catalyst+1","Footwork","Bite","Bite","Bite","Bite","Bite","PiercingWail+1","Deadly Poison","Catalyst"],"relics":["Ring of the Serpent","Blood Vial","Art of War","Dodecahedron","Ancient Tea Set","Vajra","Juzu Bracelet","Nilry\u0027s Codex","MawBank","Oddly Smooth Stone"],"potions_floor_usage":[7,11,11,13,13,16,16,16,16,23,23,23,25,25,27,27,33],"damage_taken":[{"damage":0,"enemies":"Cultist","floor":1,"turns":4},{"damage":0,"enemies":"Small Slimes","floor":2,"turns":3},{"damage":3,"enemies":"2 Louse","floor":3,"turns":4},{"damage":1,"enemies":"Blue Slaver","floor":4,"turns":6},{"damage":2,"enemies":"Large Slime","floor":5,"turns":6},{"damage":17,"enemies":"Gremlin Nob","floor":7,"turns":4},{"damage":12,"enemies":"Exordium Thugs","floor":8,"turns":5},{"damage":11,"enemies":"3 Sentries","floor":11,"turns":5},{"damage":13,"enemies":"Lagavulin","floor":13,"turns":7},{"damage":8,"enemies":"The Guardian","floor":16,"turns":9},{"damage":4,"enemies":"Chosen","floor":18,"turns":6},{"damage":17,"enemies":"Shell Parasite","floor":23,"turns":6},{"damage":34,"enemies":"Slavers","floor":25,"turns":4},{"damage":13,"enemies":"Cultist and Chosen","floor":27,"turns":7},{"damage":43,"enemies":"Chosen and Byrds","floor":30,"turns":7},{"damage":38,"enemies":"Automaton","floor":33,"turns":8}],"seed_played":"-5667688363444353518","potions_obtained":[{"floor":2,"key":"AttackPotion"},{"floor":3,"key":"Strength Potion"},{"floor":5,"key":"Dexterity Potion"},{"floor":8,"key":"Energy Potion"},{"floor":11,"key":"Ancient Potion"},{"floor":13,"key":"FearPotion"},{"floor":23,"key":"SpeedPotion"},{"floor":25,"key":"Explosive Potion"}],"is_trial":false,"path_per_floor":["M","M","M","M","M","R","E","M","T","R","E","?","E","?","R","B",null,"M","$","?","?","?","M","R","E","T","M","R","?","M","?","R","B"],"character_chosen":"THE_SILENT","items_purchased":["Footwork","Juzu Bracelet"],"campfire_rested":4,"item_purchase_floors":[19,19],"current_hp_per_floor":[70,70,67,66,64,64,47,37,37,37,28,25,14,14,35,29,70,66,66,49,33,33,22,36,12,12,9,23,39,12,12,26,0],"gold":446,"neow_bonus":"REMOVE_CARD","is_prod":false,"is_daily":false,"chose_seed":false,"campfire_upgraded":2,"win_rate":0,"timestamp":1541825380,"path_taken":["M","M","M","M","M","R","E","M","T","R","E","?","E","?","R","BOSS","M","$","?","?","?","M","R","E","T","M","R","?","M","?","R","BOSS"],"build_version":"2018-11-08","purchased_purges":1,"victory":false,"max_hp_per_floor":[70,70,70,70,70,70,70,70,70,70,70,70,70,70,70,70,70,70,70,49,49,49,49,49,49,49,49,49,49,49,49,49,49],"card_choices":[{"not_picked":["Slice","Heel Hook"],"picked":"Leg Sweep","floor":1},{"not_picked":["Tactician","Prepared"],"picked":"Noxious Fumes","floor":2},{"not_picked":["Concentrate","Outmaneuver","Slice"],"picked":"SKIP","floor":3},{"not_picked":["Blade Dance","Slice"],"picked":"Noxious Fumes","floor":4},{"not_picked":["Quick Slash","Dagger Spray"],"picked":"Backstab","floor":5},{"not_picked":["Infinite Blades","Dodge and Roll"],"picked":"Crippling Poison","floor":7},{"not_picked":["Dagger Throw","Distraction"],"picked":"Calculated Gamble","floor":8},{"not_picked":["Heel Hook","Blade Dance"],"picked":"Distraction","floor":11},{"not_picked":["Sucker Punch","Slice"],"picked":"Venomology","floor":13},{"not_picked":["Grand Finale","Night Terror"],"picked":"Corpse Explosion","floor":16},{"not_picked":["Skewer","Backflip+1"],"picked":"Catalyst+1","floor":18},{"not_picked":["Deflect","Poisoned Stab"],"picked":"PiercingWail+1","floor":23},{"not_picked":["Reflex","Prepared","Dodge and Roll"],"picked":"SKIP","floor":25},{"not_picked":["Finisher","Infinite Blades+1"],"picked":"Deadly Poison","floor":27},{"not_picked":["Bane+1","Quick Slash+1"],"picked":"Catalyst","floor":30}],"player_experience":275287,"relics_obtained":[{"floor":7,"key":"Blood Vial"},{"floor":9,"key":"Art of War"},{"floor":11,"key":"Dodecahedron"},{"floor":13,"key":"Vajra"},{"floor":21,"key":"Nilry\u0027s Codex"},{"floor":25,"key":"MawBank"},{"floor":26,"key":"Oddly Smooth Stone"}],"event_choices":[{"damage_healed":0,"gold_gain":0,"player_choice":"Success","damage_taken":3,"relics_obtained":["Ancient Tea Set"],"max_hp_gain":0,"max_hp_loss":0,"event_name":"Scrap Ooze","floor":12,"gold_loss":0},{"damage_healed":0,"gold_gain":0,"player_choice":"Ignored","damage_taken":0,"max_hp_gain":0,"max_hp_loss":0,"event_name":"Liars Game","floor":14,"gold_loss":0},{"damage_healed":0,"gold_gain":0,"player_choice":"Became a vampire","damage_taken":0,"max_hp_gain":0,"max_hp_loss":21,"event_name":"Vampires","floor":20,"gold_loss":0,"cards_obtained":["Bite","Bite","Bite","Bite","Bite"]},{"damage_healed":0,"gold_gain":0,"player_choice":"Obtained Book","damage_taken":16,"max_hp_gain":0,"max_hp_loss":0,"event_name":"Cursed Tome","floor":21,"gold_loss":0},{"damage_healed":0,"gold_gain":99,"player_choice":"Stole From Cult","damage_taken":0,"max_hp_gain":0,"max_hp_loss":0,"event_name":"Nest","floor":22,"gold_loss":0},{"damage_healed":16,"gold_gain":0,"player_choice":"Heal","damage_taken":0,"max_hp_gain":0,"max_hp_loss":0,"event_name":"The Library","floor":29,"gold_loss":0},{"damage_healed":0,"gold_gain":0,"player_choice":"Ignored","damage_taken":0,"max_hp_gain":0,"max_hp_loss":0,"event_name":"Ghosts","floor":31,"gold_loss":0}],"is_beta":true,"boss_relics":[{"not_picked":["Eternal Feather","Philosopher\u0027s Stone"],"picked":"Ring of the Serpent"}],"items_purged_floors":[19],"is_endless":false,"potions_floor_spawned":[2,3,5,8,11,13,23,25],"killed_by":"Automaton","ascension_level":2}