{"gold_per_floor":[113,123,123,70,90,121,121,148,175,350,370,370,401,412,412,512,512,512,427,239,239,164,164,164,164,164,164,164,164,68,68,68,68,68,68,18,18,18,18,18,18,18,18,18,18,18,18,0,0,0],"floor_reached":51,"playtime":4171,"items_purged":["Doubt","Strike_R","Strike_R"],"score":1052,"play_id":"ce23cea1-a26e-4f64-8469-eef5d40508b5","local_time":"20190329163156","is_ascension_mode":true,"campfire_choices":[{"data":"Inflame","floor":7.0,"key":"SMITH"},{"floor":12.0,"key":"REST"},{"data":"Armaments","floor":15.0,"key":"SMITH"},{"data":"Clothesline","floor":23,"key":"SMITH"},{"data":"Metallicize","floor":25,"key":"SMITH"},{"data":"Juggernaut","floor":27,"key":"SMITH"},{"floor":32,"key":"REST"},{"data":"Limit Break","floor":42,"key":"SMITH"},{"data":"Demon Form","floor":44,"key":"SMITH"},{"data":"Uppercut","floor":49,"key":"SMITH"}],"neow_cost":"NONE","seed_source_timestamp":0,"circlet_count":0,"master_deck":["Strike_R","Strike_R+1","Defend_R","Defend_R","Defend_R","Defend_R","Bash","Inflame+1","Anger+1","Shrug It Off","Pummel+1","Sentinel","Power Through","Juggernaut+1","Clothesline+1","Metallicize+1","Reckless Charge","Battle Trance+1","Disarm+1","Uppercut+1","Shrug It Off","Demon Form+1","Limit Break+1","Spot Weakness+1","Warcry+1","Doubt","Shrug It Off+1"],"special_seed":0,"relics":["Black Blood","Whetstone","Juzu Bracelet","Oddly Smooth Stone","Orichalcum","Ectoplasm","Self Forming Clay","Smiling Mask","Darkstone Periapt","Letter Opener","Dodecahedron","Bottled Flame","Toxic Egg 2","Red Mask"],"potions_floor_usage":[21,24,29,31,31,31,33,45,45,50,50],"damage_taken":[{"damage":6.0,"enemies":"2 Louse","floor":1.0,"turns":3.0},{"damage":1.0,"enemies":"Cultist","floor":2.0,"turns":3.0},{"damage":2.0,"enemies":"Small Slimes","floor":5.0,"turns":2.0},{"damage":24.0,"enemies":"Gremlin Nob","floor":6.0,"turns":4.0},{"damage":22.0,"enemies":"3 Sentries","floor":8.0,"turns":7.0},{"damage":6.0,"enemies":"3 Louse","floor":11.0,"turns":3.0},{"damage":20.0,"enemies":"Gremlin Nob","floor":13.0,"turns":4.0},{"damage":2.0,"enemies":"Looter","floor":14.0,"turns":5.0},{"damage":0.0,"enemies":"Slime Boss","floor":16.0,"turns":9.0},{"damage":25,"enemies":"Chosen","floor":18,"turns":6},{"damage":0,"enemies":"Spheric Guardian","floor":21,"turns":3},{"damage":21,"enemies":"Slavers","floor":24,"turns":4},{"damage":12,"enemies":"Cultist and Chosen","floor":28,"turns":5},{"damage":10,"enemies":"3 Cultists","floor":29,"turns":6},{"damage":20,"enemies":"Gremlin Leader","floor":31,"turns":5},{"damage":0,"enemies":"Champ","floor":33,"turns":9},{"damage":6,"enemies":"Orb Walker","floor":35,"turns":5},{"damage":1,"enemies":"3 Shapes","floor":38,"turns":6},{"damage":21,"enemies":"Giant Head","floor":40,"turns":8},{"damage":58,"enemies":"Reptomancer","floor":45,"turns":6},{"damage":14,"enemies":"Spire Growth","floor":47,"turns":5},{"damage":31,"enemies":"Time Eater","floor":50,"turns":8}],"seed_played":"7441529121040988395","potions_obtained":[{"floor":1.0,"key":"Poison Potion"},{"floor":2.0,"key":"SkillPotion"},{"floor":6.0,"key":"FearPotion"},{"floor":13.0,"key":"Explosive Potion"},{"floor":16.0,"key":"Fire Potion"},{"floor":21,"key":"SteroidPotion"},{"floor":28,"key":"EntropicBrew"},{"floor":29,"key":"Explosive Potion"},{"floor":33,"key":"Fire Potion"},{"floor":40,"key":"GamblersBrew"},{"floor":45,"key":"Swift Potion"},{"floor":47,"key":"Poison Potion"}],"is_trial":false,"path_per_floor":["?","?","?","?","?","?","?","?","?"],"character_chosen":"IRONCLAD","items_purchased":["Shrug It Off","Metallicize","Reckless Charge","Shrug It Off"],"campfire_rested":2,"item_purchase_floors":[4,20,20,30],"current_hp_per_floor":[80,85,85,85,88,70,70,54,54,54,54,80,66,70,70,76,85,66,66,66,72,72,72,57,57,57,57,51,47,47,33,59,65,82,86,86,86,88,84,73,73,73,73,73,25,90,86,86,86,65],"gold":0,"neow_bonus":"TEN_PERCENT_HP_BONUS","is_prod":false,"is_daily":false,"chose_seed":false,"campfire_upgraded":8,"win_rate":0,"timestamp":1553877116,"path_taken":["M","M","?","$","M","E","R","E","T","?","M","R","E","M","R","BOSS","M","?","$","M","?","R","E","R","T","R","M","M","$","E","R","BOSS","M","$","?","M","?","E","?","R","T","R","E","?","M","?","R","BOSS"],"build_version":"2019-01-23","purchased_purges":3,"victory":true,"max_hp_per_floor":[88,88,88,88,88,88,88,88,88,88,88,88,88,88,88,88,88,88,88,88,88,88,88,88,88,88,88,88,88,88,88,88,88,88,88,88,88,88,84,84,84,84,84,84,84,90,90,90,90,90],"card_choices":[{"not_picked":["Second Wind","Havoc"],"picked":"Inflame","floor":1.0},{"not_picked":["Headbutt","Warcry"],"picked":"Anger","floor":2.0},{"not_picked":["Wild Strike","Thunderclap"],"picked":"Pummel","floor":5.0},{"not_picked":["Havoc","Flex"],"picked":"Sentinel","floor":6.0},{"not_picked":["Evolve","Sentinel","Flex"],"picked":"SKIP","floor":8.0},{"not_picked":["Clash","Body Slam"],"picked":"Power Through","floor":11.0},{"not_picked":["Anger","Battle Trance"],"picked":"Armaments","floor":13.0},{"not_picked":["Perfected Strike","Combust","Double Tap"],"picked":"SKIP","floor":14.0},{"not_picked":["Exhume","Berserk"],"picked":"Juggernaut","floor":16.0},{"not_picked":["Headbutt","Cleave"],"picked":"Clothesline","floor":18},{"not_picked":["Reckless Charge","Fire Breathing"],"picked":"Battle Trance+1","floor":21},{"not_picked":["Intimidate","Reckless Charge+1"],"picked":"Disarm+1","floor":24},{"not_picked":["Sentinel+1","Twin Strike","Armaments"],"picked":"SKIP","floor":28},{"not_picked":["Perfected Strike","Warcry"],"picked":"Uppercut","floor":29},{"not_picked":["Cleave","Clash"],"picked":"Demon Form","floor":31},{"not_picked":["Barricade","Exhume"],"picked":"Limit Break","floor":33},{"not_picked":["Reckless Charge","Fire Breathing","Rampage+1"],"picked":"SKIP","floor":35},{"not_picked":["Burning Pact+1","Feel No Pain+1","Battle Trance"],"picked":"SKIP","floor":38},{"not_picked":["Pummel","Hemokinesis+1"],"picked":"Spot Weakness+1","floor":40},{"not_picked":["Spot Weakness+1","Reckless Charge"],"picked":"Warcry","floor":45},{"not_picked":["Second Wind+1","Intimidate+1"],"picked":"Shrug It Off+1","floor":47}],"player_experience":351778,"relics_obtained":[{"floor":6.0,"key":"Whetstone"},{"floor":8.0,"key":"Juzu Bracelet"},{"floor":9.0,"key":"Oddly Smooth Stone"},{"floor":13.0,"key":"Orichalcum"},{"floor":24,"key":"Smiling Mask"},{"floor":26,"key":"Darkstone Periapt"},{"floor":31,"key":"Letter Opener"},{"floor":40,"key":"Dodecahedron"},{"floor":43,"key":"Bottled Flame"},{"floor":45,"key":"Toxic Egg 2"}],"event_choices":[{"damage_healed":0.0,"max_hp_gain":0.0,"max_hp_loss":0.0,"gold_gain":0.0,"event_name":"Accursed Blacksmith","player_choice":"Forge","floor":3.0,"gold_loss":0.0,"damage_taken":0.0,"cards_upgraded":["Anger"]},{"damage_healed":0.0,"max_hp_gain":0.0,"max_hp_loss":0.0,"gold_gain":175.0,"event_name":"Liars Game","player_choice":"AGREE","floor":10.0,"gold_loss":0.0,"damage_taken":0.0,"cards_obtained":["Doubt"]},{"damage_healed":0,"gold_gain":0,"player_choice":"Obtained Relic","damage_taken":0,"relics_obtained":["Self Forming Clay"],"max_hp_gain":0,"max_hp_loss":0,"event_name":"Addict","floor":19,"gold_loss":85},{"cards_removed":["Strike_R"],"damage_healed":0,"gold_gain":0,"player_choice":"Gave Gold","damage_taken":0,"max_hp_gain":0,"max_hp_loss":0,"event_name":"Beggar","floor":22,"gold_loss":75},{"cards_removed":["Armaments"],"damage_healed":0,"gold_gain":0,"player_choice":"Removed Skill","damage_taken":0,"max_hp_gain":0,"max_hp_loss":0,"event_name":"Falling","floor":37,"gold_loss":0},{"damage_healed":0,"gold_gain":0,"player_choice":"Max HP","damage_taken":0,"max_hp_gain":0,"max_hp_loss":4,"event_name":"Winding Halls","floor":39,"gold_loss":0},{"damage_healed":0,"gold_gain":0,"player_choice":"Ignored","damage_taken":0,"max_hp_gain":0,"max_hp_loss":0,"event_name":"Mysterious Sphere","floor":41,"gold_loss":0},{"damage_healed":59,"gold_gain":0,"player_choice":"Heal","damage_taken":0,"max_hp_gain":0,"max_hp_loss":0,"event_name":"MindBloom","floor":46,"gold_loss":0,"cards_obtained":["Doubt"]},{"damage_healed":0,"gold_gain":0,"player_choice":"Paid","damage_taken":0,"relics_obtained":["Red Mask"],"max_hp_gain":0,"max_hp_loss":0,"event_name":"Tomb of Lord Red Mask","floor":48,"gold_loss":18}],"is_beta":false,"boss_relics":[{"not_picked":["Eternal Feather","Orrery"],"picked":"Ectoplasm"},{"not_picked":["Sozu","Runic Cube"],"picked":"Black Blood"}],"items_purged_floors":[20,30,36],"is_endless":false,"potions_floor_spawned":[1,2,6,13,14,16,21,28,29,33,40,45,47],"ascension_level":6}