{"gold_per_floor":[14,30,205,11,11,36,36,54,54,66,96,107,107],"floor_reached":13,"playtime":541,"items_purged":[],"score":85,"play_id":"67c741dc-349e-4e94-8663-b2a3ef4e66d2","local_time":"20190420141859","is_ascension_mode":false,"campfire_choices":[{"data":"Fusion","floor":7,"key":"SMITH"}],"neow_cost":"NO_GOLD","seed_source_timestamp":360714725071466,"circlet_count":0,"master_deck":["Strike_B","Strike_B","Strike_B","Strike_B","Defend_B","Defend_B","Defend_B","Defend_B","Zap","Dualcast","Good Instincts","Forethought","Fusion+1","Capacitor","Infinite Blades","Pommel Strike"],"relics":["Cracked Core","PrismaticShard","The Courier","Orichalcum","Shuriken"],"potions_floor_usage":[10,10,12],"damage_taken":[{"damage":0,"enemies":"Small Slimes","floor":1,"turns":2},{"damage":6,"enemies":"Jaw Worm","floor":2,"turns":4},{"damage":30,"enemies":"Lagavulin","floor":6,"turns":8},{"damage":0,"enemies":"2 Louse","floor":8,"turns":2},{"damage":2,"enemies":"Large Slime","floor":10,"turns":5},{"damage":6,"enemies":"Lots of Slimes","floor":12,"turns":5},{"damage":31,"enemies":"Gremlin Nob","floor":13,"turns":4}],"seed_played":"-1295736626731639308","potions_obtained":[{"floor":2,"key":"Explosive Potion"},{"floor":6,"key":"Weak Potion"},{"floor":10,"key":"Swift Potion"}],"is_trial":false,"path_per_floor":["M","M","?","$","?","E","R","M","T","M","?","M","E"],"character_chosen":"DEFECT","items_purchased":["PrismaticShard"],"campfire_rested":0,"item_purchase_floors":[4],"current_hp_per_floor":[75,69,69,69,69,39,39,39,39,37,37,31,0],"gold":107,"neow_bonus":"RANDOM_COLORLESS_2","is_prod":false,"is_daily":false,"chose_seed":false,"campfire_upgraded":1,"win_rate":0,"timestamp":1555784339,"path_taken":["M","M","?","$","?","E","R","M","T","M","?","M","E"],"build_version":"2019-01-23","purchased_purges":0,"victory":false,"max_hp_per_floor":[75,75,75,75,75,75,75,75,75,75,75,75,75],"card_choices":[{"not_picked":["Hello World","Cold Snap"],"picked":"Fusion","floor":1},{"not_picked":["Steam","Compile Driver"],"picked":"Capacitor","floor":2},{"not_picked":["Catalyst","Dark Shackles"],"picked":"Infinite Blades","floor":6},{"not_picked":["Darkness","Sword Boomerang","Clothesline"],"picked":"SKIP","floor":8},{"not_picked":["Sunder","Forethought","True Grit"],"picked":"SKIP","floor":10},{"not_picked":["BootSequence","Poisoned Stab"],"picked":"Pommel Strike","floor":12}],"player_experience":323661,"relics_obtained":[{"floor":6,"key":"The Courier"},{"floor":9,"key":"Orichalcum"}],"event_choices":[{"damage_healed":0,"gold_gain":175,"player_choice":"AGREE","damage_taken":0,"max_hp_gain":0,"max_hp_loss":0,"event_name":"Liars Game","floor":3,"gold_loss":0,"cards_obtained":["Doubt"]},{"cards_removed":["Doubt"],"damage_healed":0,"gold_gain":0,"player_choice":"Forget","damage_taken":0,"max_hp_gain":0,"max_hp_loss":0,"event_name":"Living Wall","floor":5,"gold_loss":0},{"damage_healed":0,"gold_gain":30,"player_choice":"Searched \u00272\u0027 times","damage_taken":0,"relics_obtained":["Shuriken"],"max_hp_gain":0,"max_hp_loss":0,"event_name":"Dead Adventurer","floor":11,"gold_loss":0}],"is_beta":false,"boss_relics":[],"items_purged_floors":[],"is_endless":false,"potions_floor_spawned":[2,6,10],"killed_by":"Gremlin Nob","ascension_level":0}