{"gold_per_floor":[114,114,66,66,15,15,30,40,67,67,82,82,108,128,128,253,253,267,207],"floor_reached":19,"playtime":457,"items_purged":[],"score":228,"play_id":"280336ea-7e3d-4295-89ae-c0066c3db69d","local_time":"20190227001314","is_ascension_mode":true,"campfire_choices":[{"data":"Zap","floor":6,"key":"SMITH"},{"data":"Defragment","floor":10,"key":"SMITH"},{"data":"Go for the Eyes","floor":15,"key":"SMITH"}],"neow_cost":"NONE","seed_source_timestamp":383640194194400,"circlet_count":0,"master_deck":["Strike_B","Strike_B","Strike_B","Defend_B","Defend_B","Defend_B","Defend_B","Zap+1","Dualcast","Go for the Eyes+1","Steam","Compile Driver","Conserve Battery","Defragment+1","Streamline","Injury","Rebound","Creative AI","Skim+1"],"relics":["Cracked Core","Juzu Bracelet","Golden Idol","PreservedInsect","Inserter"],"potions_floor_usage":[16,18,18,19],"damage_taken":[{"damage":13,"enemies":"2 Louse","floor":1,"turns":3},{"damage":0,"enemies":"Jaw Worm","floor":7,"turns":3},{"damage":0,"enemies":"Small Slimes","floor":8,"turns":3},{"damage":0,"enemies":"2 Fungi Beasts","floor":11,"turns":3},{"damage":2,"enemies":"Large Slime","floor":14,"turns":4},{"damage":43,"enemies":"Hexaghost","floor":16,"turns":12},{"damage":51,"enemies":"3 Byrds","floor":18,"turns":6},{"damage":10,"enemies":"2 Thieves","floor":19,"turns":2}],"seed_played":"-4758080340226349332","potions_obtained":[{"floor":1,"key":"Swift Potion"},{"floor":14,"key":"FocusPotion"},{"floor":16,"key":"Dexterity Potion"},{"floor":18,"key":"Block Potion"}],"is_trial":false,"path_per_floor":["M","?","?","?","$","R","M","M","T","R","M","?","T","M","R","B",null,"M","M"],"character_chosen":"DEFECT","items_purchased":["Compile Driver"],"campfire_rested":0,"item_purchase_floors":[5],"current_hp_per_floor":[55,55,55,48,48,48,48,48,48,48,48,48,48,46,46,3,57,6,0],"gold":207,"neow_bonus":"THREE_CARDS","is_prod":false,"is_daily":false,"chose_seed":false,"campfire_upgraded":3,"win_rate":0,"timestamp":1551244394,"path_taken":["M","?","?","?","$","R","M","M","T","R","M","?","?","M","R","BOSS","M","M"],"build_version":"2019-01-23","purchased_purges":0,"victory":false,"max_hp_per_floor":[75,75,75,75,75,75,75,75,75,75,75,75,75,75,75,75,75,75,75],"card_choices":[{"not_picked":["Coolheaded","Turbo"],"picked":"Go for the Eyes","floor":0},{"not_picked":["Chaos","Auto Shields"],"picked":"Steam","floor":1},{"not_picked":["Chaos","Redo"],"picked":"Conserve Battery","floor":7},{"not_picked":["Blizzard","Leap"],"picked":"Defragment","floor":8},{"not_picked":["Hologram","Leap"],"picked":"Streamline","floor":11},{"not_picked":["Hologram","Conserve Battery"],"picked":"Rebound","floor":14},{"not_picked":["Multi-Cast","Fission"],"picked":"Creative AI","floor":16},{"not_picked":["Melter","Conserve Battery+1"],"picked":"Skim+1","floor":18}],"player_experience":494282,"relics_obtained":[{"floor":9,"key":"Juzu Bracelet"},{"floor":13,"key":"PreservedInsect"}],"event_choices":[{"damage_healed":0,"gold_gain":0,"player_choice":"Leave","damage_taken":0,"max_hp_gain":0,"max_hp_loss":0,"event_name":"The Cleric","floor":2,"gold_loss":0},{"damage_healed":0,"gold_gain":0,"player_choice":"Left Gold","damage_taken":0,"max_hp_gain":0,"max_hp_loss":0,"event_name":"World of Goop","floor":3,"gold_loss":48},{"cards_removed":["Strike_B"],"damage_healed":0,"gold_gain":0,"player_choice":"Card Removal","damage_taken":7,"max_hp_gain":0,"max_hp_loss":0,"event_name":"Golden Wing","floor":4,"gold_loss":0},{"damage_healed":0,"gold_gain":0,"player_choice":"Take Wound","damage_taken":0,"relics_obtained":["Golden Idol"],"max_hp_gain":0,"max_hp_loss":0,"event_name":"Golden Idol","floor":12,"gold_loss":0,"cards_obtained":["Injury"]}],"is_beta":false,"boss_relics":[{"not_picked":["Coffee Dripper","Empty Cage"],"picked":"Inserter"}],"items_purged_floors":[],"is_endless":false,"potions_floor_spawned":[1,14,16,18],"killed_by":"2 Thieves","ascension_level":9}