{"path_per_floor":["M","M","?","M","M","E","R","M","T","$","?","M","R","?","R","B",null,"M","?","?","M","M","R","?","R","T","E","$"],"character_chosen":"THE_SILENT","items_purchased":["Singing Bowl","Poisoned Stab"],"gold_per_floor":[111,123,123,136,155,188,188,200,200,18,94,106,106,106,106,210,210,227,177,177,193,210,210,135,135,213,242,192],"floor_reached":29,"campfire_rested":2,"playtime":1038,"current_hp_per_floor":[70,70,58,56,48,42,42,42,42,42,42,42,42,42,42,13,72,45,45,69,39,17,39,39,61,61,4,4],"items_purged":["Strike_G"],"gold":192,"score":243,"play_id":"eaa47373-1025-4f86-8e68-98073ce6501e","is_prod":false,"is_daily":false,"is_ascension_mode":false,"campfire_upgraded":3,"path_taken":["M","M","?","M","M","E","R","M","T","$","?","M","R","?","R","BOSS","M","?","?","M","M","R","?","R","T","E","$","E"],"build_version":"2018-02-15-PROD1","purchased_purges":1,"victory":false,"master_deck":["Defend_G","Defend_G","Defend_G","Defend_G","Defend_G","Strike_G","Strike_G","Strike_G","Survivor","Neutralize","Tactician","Poisoned Stab+1","Blade Dance","Backstab","Deadly Poison+1","Poisoned Stab","Catalyst+1","Bane"],"max_hp_per_floor":[70,70,70,70,70,70,70,70,70,70,70,70,70,70,70,72,72,72,72,72,74,76,76,76,76,76,78,78],"relics":["Ring of the Snake","Letter Opener","Bottled Flame","Ginger","Singing Bowl","Question Card","Smiling Mask","Art of War"],"card_choices":[{"not_picked":["Sucker Punch","Dagger Throw"],"picked":"Poisoned Stab"},{"not_picked":["Flechettes","Dash"],"picked":"Blade Dance"},{"not_picked":["PiercingWail","Masterful Stab"],"picked":"Backstab"},{"not_picked":["Escape Plan","Outmaneuver"],"picked":"Deadly Poison"},{"not_picked":["Underhanded Strike","Dodge and Roll"],"picked":"Catalyst"},{"not_picked":["Blade Dance","Cloak And Dagger","Dagger Throw"],"picked":"Bane"}],"player_experience":108324,"potions_floor_usage":[6,16,21,27,27],"damage_taken":[{"damage":0,"enemies":"2 Louse","floor":1,"turns":4},{"damage":0,"enemies":"Jaw Worm","floor":2,"turns":5},{"damage":2,"enemies":"Small Slimes","floor":4,"turns":4},{"damage":8,"enemies":"Blue Slaver","floor":5,"turns":5},{"damage":6,"enemies":"3 Sentries","floor":6,"turns":7},{"damage":0,"enemies":"Large Slime","floor":8,"turns":5},{"damage":0,"enemies":"2 Fungi Beasts","floor":12,"turns":5},{"damage":31,"enemies":"Slime Boss","floor":16,"turns":12},{"damage":27,"enemies":"Shell Parasite","floor":18,"turns":7},{"damage":32,"enemies":"Spheric Guardian","floor":21,"turns":5},{"damage":24,"enemies":"Snake Plant","floor":22,"turns":6},{"damage":74,"enemies":"Slavers","floor":27,"turns":9},{"damage":10,"enemies":"Gremlin Leader","floor":29,"turns":2}],"event_choices":[{"event_name":"Scrap Ooze","player_choice":"success","floor":3,"damage_taken":12},{"event_name":"Golden Wing","player_choice":"Gained Gold","floor":11,"damage_taken":0},{"event_name":"Dead Adventurer","player_choice":"Searched \u00271\u0027 times","floor":14,"damage_taken":0},{"event_name":"The Joust","player_choice":"Bet on Murderer","floor":19,"damage_taken":0},{"event_name":"The Library","player_choice":"Heal","floor":20,"damage_taken":0},{"event_name":"Beggar","player_choice":"Gave Gold","floor":24,"damage_taken":0}],"boss_relics":[{"not_picked":["Velvet Choker","Eternal Feather"],"picked":"Question Card"}],"potions_floor_spawned":[5,8,16,18,21],"seed_played":"2172571651351569764","killed_by":"Gremlin Leader","ascension_level":0,"is_trial":false}