{"path_per_floor":["M","M","?","M","M","R","E","M","T","M","R","$","R","M","R","B",null,"M","$","?","$","M","R","M","R","T","M","M","M","M"],"character_chosen":"IRONCLAD","items_purchased":["Flex","Lantern","Pummel","Flex","Headbutt"],"gold_per_floor":[116,133,133,148,164,164,198,210,210,223,223,177,177,188,188,284,284,297,83,83,13,31,31,50,50,50,61,75,95,105],"floor_reached":31,"campfire_rested":2,"playtime":1649,"current_hp_per_floor":[66,61,61,61,40,40,15,21,21,11,35,35,59,58,58,24,80,67,67,67,67,73,73,42,42,42,33,20,14,15],"items_purged":[],"gold":105,"score":243,"play_id":"aacd0f17-b5df-42b1-9fc4-9a5c9a21f136","is_prod":false,"is_daily":false,"is_ascension_mode":false,"campfire_upgraded":4,"path_taken":["M","M","?","M","M","R","E","M","T","M","R","$","R","M","R","BOSS","M","$","?","$","M","R","M","R","T","?","M","M","M","M"],"build_version":"2018-02-15-PROD1","purchased_purges":1,"victory":false,"master_deck":["Strike_R","Strike_R","Strike_R","Strike_R","Strike_R","Defend_R","Defend_R","Defend_R","Defend_R","Bash+1","Twin Strike","Headbutt","Rampage+1","Warcry","Flex+1","Twin Strike","Bludgeon+1","Pummel","Flex+1","Headbutt","Berserk","Battle Trance","Heavy Blade"],"max_hp_per_floor":[80,80,80,80,80,80,80,80,80,80,80,80,80,80,80,80,80,80,80,80,80,80,80,80,80,80,80,80,80,80],"relics":["Burning Blood","Omamori","Ice Cream","Mark of Pain","Lantern","Self Forming Clay"],"card_choices":[{"not_picked":["Armaments","Rage"],"picked":"Twin Strike"},{"not_picked":["Dual Wield","Sword Boomerang"],"picked":"Headbutt"},{"not_picked":["Anger","Sever Soul"],"picked":"Rampage"},{"not_picked":["Brutality","Intimidate"],"picked":"Warcry"},{"not_picked":["Flame Barrier","Thunderclap"],"picked":"Twin Strike"},{"not_picked":["Juggernaut","Reaper"],"picked":"Bludgeon"},{"not_picked":["True Grit","Dual Wield"],"picked":"Berserk"},{"not_picked":["Reckless Charge","Armaments"],"picked":"Battle Trance"},{"not_picked":["Battle Trance","Rage"],"picked":"Heavy Blade"}],"player_experience":113322,"potions_floor_usage":[8,8,16,30,30,31],"damage_taken":[{"damage":20,"enemies":"2 Louse","floor":1,"turns":3},{"damage":11,"enemies":"Jaw Worm","floor":2,"turns":2},{"damage":6,"enemies":"Cultist","floor":4,"turns":3},{"damage":27,"enemies":"Gremlin Gang","floor":5,"turns":5},{"damage":31,"enemies":"Lagavulin","floor":7,"turns":6},{"damage":0,"enemies":"3 Louse","floor":8,"turns":1},{"damage":16,"enemies":"Lots of Slimes","floor":10,"turns":5},{"damage":7,"enemies":"Blue Slaver","floor":14,"turns":3},{"damage":40,"enemies":"Slime Boss","floor":16,"turns":9},{"damage":19,"enemies":"Shell Parasite","floor":18,"turns":3},{"damage":0,"enemies":"Spheric Guardian","floor":22,"turns":3},{"damage":37,"enemies":"3 Cultists","floor":24,"turns":6},{"damage":15,"enemies":"Centurion and Healer","floor":27,"turns":4},{"damage":19,"enemies":"Sentry and Sphere","floor":28,"turns":4},{"damage":12,"enemies":"3 Cultists","floor":29,"turns":4},{"damage":11,"enemies":"Cultist and Chosen","floor":30,"turns":3},{"damage":29,"enemies":"Slaver and Parasite","floor":31,"turns":3}],"event_choices":[{"event_name":"Liars Game","player_choice":"disagreed","floor":3,"damage_taken":0},{"event_name":"The Lab","player_choice":"Got Potions","floor":20,"damage_taken":0}],"boss_relics":[{"not_picked":["Black Star","Calling Bell"],"picked":"Mark of Pain"}],"potions_floor_spawned":[5,7,10,16,22,29,30],"seed_played":"-7601885111384281013","killed_by":"Slaver and Parasite","ascension_level":0,"is_trial":false}