{"gold_per_floor":[111,61,61,78,78,78,113,113,140,153,153,167,194,211,211,308,308,318,44,62,62,62,93,93,107,107,119,119,138,149,161,161,264,264,275,275,292,311,330,330,356,703,703,122,133,150,184,195,195,195],"floor_reached":51,"playtime":4680,"items_purged":["Regret","Parasite"],"score":892,"play_id":"5849b5d8-982f-426b-a2e3-b5e1ba0bb498","local_time":"20181220165531","is_ascension_mode":true,"campfire_choices":[{"data":"Conserve Battery","floor":6,"key":"SMITH"},{"data":"Zap","floor":8,"key":"SMITH"},{"data":"Loop","floor":11,"key":"SMITH"},{"data":"Doom and Gloom","floor":15,"key":"SMITH"},{"floor":28,"key":"REST"},{"floor":32,"key":"REST"},{"data":"Redo","floor":40,"key":"SMITH"},{"data":"Creative AI","floor":49,"key":"SMITH"}],"neow_cost":"NONE","seed_source_timestamp":5468512997900,"circlet_count":0,"master_deck":["Strike_B+1","Strike_B","Strike_B","Defend_B","Defend_B","Defend_B","Defend_B","Zap+1","Dualcast","Conserve Battery+1","Sweeping Beam","Loop+1","Cold Snap","Sunder","Doom and Gloom+1","Seek","Clumsy","Clumsy","Conserve Battery","Rip and Tear+1","Conserve Battery","Necronomicurse","Cold Snap","Redo+1","Turbo","Self Repair","Glacier+1","Multi-Cast","Leap+1","Sunder","Glacier+1","Reprogram+1","Auto Shields+1","Multi-Cast","Creative AI+1","Capacitor","Undo","Loop"],"relics":["Cracked Core","NeowsBlessing","Ancient Tea Set","Thread and Needle","Vajra","Strawberry","Lantern","Calling Bell","Pen Nib","Matryoshka","Pocketwatch","Runic Capacitor","Pear","Necronomicon","DataDisk","FossilizedHelix","Nuclear Battery","Torii","Old Coin","Whetstone","Question Card","Bag of Preparation","Sling","Gambling Chip"],"potions_floor_usage":[13,16,16,23,23,23,27,27,30,38,38,46,46],"damage_taken":[{"damage":0,"enemies":"2 Louse","floor":1,"turns":1},{"damage":0,"enemies":"Small Slimes","floor":4,"turns":1},{"damage":0,"enemies":"3 Sentries","floor":7,"turns":1},{"damage":3,"enemies":"Cultist","floor":10,"turns":3},{"damage":3,"enemies":"Large Slime","floor":12,"turns":4},{"damage":17,"enemies":"Gremlin Nob","floor":13,"turns":4},{"damage":2,"enemies":"2 Fungi Beasts","floor":14,"turns":3},{"damage":15,"enemies":"The Guardian","floor":16,"turns":11},{"damage":14,"enemies":"Spheric Guardian","floor":18,"turns":4},{"damage":12,"enemies":"3 Byrds","floor":20,"turns":4},{"damage":35,"enemies":"Slavers","floor":23,"turns":4},{"damage":8,"enemies":"Centurion and Healer","floor":25,"turns":4},{"damage":8,"enemies":"Snake Plant","floor":27,"turns":3},{"damage":15,"enemies":"Shelled Parasite and Fungi","floor":29,"turns":3},{"damage":0,"enemies":"Snecko","floor":30,"turns":3},{"damage":0,"enemies":"Centurion and Healer","floor":31,"turns":5},{"damage":2,"enemies":"Champ","floor":33,"turns":12},{"damage":8,"enemies":"3 Shapes","floor":35,"turns":4},{"damage":0,"enemies":"Orb Walker","floor":37,"turns":2},{"damage":0,"enemies":"Jaw Worm Horde","floor":38,"turns":3},{"damage":12,"enemies":"4 Shapes","floor":39,"turns":3},{"damage":35,"enemies":"Reptomancer","floor":41,"turns":9},{"damage":17,"enemies":"2 Orb Walkers","floor":42,"turns":7},{"damage":0,"enemies":"Sphere and 2 Shapes","floor":45,"turns":4},{"damage":1,"enemies":"Maw","floor":46,"turns":7},{"damage":0,"enemies":"Nemesis","floor":47,"turns":11},{"damage":0,"enemies":"Transient","floor":48,"turns":5},{"damage":31,"enemies":"Time Eater","floor":50,"turns":16}],"seed_played":"5212667100555825652","potions_obtained":[{"floor":4,"key":"Explosive Potion"},{"floor":7,"key":"PowerPotion"},{"floor":10,"key":"AttackPotion"},{"floor":13,"key":"SneckoOil"},{"floor":16,"key":"Energy Potion"},{"floor":18,"key":"LiquidBronze"},{"floor":23,"key":"SpeedPotion"},{"floor":25,"key":"Explosive Potion"},{"floor":29,"key":"SkillPotion"},{"floor":35,"key":"EssenceOfSteel"},{"floor":37,"key":"SkillPotion"},{"floor":41,"key":"Energy Potion"},{"floor":42,"key":"AttackPotion"},{"floor":46,"key":"FairyPotion"}],"is_trial":false,"path_per_floor":["M","?","?","M","?","R","E","R","T","M","R","M","E","M","R","B",null,"M","$","M","?","?","E","?","M","T","M","R","M","M","M","R","B",null,"M","?","M","M","M","R","E","?","T","$","M","M","E","M","R","B",null],"character_chosen":"DEFECT","items_purchased":["Runic Capacitor","Multi-Cast","Bag of Preparation","Sling"],"campfire_rested":2,"item_purchase_floors":[19,44,44,44],"current_hp_per_floor":[75,75,75,75,75,75,75,75,82,79,79,76,59,57,57,42,82,68,68,56,40,69,44,28,20,20,12,41,26,26,33,62,67,97,96,96,96,97,85,85,57,47,47,47,54,60,67,74,74,50],"gold":195,"neow_bonus":"THREE_ENEMY_KILL","is_prod":false,"is_daily":false,"chose_seed":false,"campfire_upgraded":6,"win_rate":0,"timestamp":1545342931,"path_taken":["M","?","?","M","?","R","E","R","T","M","R","M","E","M","R","BOSS","M","$","M","?","?","E","?","M","T","M","R","M","M","M","R","BOSS","M","?","?","M","M","R","E","?","T","$","M","M","E","M","R","BOSS"],"build_version":"2018-12-13","purchased_purges":2,"victory":true,"max_hp_per_floor":[75,75,75,75,75,75,75,75,82,82,82,82,82,82,82,82,82,82,82,82,87,87,97,97,97,97,97,97,97,97,97,97,97,97,97,97,97,97,97,97,97,97,97,94,94,94,94,94,94,94],"card_choices":[{"not_picked":["Go for the Eyes","Hello World"],"picked":"Conserve Battery","floor":1},{"not_picked":["Beam Cell","Steam"],"picked":"Leap","floor":4},{"not_picked":["Barrage","Biased Cognition"],"picked":"Sweeping Beam","floor":7},{"not_picked":["Streamline","Barrage"],"picked":"Loop","floor":10},{"not_picked":["Melter","Barrage"],"picked":"Cold Snap","floor":12},{"not_picked":["Go for the Eyes","Steam Power"],"picked":"Sunder","floor":13},{"not_picked":["Compile Driver","Go for the Eyes"],"picked":"Doom and Gloom","floor":14},{"not_picked":["Fission","Rainbow"],"picked":"Seek","floor":16},{"not_picked":["Ball Lightning","Coolheaded"],"picked":"Conserve Battery","floor":18},{"not_picked":["Steam","Compile Driver"],"picked":"Rip and Tear","floor":20},{"not_picked":["Rebound","Blizzard"],"picked":"Conserve Battery","floor":23},{"not_picked":["Gash+1","Beam Cell+1"],"picked":"Cold Snap","floor":25},{"not_picked":["Hello World+1","Ball Lightning"],"picked":"Redo","floor":27},{"not_picked":["Scrape","Auto Shields"],"picked":"Turbo","floor":29},{"not_picked":["Conserve Battery","Turbo"],"picked":"Self Repair","floor":30},{"not_picked":["Genetic Algorithm","Storm"],"picked":"Glacier+1","floor":31},{"not_picked":["Rainbow","Reboot"],"picked":"Multi-Cast","floor":33},{"not_picked":["Sweeping Beam+1","Turbo+1"],"picked":"Leap+1","floor":35},{"not_picked":["Undo","White Noise"],"picked":"Glacier+1","floor":37},{"not_picked":["Barrage","Beam Cell","Lockon"],"picked":"SKIP","floor":38},{"not_picked":["Melter+1","Sweeping Beam","Streamline"],"picked":"SKIP","floor":39},{"not_picked":["Rip and Tear+1","Steam"],"picked":"Reprogram+1","floor":41},{"not_picked":["Scrape+1","Compile Driver+1"],"picked":"Auto Shields+1","floor":42},{"not_picked":["BootSequence+1","Leap+1","Stack+1"],"picked":"Creative AI","floor":45},{"not_picked":["Reinforced Body+1","Rebound","Turbo+1"],"picked":"Capacitor","floor":46},{"not_picked":["Cold Snap","Beam Cell+1","Conserve Battery"],"picked":"Undo","floor":47},{"not_picked":["Steam+1","Barrage","BootSequence"],"picked":"Loop","floor":48}],"player_experience":302889,"relics_obtained":[{"floor":7,"key":"Vajra"},{"floor":9,"key":"Strawberry"},{"floor":13,"key":"Lantern"},{"floor":17,"key":"Pen Nib"},{"floor":17,"key":"Matryoshka"},{"floor":17,"key":"Pocketwatch"},{"floor":23,"key":"Pear"},{"floor":24,"key":"Necronomicon"},{"floor":26,"key":"DataDisk"},{"floor":26,"key":"FossilizedHelix"},{"floor":41,"key":"Torii"},{"floor":42,"key":"Old Coin"},{"floor":43,"key":"Whetstone"},{"floor":43,"key":"Question Card"},{"floor":47,"key":"Gambling Chip"}],"event_choices":[{"cards_removed":["Strike_B"],"damage_healed":0,"gold_gain":0,"player_choice":"Card Removal","damage_taken":0,"max_hp_gain":0,"max_hp_loss":0,"event_name":"The Cleric","floor":2,"gold_loss":50},{"damage_healed":0,"gold_gain":0,"player_choice":"Box","damage_taken":0,"relics_obtained":["Ancient Tea Set"],"max_hp_gain":0,"max_hp_loss":0,"event_name":"Big Fish","floor":3,"gold_loss":0,"cards_obtained":["Regret"]},{"cards_removed":["Leap"],"damage_healed":0,"gold_gain":0,"player_choice":"Gave Card","damage_taken":0,"relics_obtained":["Thread and Needle"],"max_hp_gain":0,"max_hp_loss":0,"event_name":"WeMeetAgain","floor":5,"gold_loss":0},{"damage_healed":0,"gold_gain":0,"player_choice":"Shed Blood","damage_taken":21,"max_hp_gain":5,"max_hp_loss":0,"event_name":"Forgotten Altar","floor":21,"gold_loss":0},{"damage_healed":29,"gold_gain":0,"player_choice":"Heal","damage_taken":0,"max_hp_gain":0,"max_hp_loss":0,"event_name":"The Library","floor":22,"gold_loss":0},{"damage_healed":0,"gold_gain":0,"player_choice":"Obtained Book","damage_taken":16,"max_hp_gain":0,"max_hp_loss":0,"event_name":"Cursed Tome","floor":24,"gold_loss":0},{"damage_healed":0,"gold_gain":0,"player_choice":"Copied","damage_taken":0,"max_hp_gain":0,"max_hp_loss":0,"event_name":"Duplicator","floor":36,"gold_loss":0,"cards_obtained":["Sunder"]},{"damage_healed":0,"gold_gain":0,"player_choice":"Fight","damage_taken":0,"max_hp_gain":0,"max_hp_loss":0,"event_name":"Mysterious Sphere","floor":42,"gold_loss":0}],"is_beta":false,"boss_relics":[{"not_picked":["Runic Dome","Busted Crown"],"picked":"Calling Bell"},{"not_picked":["Philosopher\u0027s Stone","Tiny House"],"picked":"Nuclear Battery"}],"items_purged_floors":[19,44],"is_endless":false,"potions_floor_spawned":[4,7,10,13,16,18,23,25,29,35,37,41,42,46],"ascension_level":2}