{"gold_per_floor":[113,113,130,130,147,164,164,177,177,206,206,238,75,87,87,189,189,206,226,244,244],"floor_reached":21,"playtime":669,"items_purged":[],"score":270,"play_id":"7d3dbd69-7875-4dc4-8dff-f54fa403f677","local_time":"20190304201551","is_ascension_mode":true,"campfire_choices":[{"data":"Body Slam","floor":7,"key":"SMITH"},{"data":"Demon Form","floor":15,"key":"SMITH"}],"neow_cost":"NONE","seed_source_timestamp":887614809733500,"circlet_count":0,"master_deck":["Strike_R","Strike_R+1","Strike_R","Strike_R","Strike_R","Defend_R","Defend_R","Defend_R+1","Defend_R","Bash","Iron Wave","Thunderclap","Wild Strike","Body Slam+1","Dropkick","Demon Form+1","Combust","Metallicize","Second Wind","Shrug It Off","Immolate+1","Rupture+1","Rampage+1"],"relics":["Burning Blood","NeowsBlessing","Paper Frog","Bird Faced Urn","Happy Flower","Molten Egg 2","Pantograph","Black Star"],"potions_floor_usage":[6,8,12,16,21],"damage_taken":[{"damage":0,"enemies":"Small Slimes","floor":1,"turns":1},{"damage":0,"enemies":"Jaw Worm","floor":3,"turns":1},{"damage":0,"enemies":"Cultist","floor":5,"turns":1},{"damage":6,"enemies":"Exordium Thugs","floor":6,"turns":5},{"damage":6,"enemies":"Gremlin Gang","floor":8,"turns":4},{"damage":8,"enemies":"Gremlin Nob","floor":10,"turns":3},{"damage":25,"enemies":"3 Sentries","floor":12,"turns":6},{"damage":6,"enemies":"Looter","floor":14,"turns":3},{"damage":31,"enemies":"The Guardian","floor":16,"turns":10},{"damage":39,"enemies":"Shell Parasite","floor":18,"turns":6},{"damage":25,"enemies":"Spheric Guardian","floor":19,"turns":5},{"damage":39,"enemies":"Chosen and Byrds","floor":20,"turns":6},{"damage":14,"enemies":"Colosseum Slavers","floor":21,"turns":1}],"seed_played":"6566638961698879302","potions_obtained":[{"floor":3,"key":"Energy Potion"},{"floor":5,"key":"Strength Potion"},{"floor":10,"key":"PowerPotion"},{"floor":12,"key":"Block Potion"},{"floor":18,"key":"GamblersBrew"}],"is_trial":false,"path_per_floor":["M","?","M","T","M","M","R","M","T","E","T","E","$","M","R","B",null,"M","M","M","?"],"character_chosen":"IRONCLAD","items_purchased":["Metallicize","Second Wind","Shrug It Off"],"campfire_rested":0,"item_purchase_floors":[13,13,13],"current_hp_per_floor":[78,62,68,68,74,74,74,74,74,72,72,57,57,59,59,59,75,44,33,8,0],"gold":244,"neow_bonus":"THREE_ENEMY_KILL","is_prod":false,"is_daily":false,"chose_seed":false,"campfire_upgraded":2,"win_rate":0,"timestamp":1551748551,"path_taken":["M","?","M","?","M","?","R","M","T","E","?","E","?","M","R","BOSS","M","?","M","?"],"build_version":"2019-01-23","purchased_purges":0,"victory":false,"max_hp_per_floor":[80,80,80,80,80,80,80,80,80,80,80,80,80,80,80,80,80,80,80,80,80],"card_choices":[{"not_picked":["Armaments","Rage"],"picked":"Iron Wave","floor":1},{"not_picked":["Body Slam","True Grit"],"picked":"Thunderclap","floor":3},{"not_picked":["Battle Trance","Rage"],"picked":"Wild Strike","floor":5},{"not_picked":["True Grit","Heavy Blade"],"picked":"Body Slam","floor":6},{"not_picked":["True Grit","Sword Boomerang"],"picked":"Dropkick","floor":8},{"not_picked":["Headbutt","Havoc"],"picked":"Demon Form","floor":10},{"not_picked":["Carnage+1","Searing Blow+1"],"picked":"Combust","floor":12},{"not_picked":["Flex","Anger+1","Cleave+1"],"picked":"SKIP","floor":14},{"not_picked":["Exhume","Bludgeon+1"],"picked":"Immolate+1","floor":16},{"not_picked":["Twin Strike+1","Pummel+1"],"picked":"Rupture+1","floor":18},{"not_picked":["Dropkick+1","Flex","Anger+1"],"picked":"SKIP","floor":19},{"not_picked":["Feel No Pain","Headbutt+1"],"picked":"Rampage+1","floor":20}],"player_experience":515187,"relics_obtained":[{"floor":4,"key":"Paper Frog"},{"floor":9,"key":"Bird Faced Urn"},{"floor":10,"key":"Happy Flower"},{"floor":11,"key":"Molten Egg 2"},{"floor":12,"key":"Pantograph"}],"event_choices":[{"damage_healed":0,"gold_gain":0,"player_choice":"Entered Light","damage_taken":16,"max_hp_gain":0,"max_hp_loss":0,"event_name":"Shining Light","floor":2,"gold_loss":0,"cards_upgraded":["Strike_R","Defend_R"]},{"damage_healed":0,"gold_gain":0,"player_choice":"Fight","damage_taken":0,"max_hp_gain":0,"max_hp_loss":0,"event_name":"Colosseum","floor":21,"gold_loss":0}],"is_beta":false,"boss_relics":[{"not_picked":["Fusion Hammer","Velvet Choker"],"picked":"Black Star"}],"items_purged_floors":[],"is_endless":false,"potions_floor_spawned":[3,5,10,12,18],"killed_by":"Colosseum Slavers","ascension_level":8}