{"gold_per_floor":[110,125,200,200,215,234,247,247,247,272,272,297,310,323,323,428,428,442,156,156,187,187,187,216,231,280,280,299,325,344,354,354,450,450,463,262,275,20,38,58,158,158,158,173,207,207,227,246,246,246],"floor_reached":51,"playtime":3563,"items_purged":[],"score":733,"play_id":"25421b20-3157-44d0-9dea-636baefca880","local_time":"20190119142910","is_ascension_mode":false,"campfire_choices":[{"data":"Conserve Battery","floor":8,"key":"SMITH"},{"floor":15,"key":"REST"},{"floor":23,"key":"DIG"},{"floor":27,"key":"REST"},{"data":"Defragment","floor":32,"key":"SMITH"},{"data":"1","floor":42,"key":"LIFT"},{"data":"2","floor":46,"key":"LIFT"},{"floor":49,"key":"REST"}],"neow_cost":"NONE","seed_source_timestamp":11699815887371,"circlet_count":0,"master_deck":["Strike_B+1","Strike_B+1","Strike_B+1","Defend_B+1","Defend_B+1","Defend_B+1","Defend_B+1","Zap+1","Dualcast","Rebound","Hologram","Coolheaded","Sweeping Beam","Leap","Conserve Battery+1","Genetic Algorithm+1","Defragment+1","Ball Lightning","Machine Learning","Streamline+1","Conserve Battery+1","Gash+1","Cold Snap+1","Gash+1","Sweeping Beam+1","Ball Lightning+1","Skim","Seek","Steam+1","Go for the Eyes+1","Ball Lightning+1","Force Field","Go for the Eyes+1","Conserve Battery+1","Leap+1","Defragment+1","Cold Snap+1","Double Energy+1"],"relics":["Cracked Core","DataDisk","Boot","Nunchaku","Blue Candle","Sozu","Shovel","Red Mask","Frozen Egg 2","The Courier","Molten Egg 2","War Paint","Turnip","Inserter","Sling","Membership Card","Pen Nib","Girya","Question Card","Bronze Scales"],"potions_floor_usage":[6,10,16,21,48,50],"damage_taken":[{"damage":1,"enemies":"2 Louse","floor":1,"turns":3},{"damage":1,"enemies":"Cultist","floor":2,"turns":3},{"damage":6,"enemies":"Jaw Worm","floor":5,"turns":3},{"damage":11,"enemies":"Blue Slaver","floor":6,"turns":3},{"damage":7,"enemies":"2 Fungi Beasts","floor":7,"turns":4},{"damage":9,"enemies":"Gremlin Nob","floor":10,"turns":4},{"damage":2,"enemies":"3 Sentries","floor":12,"turns":8},{"damage":12,"enemies":"Gremlin Gang","floor":13,"turns":4},{"damage":5,"enemies":"Looter","floor":14,"turns":3},{"damage":19,"enemies":"Hexaghost","floor":16,"turns":13},{"damage":8,"enemies":"Spheric Guardian","floor":18,"turns":5},{"damage":21,"enemies":"Masked Bandits","floor":21,"turns":5},{"damage":2,"enemies":"Book of Stabbing","floor":24,"turns":6},{"damage":0,"enemies":"Shell Parasite","floor":25,"turns":5},{"damage":13,"enemies":"Snake Plant","floor":28,"turns":4},{"damage":3,"enemies":"Slavers","floor":29,"turns":6},{"damage":5,"enemies":"Shelled Parasite and Fungi","floor":30,"turns":4},{"damage":2,"enemies":"Cultist and Chosen","floor":31,"turns":4},{"damage":23,"enemies":"Champ","floor":33,"turns":10},{"damage":12,"enemies":"3 Shapes","floor":35,"turns":3},{"damage":8,"enemies":"Orb Walker","floor":37,"turns":3},{"damage":0,"enemies":"Sphere and 2 Shapes","floor":39,"turns":5},{"damage":9,"enemies":"Maw","floor":40,"turns":7},{"damage":0,"enemies":"Mind Bloom Boss Battle","floor":41,"turns":7},{"damage":10,"enemies":"3 Darklings","floor":44,"turns":4},{"damage":7,"enemies":"Nemesis","floor":45,"turns":7},{"damage":0,"enemies":"Transient","floor":47,"turns":5},{"damage":12,"enemies":"4 Shapes","floor":48,"turns":4},{"damage":21,"enemies":"Awakened One","floor":50,"turns":12}],"seed_played":"-1939253875328927333","potions_obtained":[{"floor":1,"key":"SpeedPotion"},{"floor":5,"key":"Swift Potion"},{"floor":7,"key":"PowerPotion"},{"floor":13,"key":"Block Potion"},{"floor":14,"key":"Swift Potion"},{"floor":16,"key":"Block Potion"}],"is_trial":false,"path_per_floor":["M","M","?","?","M","M","M","R","T","E","T","E","M","M","R","B",null,"M","$","?","?","T","R","E","M","T","R","M","E","M","M","R","B",null,"M","$","M","$","M","M","?","R","T","M","E","R","M","M","R","B",null],"character_chosen":"DEFECT","items_purchased":["Shovel","Sling","Go for the Eyes+1","Membership Card","Pen Nib","Ball Lightning+1","Force Field"],"campfire_rested":3,"item_purchase_floors":[19,36,36,38,38,38,38],"current_hp_per_floor":[81,80,69,69,63,52,45,45,45,36,36,34,22,17,41,22,82,74,74,74,53,53,53,51,51,51,75,62,59,54,52,52,29,82,70,70,62,62,62,53,53,53,53,43,36,36,36,24,48,27],"gold":246,"neow_bonus":"TEN_PERCENT_HP_BONUS","is_prod":false,"is_daily":false,"chose_seed":false,"campfire_upgraded":2,"win_rate":0,"timestamp":1547926150,"path_taken":["M","M","?","?","?","M","M","R","T","E","?","E","M","M","R","BOSS","M","$","?","?","?","R","E","M","T","R","M","E","M","M","R","BOSS","M","$","M","$","?","M","?","R","T","M","E","R","M","M","R","BOSS"],"build_version":"2019-01-17v2","purchased_purges":0,"victory":true,"max_hp_per_floor":[82,82,82,82,82,82,82,82,82,82,82,82,82,82,82,82,82,82,82,82,82,82,82,82,82,82,82,82,82,82,82,82,82,82,82,82,82,82,82,82,82,82,82,82,82,82,82,82,82,82],"card_choices":[{"not_picked":["Undo","Sweeping Beam"],"picked":"Rebound","floor":1},{"not_picked":["Chaos","Undo"],"picked":"Hologram","floor":2},{"not_picked":["Coolheaded","Storm"],"picked":"Sweeping Beam","floor":5},{"not_picked":["Sunder","Skim"],"picked":"Leap","floor":6},{"not_picked":["Double Energy","Tempest"],"picked":"Conserve Battery","floor":7},{"not_picked":["White Noise","Storm"],"picked":"Genetic Algorithm","floor":10},{"not_picked":["Static Discharge","Fusion"],"picked":"Defragment","floor":12},{"not_picked":["Auto Shields","Skim","Storm"],"picked":"SKIP","floor":13},{"not_picked":["Hologram","Leap"],"picked":"Ball Lightning","floor":14},{"not_picked":["Hyperbeam","Core Surge"],"picked":"Machine Learning","floor":16},{"not_picked":["Melter","Recycle"],"picked":"Streamline+1","floor":18},{"not_picked":["Go for the Eyes","Consume+1"],"picked":"Conserve Battery+1","floor":21},{"not_picked":["Rip and Tear+1","Aggregate"],"picked":"Gash+1","floor":24},{"not_picked":["Lockon+1","Blizzard+1"],"picked":"Cold Snap+1","floor":25},{"not_picked":["Melter+1","Redo"],"picked":"Gash+1","floor":28},{"not_picked":["Reboot","Compile Driver+1"],"picked":"Sweeping Beam+1","floor":29},{"not_picked":["Reprogram","Rip and Tear+1"],"picked":"Ball Lightning+1","floor":30},{"not_picked":["Genetic Algorithm","Stack"],"picked":"Skim","floor":31},{"not_picked":["Biased Cognition+1","Creative AI+1"],"picked":"Seek","floor":33},{"not_picked":["Sweeping Beam+1","Storm+1"],"picked":"Steam+1","floor":35},{"not_picked":["Stack","Coolheaded","Skim"],"picked":"SKIP","floor":37},{"not_picked":["Steam","Chaos+1","Chill+1"],"picked":"SKIP","floor":39},{"not_picked":["Capacitor+1","Reinforced Body"],"picked":"Go for the Eyes+1","floor":40},{"not_picked":["Darkness","Thunder Strike+1"],"picked":"Conserve Battery+1","floor":41},{"not_picked":["Scrape+1","Lockon+1","Streamline+1"],"picked":"Leap+1","floor":44},{"not_picked":["Gash+1","Doom and Gloom+1","All For One+1"],"picked":"Defragment+1","floor":45},{"not_picked":["Redo","Go for the Eyes+1","Streamline+1"],"picked":"Cold Snap+1","floor":47},{"not_picked":["Barrage+1","Sweeping Beam+1","Go for the Eyes+1"],"picked":"Double Energy+1","floor":48}],"player_experience":150383,"relics_obtained":[{"floor":9,"key":"DataDisk"},{"floor":10,"key":"Boot"},{"floor":11,"key":"Nunchaku"},{"floor":12,"key":"Blue Candle"},{"floor":21,"key":"Red Mask"},{"floor":22,"key":"Frozen Egg 2"},{"floor":23,"key":"The Courier"},{"floor":24,"key":"Molten Egg 2"},{"floor":26,"key":"War Paint"},{"floor":29,"key":"Turnip"},{"floor":41,"key":"Girya"},{"floor":43,"key":"Question Card"},{"floor":45,"key":"Bronze Scales"}],"event_choices":[{"damage_healed":0,"gold_gain":75,"player_choice":"Gather Gold","damage_taken":11,"max_hp_gain":0,"max_hp_loss":0,"event_name":"World of Goop","floor":3,"gold_loss":0},{"damage_healed":0,"gold_gain":0,"cards_transformed":["Strike_B"],"player_choice":"Transformed","damage_taken":0,"max_hp_gain":0,"max_hp_loss":0,"event_name":"Transmorgrifier","floor":4,"gold_loss":0,"cards_obtained":["Coolheaded"]},{"damage_healed":0,"gold_gain":0,"player_choice":"Simplicity","damage_taken":0,"max_hp_gain":0,"max_hp_loss":0,"event_name":"Back to Basics","floor":20,"gold_loss":0,"cards_upgraded":["Strike_B","Strike_B","Strike_B","Defend_B","Defend_B","Defend_B","Defend_B"]},{"damage_healed":0,"gold_gain":0,"player_choice":"Fought Bandits","damage_taken":0,"max_hp_gain":0,"max_hp_loss":0,"event_name":"Masked Bandits","floor":21,"gold_loss":0},{"damage_healed":0,"gold_gain":0,"player_choice":"Fight","damage_taken":0,"max_hp_gain":0,"max_hp_loss":0,"event_name":"MindBloom","floor":41,"gold_loss":0}],"is_beta":false,"boss_relics":[{"not_picked":["Ectoplasm","White Beast Statue"],"picked":"Sozu"},{"not_picked":["Coffee Dripper","Tiny House"],"picked":"Inserter"}],"items_purged_floors":[],"is_endless":false,"potions_floor_spawned":[1,5,7,13,14,16,18,24,25,28,30,37,40,44,47],"ascension_level":0}