{"gold_per_floor":[112,129,139,139,15,15,25,57,133,146,146,146,173,193,193,289,289,301,319,334,113,128,128,156,168,168,168],"floor_reached":27,"playtime":2512,"items_purged":["Pain"],"score":321,"play_id":"708e35cb-4db0-40cb-b596-cc0fc4a5e692","local_time":"20190316053247","is_ascension_mode":true,"campfire_choices":[{"floor":6,"key":"REST"},{"floor":11,"key":"REST"},{"floor":15,"key":"REST"},{"floor":23,"key":"REST"}],"neow_cost":"CURSE","seed_source_timestamp":282759989556605,"circlet_count":0,"master_deck":["Defend_G","Defend_G","Defend_G","Defend_G","Defend_G","Strike_G","Strike_G","Strike_G","Strike_G","Strike_G","Survivor","Neutralize","Regret","Adrenaline","Poisoned Stab","Flying Knee","Cloak And Dagger","Choke","Blade Dance","Leg Sweep","Noxious Fumes+1","Quick Slash","Dodge and Roll","After Image","Leg Sweep+1","Backflip","Dagger Throw","After Image","All Out Attack+1","Leg Sweep","Sucker Punch+1"],"relics":["Ring of the Snake","WarpedTongs","Girya","Mercury Hourglass","Regal Pillow","Sozu","WingedGreaves","Bottled Flame"],"potions_floor_usage":[16],"damage_taken":[{"damage":21,"enemies":"Jaw Worm","floor":1,"turns":9},{"damage":0,"enemies":"Cultist","floor":2,"turns":3},{"damage":2,"enemies":"2 Louse","floor":3,"turns":3},{"damage":3,"enemies":"Large Slime","floor":7,"turns":4},{"damage":25,"enemies":"Gremlin Nob","floor":8,"turns":4},{"damage":3,"enemies":"Red Slaver","floor":10,"turns":2},{"damage":23,"enemies":"Lagavulin","floor":13,"turns":5},{"damage":16,"enemies":"Exordium Thugs","floor":14,"turns":4},{"damage":26,"enemies":"Hexaghost","floor":16,"turns":10},{"damage":17,"enemies":"3 Byrds","floor":18,"turns":4},{"damage":7,"enemies":"Chosen","floor":19,"turns":4},{"damage":20,"enemies":"3 Cultists","floor":20,"turns":6},{"damage":0,"enemies":"Centurion and Healer","floor":22,"turns":7},{"damage":40,"enemies":"Gremlin Leader","floor":24,"turns":6},{"damage":8,"enemies":"Snake Plant","floor":25,"turns":5}],"seed_played":"-7881270931322595841","potions_obtained":[{"floor":1,"key":"GamblersBrew"},{"floor":7,"key":"PowerPotion"},{"floor":8,"key":"SkillPotion"},{"floor":10,"key":"Block Potion"},{"floor":16,"key":"Fire Potion"}],"is_trial":false,"path_per_floor":["?","M","?","?"],"character_chosen":"THE_SILENT","items_purchased":["Choke","Blade Dance","After Image"],"campfire_rested":4,"item_purchase_floors":[5,5,21],"current_hp_per_floor":[42,42,40,40,40,61,58,33,33,30,51,51,28,12,48,22,58,41,34,14,14,14,50,10,2,2,0],"gold":168,"neow_bonus":"THREE_RARE_CARDS","is_prod":false,"is_daily":false,"chose_seed":false,"campfire_upgraded":0,"win_rate":0,"timestamp":1552714367,"path_taken":["M","M","M","?","$","R","M","E","T","?","R","?","E","M","R","BOSS","M","M","M","$","M","R","E","M","T","?"],"build_version":"2019-01-23","purchased_purges":1,"victory":false,"max_hp_per_floor":[70,70,70,70,70,70,70,70,70,70,70,70,70,70,70,70,70,70,70,70,70,70,70,70,70,70,75],"card_choices":[{"not_picked":["Burst","Venomology"],"picked":"Adrenaline","floor":0},{"not_picked":["Deadly Poison","Outmaneuver"],"picked":"Poisoned Stab","floor":1},{"not_picked":["Underhanded Strike","Blade Dance"],"picked":"Flying Knee","floor":2},{"not_picked":["Flying Knee","Poisoned Stab"],"picked":"Cloak And Dagger","floor":3},{"not_picked":["Calculated Gamble","Die Die Die"],"picked":"Leg Sweep","floor":7},{"not_picked":["Flying Knee","Outmaneuver"],"picked":"Noxious Fumes","floor":8},{"not_picked":["Eviscerate","Bane"],"picked":"Quick Slash","floor":10},{"not_picked":["Flying Knee","Slice","Riddle With Holes"],"picked":"SKIP","floor":13},{"not_picked":["Deadly Poison","Sucker Punch"],"picked":"Dodge and Roll","floor":14},{"not_picked":["Tools of the Trade","Grand Finale"],"picked":"After Image","floor":16},{"not_picked":["Flying Knee+1","Dodge and Roll+1"],"picked":"Leg Sweep+1","floor":18},{"not_picked":["Infinite Blades","Bouncing Flask+1"],"picked":"Backflip","floor":19},{"not_picked":["Terror","Poisoned Stab"],"picked":"Dagger Throw","floor":20},{"not_picked":["Bane","Sucker Punch"],"picked":"All Out Attack+1","floor":22},{"not_picked":["Sucker Punch","Accuracy"],"picked":"Leg Sweep","floor":24},{"not_picked":["Quick Slash","Masterful Stab+1"],"picked":"Sucker Punch+1","floor":25}],"player_experience":222925,"relics_obtained":[{"floor":8,"key":"Girya"},{"floor":9,"key":"Mercury Hourglass"},{"floor":13,"key":"Regal Pillow"},{"floor":24,"key":"WingedGreaves"},{"floor":26,"key":"Bottled Flame"}],"event_choices":[{"damage_healed":0,"gold_gain":0,"player_choice":"Rummage","damage_taken":0,"relics_obtained":["WarpedTongs"],"max_hp_gain":0,"max_hp_loss":0,"event_name":"Accursed Blacksmith","floor":4,"gold_loss":0,"cards_obtained":["Pain"]},{"damage_healed":0,"gold_gain":0,"player_choice":"Grow","damage_taken":0,"max_hp_gain":0,"max_hp_loss":0,"event_name":"Living Wall","floor":12,"gold_loss":0,"cards_upgraded":["Noxious Fumes"]}],"is_beta":false,"boss_relics":[{"not_picked":["WristBlade","Calling Bell"],"picked":"Sozu"}],"items_purged_floors":[21],"is_endless":false,"potions_floor_spawned":[1,7,8,10,14,16,18,24],"ascension_level":6}