{"gold_per_floor":[109,127,127,127,145,145,185,185,211,235,235,254,254,267,267,267],"floor_reached":16,"playtime":406,"items_purged":[],"score":143,"play_id":"a4a6ad1f-b0a2-4528-a71e-dbc0c0eedf3a","local_time":"20190227002059","is_ascension_mode":true,"campfire_choices":[{"data":"Wild Strike","floor":6,"key":"SMITH"},{"data":"Combust","floor":8,"key":"SMITH"},{"data":"Bash","floor":15,"key":"SMITH"}],"neow_cost":"NONE","seed_source_timestamp":384156221827400,"circlet_count":0,"master_deck":["Strike_R","Strike_R","Strike_R","Strike_R","Strike_R","Defend_R","Defend_R","Defend_R","Bash+1","Wild Strike+1","Headbutt","Shrug It Off","Combust+1","Parasite","Impervious"],"relics":["Burning Blood","Golden Idol","Strawberry","Centennial Puzzle"],"potions_floor_usage":[10,14,16,16],"damage_taken":[{"damage":7,"enemies":"Small Slimes","floor":1,"turns":3},{"damage":7,"enemies":"2 Louse","floor":2,"turns":3},{"damage":0,"enemies":"Cultist","floor":5,"turns":2},{"damage":47,"enemies":"3 Sentries","floor":7,"turns":9},{"damage":14,"enemies":"Lots of Slimes","floor":10,"turns":2},{"damage":0,"enemies":"Large Slime","floor":12,"turns":4},{"damage":14,"enemies":"Exordium Thugs","floor":14,"turns":4},{"damage":57,"enemies":"The Guardian","floor":16,"turns":9}],"seed_played":"-6810588422940003812","potions_obtained":[{"floor":7,"key":"Swift Potion"},{"floor":10,"key":"AttackPotion"},{"floor":13,"key":"AttackPotion"},{"floor":13,"key":"PowerPotion"}],"is_trial":false,"path_per_floor":["M","M","?","?","M","R","E","R","T","M","?","M","?","M","R","B"],"character_chosen":"IRONCLAD","items_purchased":[],"campfire_rested":0,"item_purchase_floors":[],"current_hp_per_floor":[71,70,50,76,80,80,46,46,46,38,59,65,65,57,57,0],"gold":267,"neow_bonus":"REMOVE_CARD","is_prod":false,"is_daily":false,"chose_seed":false,"campfire_upgraded":3,"win_rate":0,"timestamp":1551244859,"path_taken":["M","M","?","?","M","R","E","R","T","M","?","M","?","?","R","BOSS"],"build_version":"2019-01-23","purchased_purges":0,"victory":false,"max_hp_per_floor":[80,80,80,80,80,80,87,87,87,87,87,87,87,87,87,87],"card_choices":[{"not_picked":["Anger","Sword Boomerang"],"picked":"Wild Strike","floor":1},{"not_picked":["True Grit","Pommel Strike"],"picked":"Headbutt","floor":2},{"not_picked":["Twin Strike","Sword Boomerang"],"picked":"Shrug It Off","floor":5},{"not_picked":["Bloodletting","Carnage"],"picked":"Combust","floor":7},{"not_picked":["Body Slam","Cleave","Headbutt"],"picked":"SKIP","floor":10},{"not_picked":["Iron Wave","Entrench","Pommel Strike"],"picked":"SKIP","floor":12},{"not_picked":["Burning Pact","Iron Wave"],"picked":"Impervious","floor":14}],"player_experience":494739,"relics_obtained":[{"floor":7,"key":"Strawberry"},{"floor":9,"key":"Centennial Puzzle"}],"event_choices":[{"damage_healed":0,"gold_gain":0,"player_choice":"Take Damage","damage_taken":20,"relics_obtained":["Golden Idol"],"max_hp_gain":0,"max_hp_loss":0,"event_name":"Golden Idol","floor":3,"gold_loss":0},{"damage_healed":26,"gold_gain":0,"player_choice":"Banana","damage_taken":0,"max_hp_gain":0,"max_hp_loss":0,"event_name":"Big Fish","floor":4,"gold_loss":0},{"damage_healed":21,"gold_gain":0,"player_choice":"Healed and dodged fight","damage_taken":0,"max_hp_gain":0,"max_hp_loss":0,"event_name":"Mushrooms","floor":11,"gold_loss":0,"cards_obtained":["Parasite"]},{"damage_healed":0,"gold_gain":0,"player_choice":"Got Potions","damage_taken":0,"max_hp_gain":0,"max_hp_loss":0,"event_name":"Lab","floor":13,"gold_loss":0}],"is_beta":false,"boss_relics":[],"items_purged_floors":[],"is_endless":false,"potions_floor_spawned":[7,10],"killed_by":"The Guardian","ascension_level":8}