{"gold_per_floor":[13,25,45,45,63,63,88,88,138,163,163,176,190,190,190,291,291,311,264,279,153,153],"floor_reached":22,"playtime":2866,"items_purged":["Brutality+1"],"score":245,"play_id":"a96dbbc8-0f53-45af-a4e9-5790db456100","local_time":"20190321234708","is_ascension_mode":true,"campfire_choices":[{"data":"Bash","floor":6,"key":"SMITH"},{"data":"Shrug It Off","floor":8,"key":"SMITH"},{"data":"Metallicize","floor":11,"key":"SMITH"},{"data":"Uppercut","floor":15,"key":"SMITH"}],"neow_cost":"NO_GOLD","seed_source_timestamp":150018441000818,"circlet_count":0,"master_deck":["Strike_R","Strike_R","Strike_R","Defend_R","Defend_R","Defend_R","Bash+1","Metallicize+1","True Grit","Sword Boomerang","Heavy Blade","Shrug It Off+1","Reaper","Uppercut+1","Feel No Pain","Exhume","Bash","Feed","Offering+1","Heavy Blade+1","Corruption","Armaments","Warcry"],"relics":["Burning Blood","Champion Belt","Meat on the Bone","Orichalcum","Blood Vial","Bottled Lightning","Astrolabe"],"potions_floor_usage":[16,18],"damage_taken":[{"damage":4,"enemies":"Small Slimes","floor":1,"turns":3},{"damage":3,"enemies":"Cultist","floor":2,"turns":4},{"damage":0,"enemies":"2 Louse","floor":3,"turns":3},{"damage":27,"enemies":"Exordium Thugs","floor":5,"turns":6},{"damage":27,"enemies":"Gremlin Nob","floor":7,"turns":5},{"damage":28,"enemies":"3 Sentries","floor":10,"turns":11},{"damage":5,"enemies":"2 Fungi Beasts","floor":12,"turns":4},{"damage":3,"enemies":"Red Slaver","floor":13,"turns":3},{"damage":12,"enemies":"The Guardian","floor":16,"turns":14},{"damage":21,"enemies":"Spheric Guardian","floor":18,"turns":7},{"damage":15,"enemies":"Shell Parasite","floor":20,"turns":11},{"damage":80,"enemies":"3 Cultists","floor":22,"turns":5}],"seed_played":"7970543702222618995","potions_obtained":[{"floor":1,"key":"LiquidBronze"},{"floor":7,"key":"Energy Potion"},{"floor":13,"key":"Strength Potion"},{"floor":16,"key":"EssenceOfSteel"}],"is_trial":false,"path_per_floor":["?","M","?"],"character_chosen":"IRONCLAD","items_purchased":["Armaments","Strength Potion"],"campfire_rested":0,"item_purchase_floors":[19,21],"current_hp_per_floor":[80,80,80,80,59,59,50,50,50,42,42,57,62,62,62,58,75,65,65,61,61,0],"gold":153,"neow_bonus":"ONE_RARE_RELIC","is_prod":false,"is_daily":false,"chose_seed":false,"campfire_upgraded":4,"win_rate":0,"timestamp":1553212028,"path_taken":["M","M","M","?","M","R","E","R","T","E","R","?","M","?","R","BOSS","M","$","M","$","M"],"build_version":"2019-01-23","purchased_purges":1,"victory":false,"max_hp_per_floor":[80,80,80,80,80,80,80,80,80,80,80,80,80,80,80,80,80,83,83,86,86,89],"card_choices":[{"not_picked":["Body Slam","Cleave"],"picked":"Metallicize","floor":1},{"not_picked":["Corruption","Infernal Blade"],"picked":"True Grit","floor":2},{"not_picked":["Burning Pact","Iron Wave"],"picked":"Sword Boomerang","floor":3},{"not_picked":["Perfected Strike","Body Slam"],"picked":"Heavy Blade","floor":5},{"not_picked":["Power Through","Thunderclap"],"picked":"Shrug It Off","floor":7},{"not_picked":["Warcry","Pummel"],"picked":"Reaper","floor":10},{"not_picked":["Twin Strike","Thunderclap"],"picked":"Uppercut","floor":12},{"not_picked":["Cleave","Heavy Blade"],"picked":"Feel No Pain","floor":13},{"not_picked":["Immolate","Limit Break"],"picked":"Feed","floor":16},{"not_picked":["Carnage","Wild Strike"],"picked":"Corruption","floor":18},{"not_picked":["Perfected Strike+1","Shrug It Off"],"picked":"Warcry","floor":20}],"player_experience":265686,"relics_obtained":[{"floor":7,"key":"Orichalcum"},{"floor":9,"key":"Blood Vial"},{"floor":10,"key":"Bottled Lightning"}],"event_choices":[{"damage_healed":0,"gold_gain":0,"player_choice":"Gave Potion","damage_taken":0,"relics_obtained":["Meat on the Bone"],"max_hp_gain":0,"max_hp_loss":0,"event_name":"WeMeetAgain","floor":4,"gold_loss":0},{"damage_healed":0,"gold_gain":0,"player_choice":"2 cards matched","damage_taken":0,"max_hp_gain":0,"max_hp_loss":0,"event_name":"Match and Keep!","floor":14,"gold_loss":0,"cards_obtained":["Exhume","Bash"]}],"is_beta":false,"boss_relics":[{"not_picked":["Runic Dome","Lizard Tail"],"picked":"Astrolabe"}],"items_purged_floors":[21],"is_endless":false,"potions_floor_spawned":[1,7,13,16],"killed_by":"3 Cultists","ascension_level":5}