{"gold_per_floor":[114,114,124,44,55,81,99,124,172,202,202,202,225,400,400,531,531,547,60,80,80,103,137,153,153],"floor_reached":25,"playtime":2027,"items_purged":[],"score":328,"play_id":"30f5c70d-3ea6-45bb-a798-9bf8b56ba017","local_time":"20190329210557","is_ascension_mode":true,"campfire_choices":[{"floor":12,"key":"REST"},{"floor":15,"key":"REST"}],"neow_cost":"NONE","seed_source_timestamp":22281491261082,"circlet_count":0,"master_deck":["Strike_R+1","Strike_R+1","Strike_R+1","Strike_R+1","Strike_R+1","Defend_R+1","Defend_R+1","Defend_R+1","Defend_R+1","Bash","Anger","Flame Barrier","Hemokinesis","Inflame","Sword Boomerang","Uppercut","Iron Wave","Heavy Blade","Dual Wield","Doubt","Corruption+1","Dark Embrace+1","Shrug It Off","Disarm","Metallicize+1","Armaments","Feel No Pain+1"],"relics":["Burning Blood","The Courier","Frozen Egg 2","Dream Catcher","Juzu Bracelet","Golden Idol","Coffee Dripper","Oddly Smooth Stone","Red Skull","Strawberry","Magic Flower"],"potions_floor_usage":[16,23,23,24],"damage_taken":[{"damage":7,"enemies":"Jaw Worm","floor":1,"turns":3},{"damage":0,"enemies":"2 Louse","floor":3,"turns":3},{"damage":3,"enemies":"Small Slimes","floor":5,"turns":3},{"damage":34,"enemies":"Gremlin Nob","floor":6,"turns":4},{"damage":4,"enemies":"3 Louse","floor":7,"turns":3},{"damage":22,"enemies":"Lagavulin","floor":8,"turns":6},{"damage":19,"enemies":"Gremlin Nob","floor":10,"turns":4},{"damage":18,"enemies":"Gremlin Gang","floor":13,"turns":6},{"damage":30,"enemies":"Slime Boss","floor":16,"turns":9},{"damage":18,"enemies":"3 Byrds","floor":18,"turns":5},{"damage":18,"enemies":"Chosen","floor":20,"turns":5},{"damage":20,"enemies":"Centurion and Healer","floor":22,"turns":5},{"damage":12,"enemies":"Book of Stabbing","floor":23,"turns":3},{"damage":17,"enemies":"Shelled Parasite and Fungi","floor":24,"turns":5},{"damage":16,"enemies":"Snake Plant","floor":25,"turns":1}],"seed_played":"3872006643167856637","potions_obtained":[{"floor":3,"key":"SpeedPotion"},{"floor":7,"key":"SteroidPotion"},{"floor":10,"key":"EssenceOfSteel"},{"floor":16,"key":"Energy Potion"},{"floor":23,"key":"EssenceOfSteel"}],"is_trial":false,"path_per_floor":["?","?","?","?"],"character_chosen":"IRONCLAD","items_purchased":["Inflame","Disarm","Metallicize+1","Oddly Smooth Stone","Red Skull","Strawberry"],"campfire_rested":2,"item_purchase_floors":[4,19,19,19,19,19],"current_hp_per_floor":[71,55,61,61,64,36,38,22,22,9,9,31,19,19,41,17,60,48,55,43,43,29,23,15,0],"gold":153,"neow_bonus":"THREE_CARDS","is_prod":false,"is_daily":false,"chose_seed":false,"campfire_upgraded":0,"win_rate":0,"timestamp":1553893557,"path_taken":["M","?","M","$","M","E","M","E","T","E","?","R","M","?","R","BOSS","M","$","M","?","M","E","M","M"],"build_version":"2019-01-23","purchased_purges":0,"victory":false,"max_hp_per_floor":[80,80,80,80,80,80,80,80,80,80,74,74,74,74,74,74,74,74,81,81,81,81,81,81,81],"card_choices":[{"not_picked":["True Grit","Rupture"],"picked":"Anger","floor":0},{"not_picked":["Anger","Body Slam"],"picked":"Flame Barrier","floor":1},{"not_picked":["Rupture","Anger"],"picked":"Hemokinesis","floor":3},{"not_picked":["Flame Barrier","Twin Strike","Wild Strike"],"picked":"SKIP","floor":5},{"not_picked":["Body Slam","Second Wind"],"picked":"Sword Boomerang","floor":6},{"not_picked":["Pommel Strike","Armaments"],"picked":"Uppercut","floor":7},{"not_picked":["Dark Embrace","Twin Strike"],"picked":"Iron Wave","floor":8},{"not_picked":["Warcry","Twin Strike"],"picked":"Heavy Blade","floor":10},{"not_picked":["Flame Barrier","Fire Breathing+1"],"picked":"Dual Wield","floor":12},{"not_picked":["Anger","Heavy Blade","Wild Strike"],"picked":"SKIP","floor":13},{"not_picked":["Second Wind","Ghostly Armor"],"picked":"Corruption+1","floor":15},{"not_picked":["Exhume","Offering"],"picked":"Dark Embrace+1","floor":16},{"not_picked":["Wild Strike+1","Anger+1"],"picked":"Shrug It Off","floor":18},{"not_picked":["Pommel Strike","Rupture+1"],"picked":"Armaments","floor":20},{"not_picked":["Evolve+1","Thunderclap","Offering"],"picked":"SKIP","floor":22},{"not_picked":["Body Slam","Burning Pact"],"picked":"Feel No Pain+1","floor":23},{"not_picked":["Clash+1","Entrench","Cleave"],"picked":"SKIP","floor":24}],"player_experience":370294,"relics_obtained":[{"floor":6,"key":"The Courier"},{"floor":8,"key":"Frozen Egg 2"},{"floor":9,"key":"Dream Catcher"},{"floor":10,"key":"Juzu Bracelet"},{"floor":23,"key":"Magic Flower"}],"event_choices":[{"damage_healed":0,"gold_gain":0,"player_choice":"Entered Light","damage_taken":16,"max_hp_gain":0,"max_hp_loss":0,"event_name":"Shining Light","floor":2,"gold_loss":0,"cards_upgraded":["Defend_R","Strike_R"]},{"damage_healed":0,"gold_gain":0,"player_choice":"Lose Max HP","damage_taken":0,"relics_obtained":["Golden Idol"],"max_hp_gain":0,"max_hp_loss":6,"event_name":"Golden Idol","floor":11,"gold_loss":0},{"damage_healed":0,"gold_gain":175,"player_choice":"AGREE","damage_taken":0,"max_hp_gain":0,"max_hp_loss":0,"event_name":"Liars Game","floor":14,"gold_loss":0,"cards_obtained":["Doubt"]},{"damage_healed":0,"gold_gain":0,"player_choice":"Simplicity","damage_taken":0,"max_hp_gain":0,"max_hp_loss":0,"event_name":"Back to Basics","floor":21,"gold_loss":0,"cards_upgraded":["Strike_R","Strike_R","Strike_R","Strike_R","Defend_R","Defend_R","Defend_R"]}],"is_beta":false,"boss_relics":[{"not_picked":["Calling Bell","Orrery"],"picked":"Coffee Dripper"}],"items_purged_floors":[],"is_endless":false,"potions_floor_spawned":[3,7,10,13,16,23],"killed_by":"Snake Plant","ascension_level":7}