{"gold_per_floor":[115,132,132,152,163,193,193,219,219,219,245,265,265,295,295,393,393,411,428,443,149,162,191,191,223,223,223,238,255,7,38,38,137,137,149,164,180,55,55,55,90,90,114,146,157,157,7,33,33,33,33,33,33,60,60],"floor_reached":55,"playtime":2909,"items_purged":["Strike_R","Strike_R","Strike_R","Strike_R"],"score":1088,"play_id":"a1065a22-2f3f-46bd-ae8c-a9b62a373ab2","local_time":"20190318162733","is_ascension_mode":true,"campfire_choices":[{"floor":7.0,"key":"REST"},{"data":"Body Slam","floor":10.0,"key":"SMITH"},{"data":"True Grit","floor":13.0,"key":"SMITH"},{"floor":15.0,"key":"REST"},{"floor":24.0,"key":"REST"},{"data":"Seeing Red","floor":27.0,"key":"SMITH"},{"data":"Limit Break","floor":32.0,"key":"SMITH"},{"data":"Armaments","floor":40.0,"key":"SMITH"},{"floor":46.0,"key":"REST"},{"floor":49,"key":"RECALL"},{"data":"Demon Form","floor":52,"key":"SMITH"}],"neow_cost":"NONE","seed_source_timestamp":812774387877563,"circlet_count":0,"master_deck":["Strike_R","Defend_R","Defend_R","Defend_R","Defend_R","Bash","Whirlwind+1","Heavy Blade","Body Slam+1","Uppercut","True Grit+1","Feel No Pain","Shrug It Off","Double Tap","Iron Wave","Shrug It Off","Disarm","Seeing Red+1","Headbutt","Dropkick","Battle Trance","Impervious","Iron Wave+1","Heavy Blade+1","Rampage","Iron Wave+1","Spot Weakness+1","Iron Wave+1","Limit Break+1","Armaments+1","Shrug It Off+1","Ghostly Armor+1","Demon Form+1"],"special_seed":0,"relics":["Burning Blood","Vajra","Dream Catcher","Omamori","Prayer Wheel","Cursed Key","PreservedInsect","Bag of Marbles","Pantograph","Singing Bowl","Regal Pillow","Busted Crown","Mango","Anchor","Bronze Scales","Letter Opener","Meat on the Bone","Gremlin Horn"],"potions_floor_usage":[50,55,55],"damage_taken":[{"damage":0.0,"enemies":"2 Louse","floor":1.0,"turns":1.0},{"damage":6.0,"enemies":"Cultist","floor":2.0,"turns":4.0},{"damage":2.0,"enemies":"Jaw Worm","floor":4.0,"turns":3.0},{"damage":2.0,"enemies":"2 Fungi Beasts","floor":5.0,"turns":2.0},{"damage":52.0,"enemies":"Lagavulin","floor":6.0,"turns":9.0},{"damage":20.0,"enemies":"3 Sentries","floor":11.0,"turns":4.0},{"damage":4.0,"enemies":"Red Slaver","floor":12.0,"turns":3.0},{"damage":23.0,"enemies":"Gremlin Nob","floor":14.0,"turns":4.0},{"damage":39.0,"enemies":"Slime Boss","floor":16.0,"turns":9.0},{"damage":24.0,"enemies":"2 Thieves","floor":18.0,"turns":5.0},{"damage":9.0,"enemies":"Spheric Guardian","floor":19.0,"turns":5.0},{"damage":3.0,"enemies":"Snecko","floor":20.0,"turns":4.0},{"damage":17.0,"enemies":"Centurion and Healer","floor":22.0,"turns":6.0},{"damage":10.0,"enemies":"Book of Stabbing","floor":23.0,"turns":5.0},{"damage":23.0,"enemies":"Gremlin Leader","floor":25.0,"turns":4.0},{"damage":6.0,"enemies":"Sentry and Sphere","floor":28.0,"turns":3.0},{"damage":2.0,"enemies":"Chosen and Byrds","floor":29.0,"turns":3.0},{"damage":26.0,"enemies":"Book of Stabbing","floor":31.0,"turns":4.0},{"damage":35.0,"enemies":"Automaton","floor":33.0,"turns":7.0},{"damage":0.0,"enemies":"3 Darklings","floor":35.0,"turns":2.0},{"damage":0.0,"enemies":"Orb Walker","floor":36.0,"turns":3.0},{"damage":43.0,"enemies":"4 Shapes","floor":37.0,"turns":10.0},{"damage":37.0,"enemies":"Giant Head","floor":41.0,"turns":7.0},{"damage":20.0,"enemies":"Reptomancer","floor":44.0,"turns":4.0},{"damage":12.0,"enemies":"3 Darklings","floor":45.0,"turns":5.0},{"damage":15,"enemies":"Nemesis","floor":48,"turns":5},{"damage":63,"enemies":"Awakened One","floor":50,"turns":10},{"damage":27,"enemies":"Shield and Spear","floor":54,"turns":4},{"damage":102,"enemies":"The Heart","floor":55,"turns":5}],"seed_played":"-7465985061471821520","potions_obtained":[{"floor":1.0,"key":"EssenceOfSteel"},{"floor":2.0,"key":"LiquidBronze"},{"floor":5.0,"key":"Swift Potion"},{"floor":11.0,"key":"BloodPotion"},{"floor":20.0,"key":"AttackPotion"},{"floor":28.0,"key":"Strength Potion"},{"floor":29.0,"key":"Dexterity Potion"},{"floor":33.0,"key":"AttackPotion"},{"floor":41.0,"key":"EssenceOfSteel"},{"floor":44.0,"key":"Poison Potion"},{"floor":54,"key":"SpeedPotion"}],"is_trial":false,"path_per_floor":["?","M","T","?","?","M"],"character_chosen":"IRONCLAD","items_purchased":["PreservedInsect","Battle Trance","Limit Break"],"campfire_rested":4,"item_purchase_floors":[21,21,30],"current_hp_per_floor":[80,80,80,80,80,34,58,58,58,58,44,46,46,37,61,28,67,49,46,49,49,38,34,58,41,41,41,41,47,47,29,29,25,69,77,87,50,50,50,50,33,33,33,21,19,69,69,62,62,42,96,96,96,77,0],"gold":60,"neow_bonus":"THREE_CARDS","is_prod":false,"is_daily":false,"chose_seed":false,"campfire_upgraded":6,"win_rate":0,"timestamp":1552951653,"path_taken":["M","M","?","M","?","E","R","?","T","R","E","M","R","E","R","BOSS","M","M","M","$","M","E","R","E","T","R","M","M","$","E","R","BOSS","M","M","M","$","?","R","E","?","T","E","?","R","$","E","R","BOSS","R","$","E","BOSS"],"build_version":"2019-01-23","purchased_purges":4,"victory":false,"max_hp_per_floor":[80,80,80,80,80,80,80,80,80,80,80,80,80,80,80,80,80,80,80,80,80,80,80,80,80,80,80,80,82,82,84,84,84,84,86,90,90,90,90,90,104,104,104,106,110,112,112,114,114,114,114,114,114,116,116],"card_choices":[{"not_picked":["Anger","Twin Strike"],"picked":"Whirlwind","floor":0.0},{"not_picked":["Sever Soul","Warcry"],"picked":"Heavy Blade","floor":1.0},{"not_picked":["Twin Strike","Clash"],"picked":"Body Slam","floor":2.0},{"not_picked":["Perfected Strike","Flex"],"picked":"Uppercut","floor":4.0},{"not_picked":["Combust","Clash"],"picked":"True Grit","floor":5.0},{"not_picked":["Evolve","Warcry","Pommel Strike"],"picked":"SKIP","floor":6.0},{"not_picked":["Intimidate","Thunderclap"],"picked":"Feel No Pain","floor":11.0},{"not_picked":["Rupture","Corruption"],"picked":"Shrug It Off","floor":12.0},{"not_picked":["Fiend Fire","Intimidate"],"picked":"Inflame","floor":14.0},{"not_picked":["Berserk","Feed"],"picked":"Double Tap","floor":16.0},{"not_picked":["Anger","Thunderclap"],"picked":"Iron Wave","floor":18.0},{"not_picked":["Evolve","True Grit"],"picked":"Shrug It Off","floor":18.0},{"not_picked":["Shrug It Off","Rupture"],"picked":"Disarm","floor":19.0},{"not_picked":["Flex+1","Wild Strike"],"picked":"Seeing Red","floor":19.0},{"not_picked":["Dual Wield","Flex"],"picked":"Headbutt","floor":20.0},{"not_picked":["Twin Strike","Entrench+1"],"picked":"Dropkick","floor":20.0},{"not_picked":["Rupture","Shrug It Off"],"picked":"Impervious","floor":22.0},{"not_picked":["Cleave","Wild Strike"],"picked":"Iron Wave+1","floor":22.0},{"not_picked":["Immolate","Iron Wave"],"picked":"Heavy Blade+1","floor":23.0},{"not_picked":["Fire Breathing","Havoc"],"picked":"Rampage","floor":25.0},{"not_picked":["Shrug It Off","Clothesline"],"picked":"Iron Wave+1","floor":28.0},{"not_picked":["Metallicize","Infernal Blade"],"picked":"Spot Weakness+1","floor":28.0},{"not_picked":["Sword Boomerang","Iron Wave","Warcry"],"picked":"Singing Bowl","floor":29.0},{"not_picked":["Twin Strike","Rampage"],"picked":"Iron Wave+1","floor":29.0},{"not_picked":["Sentinel+1","Barricade","Sword Boomerang+1"],"picked":"Singing Bowl","floor":31.0},{"not_picked":["Bludgeon","Fiend Fire"],"picked":"Double Tap","floor":33.0},{"not_picked":[],"picked":"Armaments","floor":35.0},{"not_picked":["Spot Weakness+1"],"picked":"Singing Bowl","floor":35.0},{"not_picked":["Headbutt+1"],"picked":"Singing Bowl","floor":36.0},{"not_picked":["Headbutt"],"picked":"Singing Bowl","floor":36.0},{"not_picked":[],"picked":"Shrug It Off+1","floor":37.0},{"not_picked":[],"picked":"Ghostly Armor+1","floor":37.0},{"not_picked":[],"picked":"Demon Form","floor":41.0},{"not_picked":["Demon Form"],"picked":"Singing Bowl","floor":44.0},{"not_picked":["Thunderclap+1"],"picked":"Singing Bowl","floor":45.0},{"not_picked":["Twin Strike+1"],"picked":"Singing Bowl","floor":45.0},{"not_picked":["Iron Wave"],"picked":"Singing Bowl","floor":46.0},{"not_picked":["Perfected Strike"],"picked":"Singing Bowl","floor":48},{"not_picked":["Intimidate+1"],"picked":"Singing Bowl","floor":54}],"player_experience":79651,"relics_obtained":[{"floor":6.0,"key":"Vajra"},{"floor":8.0,"key":"Dream Catcher"},{"floor":11.0,"key":"Omamori"},{"floor":14.0,"key":"Prayer Wheel"},{"floor":23.0,"key":"Bag of Marbles"},{"floor":25.0,"key":"Pantograph"},{"floor":26.0,"key":"Singing Bowl"},{"floor":31.0,"key":"Regal Pillow"},{"floor":41.0,"key":"Mango"},{"floor":43.0,"key":"Bronze Scales"},{"floor":44.0,"key":"Letter Opener"},{"floor":48,"key":"Meat on the Bone"},{"floor":54,"key":"Gremlin Horn"}],"event_choices":[{"damage_healed":0.0,"max_hp_gain":0.0,"max_hp_loss":0.0,"gold_gain":0.0,"event_name":"Upgrade Shrine","player_choice":"Upgraded","floor":3.0,"gold_loss":0.0,"damage_taken":0.0,"cards_upgraded":["Whirlwind"]},{"cards_removed":["Inflame"],"damage_healed":0.0,"max_hp_gain":0.0,"max_hp_loss":0.0,"gold_gain":0.0,"event_name":"Falling","player_choice":"Removed Power","floor":39.0,"gold_loss":0.0,"damage_taken":0.0},{"cards_removed":["Double Tap"],"damage_healed":0.0,"max_hp_gain":0.0,"max_hp_loss":0.0,"gold_gain":0.0,"event_name":"WeMeetAgain","player_choice":"Gave Card","floor":42.0,"gold_loss":0.0,"damage_taken":0.0,"relics_obtained":["Anchor"]}],"is_beta":false,"boss_relics":[{"not_picked":["Ectoplasm","Runic Pyramid"],"picked":"Cursed Key"},{"not_picked":["Black Star","Eternal Feather"],"picked":"Busted Crown"}],"items_purged_floors":[21,30,38,47],"is_endless":false,"potions_floor_spawned":[1,2,5,11,20,22,28,29,31,33,41,44,54],"killed_by":"The Heart","ascension_level":5}