{"path_per_floor":["M","?","$","$","M","R","M","$","T","R","?","R","M","M","R","B",null,"M","?","$","M","M","R","M","R","T","M","?","R","?","M","R"],"character_chosen":"THE_SILENT","items_purchased":["Blur","Dagger Throw"],"gold_per_floor":[19,19,19,19,37,37,51,51,51,51,51,51,62,72,72,174,174,158,158,70,81,98,98,112,112,137,153,68,68,68,79,79],"floor_reached":33,"campfire_rested":2,"playtime":1534,"current_hp_per_floor":[69,69,69,69,69,69,69,69,69,69,69,69,69,69,69,36,70,65,65,65,51,37,58,52,52,52,7,7,28,80,64,64],"items_purged":[],"gold":79,"score":263,"play_id":"f2ba5fb4-ae0b-440e-9c6a-deb0119e8381","is_prod":false,"is_daily":false,"is_ascension_mode":false,"campfire_upgraded":6,"path_taken":["M","?","?","$","M","R","M","?","T","R","?","R","M","M","R","BOSS","M","?","?","M","M","R","M","R","T","M","?","R","?","M","R","BOSS"],"build_version":"2018-02-12-PROD1","purchased_purges":0,"victory":false,"master_deck":["Defend_G","Defend_G","Defend_G","Defend_G","Defend_G","Strike_G","Strike_G","Strike_G","Strike_G","Strike_G","Survivor+1","Neutralize+1","Skewer+1","Cloak And Dagger+1","Acrobatics","Prepared","Prepared+1","Burst","Deflect","Skewer+1","Quick Slash","Dagger Throw+1","Deflect","Neutralize","Blur","Dagger Throw","Deflect","Deflect+1","Cloak And Dagger"],"max_hp_per_floor":[70,70,70,70,70,70,70,70,70,70,70,70,70,70,70,70,70,70,70,70,70,70,70,70,70,70,70,70,70,80,80,80],"relics":["Ring of the Snake","Tingsha","Bronze Scales","Orrery","Dream Catcher","Matryoshka"],"card_choices":[{"not_picked":["Bouncing Flask","Deadly Poison"],"picked":"Skewer"},{"not_picked":["Predator","Deadly Poison"],"picked":"Cloak And Dagger"},{"not_picked":["Riddle With Holes","Slice"],"picked":"Acrobatics"},{"not_picked":["Bane","Backflip"],"picked":"Prepared"},{"not_picked":["Distraction","Dash"],"picked":"Prepared"},{"not_picked":["After Image","Venomology"],"picked":"Burst"},{"not_picked":["Skewer","Poisoned Stab"],"picked":"Deflect"},{"not_picked":["Flechettes","Prepared"],"picked":"Skewer"},{"not_picked":["Cloak And Dagger","Heel Hook"],"picked":"Quick Slash"},{"not_picked":["Slice","Underhanded Strike"],"picked":"Dagger Throw"},{"not_picked":["Poisoned Stab","Acrobatics"],"picked":"Deflect"},{"not_picked":["Acrobatics","All Out Attack"],"picked":"Wraith Form"},{"not_picked":["Flechettes","Caltrops"],"picked":"Deflect"},{"not_picked":["Reflex","Crippling Poison"],"picked":"Deflect"},{"not_picked":["Deadly Poison","Malaise"],"picked":"Cloak And Dagger"}],"player_experience":89299,"potions_floor_usage":[16,16,22,24,24,33,33],"damage_taken":[{"damage":1,"enemies":"Small Slimes","floor":1,"turns":3},{"damage":0,"enemies":"2 Louse","floor":5,"turns":3},{"damage":0,"enemies":"Cultist","floor":7,"turns":3},{"damage":0,"enemies":"Exordium Wildlife","floor":13,"turns":4},{"damage":0,"enemies":"3 Louse","floor":14,"turns":4},{"damage":33,"enemies":"Slime Boss","floor":16,"turns":10},{"damage":5,"enemies":"2 Thieves","floor":18,"turns":4},{"damage":14,"enemies":"Chosen","floor":21,"turns":5},{"damage":14,"enemies":"Centurion and Healer","floor":22,"turns":5},{"damage":6,"enemies":"Snecko","floor":24,"turns":4},{"damage":45,"enemies":"Chosen and Byrds","floor":27,"turns":9},{"damage":16,"enemies":"Centurion and Healer","floor":31,"turns":11},{"damage":101,"enemies":"Collector","floor":33,"turns":6}],"event_choices":[{"event_name":"Liars Game","player_choice":"disagreed","floor":2,"damage_taken":0},{"event_name":"Living Wall","player_choice":"Grow","floor":11,"damage_taken":0},{"event_name":"Match and Keep!","player_choice":"1 cards matched","floor":19,"damage_taken":0},{"event_name":"Addict","player_choice":"Obtained Relic","floor":28,"damage_taken":0},{"event_name":"Bonfire Elementals","player_choice":"RARE","floor":30,"damage_taken":0}],"boss_relics":[{"not_picked":["Astrolabe","Calling Bell"],"picked":"Orrery"}],"potions_floor_spawned":[1,14,16,18,22,27,31],"seed_played":"-5236366701643482904","killed_by":"Collector","ascension_level":0,"is_trial":false}