{"gold_per_floor":[114,114,39,114,114,130,164,182,182,182,194,94,94,94,94,191,191,204,204,79,0,17,17,17,17,17,17],"floor_reached":27,"playtime":556,"items_purged":["Searing Blow","Strike_R","Strike_R"],"score":232,"play_id":"f5efc8fb-4f2d-47f7-9b94-476bd81948f8","local_time":"20190208160306","is_ascension_mode":false,"campfire_choices":[{"data":"Bash","floor":10.0,"key":"SMITH"},{"data":"Dropkick","floor":15.0,"key":"SMITH"},{"floor":23,"key":"REST"},{"floor":25,"key":"REST"}],"neow_cost":"NONE","seed_source_timestamp":8848544400800,"circlet_count":0,"master_deck":["Strike_R","Strike_R","Strike_R","Defend_R","Defend_R","Defend_R","Defend_R","Bash+1","Dropkick+1"],"special_seed":0,"relics":["Burning Blood","NeowsBlessing","Dodecahedron","Toxic Egg 2","Question Card","Molten Egg 2","Sozu","Frozen Egg 2"],"potions_floor_usage":[],"damage_taken":[{"damage":0.0,"enemies":"Jaw Worm","floor":1.0,"turns":1.0},{"damage":0.0,"enemies":"Cultist","floor":6.0,"turns":1.0},{"damage":0.0,"enemies":"3 Sentries","floor":7.0,"turns":1.0},{"damage":0.0,"enemies":"Small Slimes","floor":8.0,"turns":2.0},{"damage":12.0,"enemies":"Blue Slaver","floor":11.0,"turns":2.0},{"damage":65.0,"enemies":"The Guardian","floor":16.0,"turns":17.0},{"damage":0.0,"enemies":"Chosen","floor":18.0,"turns":3.0},{"damage":41.0,"enemies":"Colosseum Slavers","floor":19.0,"turns":6.0},{"damage":35,"enemies":"Spheric Guardian","floor":22,"turns":6},{"damage":72,"enemies":"Slavers","floor":27,"turns":6}],"seed_played":"-2513334243440498170","potions_obtained":[{"floor":1.0,"key":"Swift Potion"},{"floor":7.0,"key":"LiquidBronze"},{"floor":16.0,"key":"PowerPotion"}],"is_trial":false,"path_per_floor":["M","?","$","?","T","M","E","M","T","R","M","$","?","?","R","B",null,"M","?","$","?","M","R","?","R","T","E"],"character_chosen":"IRONCLAD","items_purchased":[],"campfire_rested":2,"item_purchase_floors":[],"current_hp_per_floor":[80,80,80,69,69,75,80,80,80,80,74,74,74,71,71,12,80,80,45,45,45,16,40,66,80,80,8],"gold":17,"neow_bonus":"THREE_ENEMY_KILL","is_prod":false,"is_daily":false,"chose_seed":false,"campfire_upgraded":2,"win_rate":0,"timestamp":1549659786,"path_taken":["M","?","?","?","?","M","E","?","T","R","M","$","?","?","R","BOSS","M","?","$","?","M","R","?","R","T","E"],"build_version":"2019-01-23","purchased_purges":3,"victory":false,"max_hp_per_floor":[80,80,80,80,80,80,80,80,80,80,80,80,80,80,80,80,80,80,80,80,80,80,80,80,80,80,80],"card_choices":[{"not_picked":["Thunderclap","Anger"],"picked":"Searing Blow","floor":1.0},{"not_picked":["Metallicize","Wild Strike","Carnage"],"picked":"SKIP","floor":6.0},{"not_picked":["Seeing Red","Double Tap","Flame Barrier"],"picked":"SKIP","floor":7.0},{"not_picked":["Headbutt","Thunderclap","Warcry+1"],"picked":"SKIP","floor":8.0},{"not_picked":["Perfected Strike","Wild Strike","Seeing Red+1","Headbutt"],"picked":"SKIP","floor":11.0},{"not_picked":["Cleave+1","Searing Blow+1","Rupture+1","Wild Strike+1"],"picked":"SKIP","floor":18.0},{"not_picked":["Armaments+1","Ghostly Armor+1","Corruption+1","Perfected Strike+1"],"picked":"SKIP","floor":22}],"player_experience":421431,"relics_obtained":[{"floor":5.0,"key":"Dodecahedron"},{"floor":7.0,"key":"Toxic Egg 2"},{"floor":9.0,"key":"Question Card"},{"floor":26,"key":"Frozen Egg 2"}],"event_choices":[{"damage_healed":0.0,"max_hp_gain":0.0,"max_hp_loss":0.0,"gold_gain":0.0,"event_name":"Match and Keep!","player_choice":"1 cards matched","floor":2.0,"gold_loss":0.0,"damage_taken":0.0,"cards_obtained":["Dropkick"]},{"damage_healed":0.0,"max_hp_gain":0.0,"max_hp_loss":0.0,"gold_gain":75.0,"event_name":"World of Goop","player_choice":"Gather Gold","floor":4.0,"gold_loss":0.0,"damage_taken":11.0},{"damage_healed":0.0,"max_hp_gain":0.0,"max_hp_loss":0.0,"gold_gain":0.0,"event_name":"Liars Game","player_choice":"Ignored","floor":13.0,"gold_loss":0.0,"damage_taken":0.0},{"damage_healed":0.0,"max_hp_gain":0.0,"max_hp_loss":0.0,"gold_gain":0.0,"event_name":"Scrap Ooze","player_choice":"Success","floor":14.0,"gold_loss":0.0,"damage_taken":3.0,"relics_obtained":["Molten Egg 2"]},{"damage_healed":0.0,"max_hp_gain":0.0,"max_hp_loss":0.0,"gold_gain":0.0,"event_name":"Colosseum","player_choice":"Fight","floor":19.0,"gold_loss":0.0,"damage_taken":0.0},{"damage_healed":0.0,"max_hp_gain":0.0,"max_hp_loss":0.0,"gold_gain":0.0,"event_name":"Colosseum","player_choice":"Fled From Nobs","floor":19.0,"gold_loss":0.0,"damage_taken":0.0},{"damage_healed":0.0,"max_hp_gain":0.0,"max_hp_loss":0.0,"gold_gain":0.0,"event_name":"Masked Bandits","player_choice":"Paid Fearfully","floor":21.0,"gold_loss":79.0,"damage_taken":0.0},{"damage_healed":26,"gold_gain":0,"player_choice":"Heal","damage_taken":0,"max_hp_gain":0,"max_hp_loss":0,"event_name":"The Library","floor":24,"gold_loss":0}],"is_beta":false,"boss_relics":[{"not_picked":["Velvet Choker","Eternal Feather"],"picked":"Sozu"}],"items_purged_floors":[3,12,20],"is_endless":false,"potions_floor_spawned":[1,7,16,22],"killed_by":"Slavers","ascension_level":0}