{"gold_per_floor":[111,121,37,51,67,92,112,112,138,138,151,171,181,37,37,134,134,151,164,176,186,186,186,186,186,186,186,186,201,476,401,401,504,504,522,522,43,54,54],"floor_reached":39,"playtime":1768,"items_purged":["Pain"],"score":424,"play_id":"d790d896-23a8-40d7-b9eb-73a54dd4e41f","local_time":"20181220024843","is_ascension_mode":true,"campfire_choices":[{"floor":8.0,"key":"REST"},{"data":"Combust","floor":10.0,"key":"SMITH"},{"data":"Inflame","floor":15.0,"key":"SMITH"},{"data":"Reaper","floor":23.0,"key":"SMITH"},{"data":"Flame Barrier","floor":25.0,"key":"SMITH"},{"data":"Iron Wave","floor":28.0,"key":"SMITH"},{"data":"Armaments","floor":32,"key":"SMITH"}],"neow_cost":"CURSE","seed_source_timestamp":0,"circlet_count":0,"master_deck":["Strike_R","Strike_R","Strike_R","Strike_R","Strike_R","Defend_R","Defend_R","Defend_R","Defend_R","Bash","Impervious","Uppercut","Iron Wave+1","Pummel","Flex","Combust+1","Pommel Strike","Cleave","Inflame+1","Ghostly Armor","Reaper+1","Flame Barrier+1","Cleave+1","Headbutt","Body Slam+1","Armaments+1","Regret","Reaper","Regret","Decay","Warcry","Infernal Blade","Metamorphosis","Seeing Red+1"],"special_seed":0,"relics":["Black Blood","Bronze Scales","Lantern","Juzu Bracelet","MutagenicStrength","Gremlin Horn","Enchiridion","Calling Bell","Bag of Preparation","Darkstone Periapt","Prayer Wheel","Letter Opener"],"potions_floor_usage":[29,29,39,39,39],"damage_taken":[{"damage":15.0,"enemies":"Cultist","floor":1.0,"turns":5.0},{"damage":4.0,"enemies":"2 Louse","floor":2.0,"turns":4.0},{"damage":2.0,"enemies":"Jaw Worm","floor":4.0,"turns":4.0},{"damage":0.0,"enemies":"3 Louse","floor":5.0,"turns":3.0},{"damage":22.0,"enemies":"3 Sentries","floor":6.0,"turns":5.0},{"damage":35.0,"enemies":"Gremlin Gang","floor":7.0,"turns":4.0},{"damage":13.0,"enemies":"Large Slime","floor":11.0,"turns":5.0},{"damage":7.0,"enemies":"Lots of Slimes","floor":12.0,"turns":2.0},{"damage":15.0,"enemies":"3 Louse","floor":13.0,"turns":2.0},{"damage":22.0,"enemies":"Hexaghost","floor":16.0,"turns":10.0},{"damage":2.0,"enemies":"Chosen","floor":18.0,"turns":4.0},{"damage":27.0,"enemies":"2 Thieves","floor":19.0,"turns":4.0},{"damage":12.0,"enemies":"Chosen and Byrds","floor":20.0,"turns":4.0},{"damage":19.0,"enemies":"Centurion and Healer","floor":21.0,"turns":8.0},{"damage":0,"enemies":"Snake Plant","floor":29,"turns":4},{"damage":41,"enemies":"Collector","floor":33,"turns":11},{"damage":53,"enemies":"3 Shapes","floor":35,"turns":5},{"damage":22,"enemies":"Orb Walker","floor":38,"turns":3},{"damage":55,"enemies":"Maw","floor":39,"turns":7}],"seed_played":"6613762465590225712","potions_obtained":[{"floor":2.0,"key":"Fire Potion"},{"floor":7.0,"key":"LiquidBronze"},{"floor":11.0,"key":"Weak Potion"},{"floor":12.0,"key":"Poison Potion"},{"floor":13.0,"key":"Block Potion"},{"floor":19.0,"key":"Weak Potion"},{"floor":20.0,"key":"Poison Potion"},{"floor":21.0,"key":"Block Potion"},{"floor":33,"key":"SpeedPotion"},{"floor":38,"key":"Weak Potion"}],"is_trial":false,"path_per_floor":["M","M","$","M","M","E","M","R","T","R","M","M","M","$","R","B",null,"M","M","M","M","M","?","R","?","R","T","?","R","M","?","?","R","B",null,"M","?","$","M","M"],"character_chosen":"IRONCLAD","items_purchased":["Iron Wave","Pummel","Juzu Bracelet","Metamorphosis","Letter Opener"],"campfire_rested":1,"item_purchase_floors":[3,3,14,37,37],"current_hp_per_floor":[71,73,73,77,80,64,35,59,59,59,52,51,42,42,42,26,80,80,76,74,72,72,72,72,72,72,56,56,66,66,66,66,35,80,49,49,49,47,0],"gold":54,"neow_bonus":"THREE_RARE_CARDS","is_prod":false,"is_daily":false,"chose_seed":false,"campfire_upgraded":6,"win_rate":0,"timestamp":1545292123,"path_taken":["M","M","?","M","M","E","M","R","T","R","M","M","M","$","R","BOSS","M","M","M","M","?","R","?","R","T","?","R","M","?","?","R","BOSS","M","?","$","M","M"],"build_version":"2018-12-13","purchased_purges":1,"victory":false,"max_hp_per_floor":[80,80,80,80,80,80,80,80,80,80,80,80,80,80,80,80,80,80,80,80,80,80,80,80,80,80,80,80,80,80,80,80,80,80,80,80,80,80,80],"card_choices":[{"not_picked":["Berserk","Brutality"],"picked":"Impervious","floor":0.0},{"not_picked":["Thunderclap","Second Wind"],"picked":"Uppercut","floor":1.0},{"not_picked":["Clash","Thunderclap","True Grit"],"picked":"SKIP","floor":2.0},{"not_picked":["Twin Strike","Clash"],"picked":"Flex","floor":4.0},{"not_picked":["Fire Breathing","Evolve"],"picked":"Combust","floor":5.0},{"not_picked":["Rage","Bludgeon"],"picked":"Pommel Strike","floor":6.0},{"not_picked":["Warcry","Sentinel"],"picked":"Cleave","floor":7.0},{"not_picked":["Warcry","Burning Pact"],"picked":"Inflame","floor":11.0},{"not_picked":["Sword Boomerang","Clash"],"picked":"Ghostly Armor","floor":12.0},{"not_picked":["True Grit","Sentinel","Warcry"],"picked":"SKIP","floor":13.0},{"not_picked":["Fiend Fire","Offering"],"picked":"Reaper","floor":16.0},{"not_picked":["Metallicize","Combust+1"],"picked":"Flame Barrier","floor":18.0},{"not_picked":["Second Wind","Wild Strike"],"picked":"Cleave+1","floor":19.0},{"not_picked":["Thunderclap","Clothesline"],"picked":"Headbutt","floor":20.0},{"not_picked":["Armaments","Thunderclap+1"],"picked":"Body Slam+1","floor":21.0},{"not_picked":["Anger","Carnage+1"],"picked":"Armaments","floor":29},{"not_picked":["Berserk","Dark Embrace"],"picked":"Reaper","floor":33},{"not_picked":["Heavy Blade","True Grit"],"picked":"Warcry","floor":35},{"not_picked":["Sword Boomerang","Combust"],"picked":"Infernal Blade","floor":35},{"not_picked":["Feel No Pain","Anger"],"picked":"Seeing Red+1","floor":38},{"not_picked":["Wild Strike","Hemokinesis+1","Clash+1"],"picked":"SKIP","floor":38},{"not_picked":["Wild Strike","Hemokinesis+1","Clash+1"],"picked":"SKIP","floor":38}],"player_experience":300001,"relics_obtained":[{"floor":6.0,"key":"Bronze Scales"},{"floor":9.0,"key":"Lantern"},{"floor":26.0,"key":"Gremlin Horn"},{"floor":27.0,"key":"Enchiridion"},{"floor":34,"key":"Bag of Preparation"},{"floor":34,"key":"Darkstone Periapt"},{"floor":34,"key":"Prayer Wheel"}],"event_choices":[{"damage_healed":0.0,"max_hp_gain":0.0,"max_hp_loss":0.0,"gold_gain":0.0,"event_name":"Lab","player_choice":"Got Potions","floor":22.0,"gold_loss":0.0,"damage_taken":0.0},{"damage_healed":0.0,"max_hp_gain":0.0,"max_hp_loss":0.0,"gold_gain":0.0,"event_name":"Drug Dealer","player_choice":"Inject Mutagens","floor":24.0,"gold_loss":0.0,"damage_taken":0.0,"relics_obtained":["MutagenicStrength"]},{"damage_healed":0.0,"max_hp_gain":0.0,"max_hp_loss":0.0,"gold_gain":0.0,"event_name":"Cursed Tome","player_choice":"Obtained Book","floor":27.0,"gold_loss":0.0,"damage_taken":16.0},{"damage_healed":0,"gold_gain":275,"player_choice":"Desecrate","damage_taken":0,"max_hp_gain":0,"max_hp_loss":0,"event_name":"Golden Shrine","floor":30,"gold_loss":0,"cards_obtained":["Regret"]},{"cards_removed":["Writhe"],"damage_healed":0,"gold_gain":0,"player_choice":"Gave Gold","damage_taken":0,"max_hp_gain":0,"max_hp_loss":0,"event_name":"Beggar","floor":31,"gold_loss":75},{"damage_healed":0,"gold_gain":0,"player_choice":"Ignored","damage_taken":0,"max_hp_gain":0,"max_hp_loss":0,"event_name":"SecretPortal","floor":36,"gold_loss":0}],"is_beta":false,"boss_relics":[{"not_picked":["Runic Pyramid","Coffee Dripper"],"picked":"Black Blood"},{"not_picked":["Philosopher\u0027s Stone","Astrolabe"],"picked":"Calling Bell"}],"items_purged_floors":[37],"is_endless":false,"potions_floor_spawned":[2,7,11,12,13,19,20,21,33,38],"killed_by":"Maw","ascension_level":2}