{"gold_per_floor":[115,130,41,41,41,68,80,80,80,95,95,123,123,141,141,141],"floor_reached":16,"playtime":334,"items_purged":[],"score":270,"play_id":"9872a2c5-d593-4942-89dc-b47ca3beb55a","local_time":"20190422134146","is_ascension_mode":true,"campfire_choices":[{"data":"Deadly Poison","floor":8,"key":"SMITH"},{"data":"Poisoned Stab","floor":11,"key":"SMITH"},{"data":"Well Laid Plans","floor":13,"key":"SMITH"},{"data":"Poisoned Stab","floor":15,"key":"SMITH"}],"neow_cost":"NONE","seed_source_timestamp":353452834725451,"circlet_count":0,"master_deck":["AscendersBane","Defend_G","Defend_G","Defend_G","Defend_G","Defend_G","Strike_G","Strike_G","Strike_G","Strike_G","Strike_G","Survivor","Neutralize+1","Poisoned Stab+1","Noxious Fumes+1","Footwork+1","Deadly Poison+1","Poisoned Stab+1","Calculated Gamble","Well Laid Plans+1","Dodge and Roll"],"relics":["Ring of the Snake","NeowsBlessing","Mercury Hourglass","Matryoshka","Question Card"],"potions_floor_usage":[12,16],"damage_taken":[{"damage":0,"enemies":"Small Slimes","floor":1,"turns":1},{"damage":0,"enemies":"Jaw Worm","floor":2,"turns":1},{"damage":0,"enemies":"3 Sentries","floor":6,"turns":2},{"damage":0,"enemies":"Cultist","floor":7,"turns":3},{"damage":0,"enemies":"2 Fungi Beasts","floor":10,"turns":3},{"damage":24,"enemies":"Gremlin Nob","floor":12,"turns":4},{"damage":1,"enemies":"Looter","floor":14,"turns":4},{"damage":36,"enemies":"The Guardian","floor":16,"turns":2}],"seed_played":"-1007676882071188811","potions_obtained":[{"floor":2,"key":"SkillPotion"},{"floor":7,"key":"PowerPotion"}],"is_trial":false,"path_per_floor":["?","?"],"character_chosen":"THE_SILENT","items_purchased":["Footwork"],"campfire_rested":0,"item_purchase_floors":[3],"current_hp_per_floor":[59,59,59,59,39,39,39,39,39,39,39,15,15,14,14,0],"gold":141,"neow_bonus":"THREE_ENEMY_KILL","is_prod":false,"is_daily":false,"chose_seed":false,"campfire_upgraded":4,"win_rate":0,"timestamp":1555929706,"path_taken":["M","M","$","?","?","E","M","R","T","M","R","E","R","M","R","BOSS"],"build_version":"2019-01-23","purchased_purges":0,"victory":false,"max_hp_per_floor":[66,66,66,66,66,66,66,66,66,66,66,66,66,66,66,66],"card_choices":[{"not_picked":["Blade Dance","Catalyst"],"picked":"Poisoned Stab","floor":1},{"not_picked":["Catalyst","Backflip"],"picked":"Noxious Fumes","floor":2},{"not_picked":["Acrobatics","PiercingWail"],"picked":"Deadly Poison","floor":6},{"not_picked":["Sucker Punch","Dagger Throw"],"picked":"Poisoned Stab","floor":7},{"not_picked":["Quick Slash","Noxious Fumes"],"picked":"Calculated Gamble","floor":10},{"not_picked":["Concentrate","PiercingWail"],"picked":"Well Laid Plans","floor":12},{"not_picked":["Quick Slash","Deadly Poison","Choke"],"picked":"Dodge and Roll","floor":14}],"player_experience":1799631,"relics_obtained":[{"floor":6,"key":"Mercury Hourglass"},{"floor":9,"key":"Matryoshka"},{"floor":12,"key":"Question Card"}],"event_choices":[{"damage_healed":0,"gold_gain":0,"player_choice":"Grow","damage_taken":0,"max_hp_gain":0,"max_hp_loss":0,"event_name":"Living Wall","floor":4,"gold_loss":0,"cards_upgraded":["Noxious Fumes"]},{"damage_healed":0,"gold_gain":0,"player_choice":"Entered Light","damage_taken":20,"max_hp_gain":0,"max_hp_loss":0,"event_name":"Shining Light","floor":5,"gold_loss":0,"cards_upgraded":["Neutralize","Footwork"]}],"is_beta":false,"boss_relics":[],"items_purged_floors":[],"is_endless":false,"potions_floor_spawned":[2,7],"killed_by":"The Guardian","ascension_level":20}