{"gold_per_floor":[109,119,138,154,154,168,168,180,180,198,208,208,208,218,218,314,314,330,107,107,123,134,163,163,16,62,76,105,30,59,70,70,173,173,191,204,222,222,222,248,248,261,288,40,51,51,51,70,70,70],"floor_reached":50,"playtime":3400,"items_purged":[],"score":583,"play_id":"b3cc7f40-b1b0-4434-a90f-0d3724e111b0","local_time":"20181209002849","is_ascension_mode":true,"campfire_choices":[{"data":"Electrodynamics","floor":13.0,"key":"SMITH"},{"data":"Double Energy","floor":15.0,"key":"SMITH"},{"data":"Consume","floor":24,"key":"SMITH"},{"data":"White Noise","floor":32,"key":"SMITH"},{"data":"White Noise","floor":41,"key":"SMITH"},{"floor":46,"key":"REST"},{"floor":49,"key":"REST"}],"neow_cost":"NONE","seed_source_timestamp":0,"circlet_count":0,"master_deck":["Defend_B","Defend_B","Defend_B","Defend_B","Zap","Dualcast","Double Energy+1","Undo+1","Auto Shields","Auto Shields","Static Discharge","Coolheaded","Capacitor","Electrodynamics+1","Core Surge","Undo+1","Consume+1","Glacier","Capacitor","Self Repair+1","White Noise+1","White Noise+1","Echo Form"],"special_seed":0,"relics":["Cracked Core","Letter Opener","Velvet Choker","Pear","Du-Vu Doll","War Paint","Art of War","Matryoshka","Kunai","Sozu","Bottled Flame","Pantograph","Smiling Mask","Bottled Lightning"],"potions_floor_usage":[28,30,33],"damage_taken":[{"damage":2.0,"enemies":"Jaw Worm","floor":1.0,"turns":3.0},{"damage":0.0,"enemies":"Cultist","floor":2.0,"turns":4.0},{"damage":3.0,"enemies":"Small Slimes","floor":3.0,"turns":4.0},{"damage":0.0,"enemies":"Red Slaver","floor":4.0,"turns":5.0},{"damage":2.0,"enemies":"Exordium Thugs","floor":6.0,"turns":6.0},{"damage":0.0,"enemies":"2 Fungi Beasts","floor":8.0,"turns":5.0},{"damage":0.0,"enemies":"Blue Slaver","floor":10.0,"turns":5.0},{"damage":7.0,"enemies":"Red Slaver","floor":11.0,"turns":5.0},{"damage":0.0,"enemies":"3 Louse","floor":14.0,"turns":1.0},{"damage":42.0,"enemies":"Hexaghost","floor":16.0,"turns":18.0},{"damage":24,"enemies":"Chosen","floor":18,"turns":5},{"damage":5,"enemies":"Spheric Guardian","floor":21,"turns":6},{"damage":8,"enemies":"3 Cultists","floor":22,"turns":3},{"damage":3,"enemies":"Book of Stabbing","floor":23,"turns":9},{"damage":1,"enemies":"Snecko","floor":27,"turns":5},{"damage":6,"enemies":"Gremlin Leader","floor":28,"turns":5},{"damage":1,"enemies":"Book of Stabbing","floor":30,"turns":8},{"damage":2,"enemies":"Sentry and Sphere","floor":31,"turns":6},{"damage":4,"enemies":"Collector","floor":33,"turns":11},{"damage":33,"enemies":"3 Darklings","floor":35,"turns":6},{"damage":49,"enemies":"Orb Walker","floor":36,"turns":6},{"damage":13,"enemies":"3 Darklings","floor":37,"turns":6},{"damage":2,"enemies":"Giant Head","floor":40,"turns":15},{"damage":30,"enemies":"Jaw Worm Horde","floor":42,"turns":5},{"damage":4,"enemies":"Spire Growth","floor":45,"turns":10},{"damage":38,"enemies":"3 Darklings","floor":48,"turns":6},{"damage":94,"enemies":"Awakened One","floor":50,"turns":4}],"seed_played":"-7917342457504297424","potions_obtained":[{"floor":2.0,"key":"PowerPotion"},{"floor":3.0,"key":"EssenceOfSteel"},{"floor":4.0,"key":"Block Potion"},{"floor":11.0,"key":"Regen Potion"},{"floor":14.0,"key":"PowerPotion"},{"floor":23,"key":"PowerPotion"},{"floor":28,"key":"PowerPotion"},{"floor":30,"key":"Energy Potion"}],"is_trial":false,"path_per_floor":["M","M","M","M","?","M","?","M","T","M","M","?","R","M","R","B",null,"M","$","?","M","M","E","R","$","T","M","E","?","E","M","R","B",null,"M","M","M","?","?","E","R","M","T","$","M","R","?","M","R","B"],"character_chosen":"DEFECT","items_purchased":["Consume","Glacier","Capacitor","War Paint","Bottled Lightning"],"campfire_rested":2,"item_purchase_floors":[19,19,19,25,44],"current_hp_per_floor":[73,73,70,70,70,68,61,61,61,61,54,54,54,54,54,12,75,51,51,61,56,48,55,55,55,55,64,68,68,77,85,85,85,85,72,43,50,50,50,68,68,38,38,38,54,79,79,61,85,0],"gold":70,"neow_bonus":"THREE_CARDS","is_prod":false,"is_daily":false,"chose_seed":false,"campfire_upgraded":5,"win_rate":0,"timestamp":1544333329,"path_taken":["M","M","M","M","?","?","?","M","T","M","M","?","R","M","R","BOSS","M","$","?","M","M","E","R","?","T","M","E","?","E","M","R","BOSS","M","M","M","?","?","E","R","?","T","$","M","R","?","M","R","BOSS"],"build_version":"2018-12-06","purchased_purges":0,"victory":false,"max_hp_per_floor":[75,75,75,75,75,75,75,75,75,75,75,75,75,75,75,75,75,75,75,85,85,85,85,85,85,85,85,85,85,85,85,85,85,85,85,85,85,85,85,85,85,85,85,85,85,85,85,85,85,85],"card_choices":[{"not_picked":["Gash","White Noise"],"picked":"Double Energy","floor":0.0},{"not_picked":["Streamline","Ball Lightning"],"picked":"Undo","floor":1.0},{"not_picked":["Beam Cell","Undo"],"picked":"Auto Shields","floor":2.0},{"not_picked":["Beam Cell","Steam"],"picked":"Auto Shields","floor":3.0},{"not_picked":["Compile Driver","Stack","Double Energy"],"picked":"SKIP","floor":4.0},{"not_picked":["Barrage","Streamline"],"picked":"Coolheaded","floor":6.0},{"not_picked":["Stack","Go for the Eyes"],"picked":"Capacitor","floor":8.0},{"not_picked":["Skim","Steam"],"picked":"Electrodynamics","floor":10.0},{"not_picked":["Reprogram","Heatsinks","Chaos"],"picked":"SKIP","floor":11.0},{"not_picked":["Auto Shields","Ball Lightning","Lockon"],"picked":"SKIP","floor":14.0},{"not_picked":["Meteor Strike","Electrodynamics"],"picked":"Core Surge","floor":16.0},{"not_picked":["Auto Shields","Barrage"],"picked":"Undo","floor":18},{"not_picked":["Redo","Stack"],"picked":"Hello World+1","floor":21},{"not_picked":["Rip and Tear","Steam Power+1"],"picked":"Self Repair+1","floor":22},{"not_picked":["Auto Shields+1","Leap","Cold Snap+1"],"picked":"SKIP","floor":23},{"not_picked":["Coolheaded","Fusion+1"],"picked":"White Noise","floor":27},{"not_picked":["Force Field","Steam","Aggregate+1"],"picked":"SKIP","floor":28},{"not_picked":["Gash","Sunder+1"],"picked":"White Noise","floor":30},{"not_picked":["Beam Cell","Genetic Algorithm","Gash"],"picked":"SKIP","floor":31},{"not_picked":["Creative AI","Hyperbeam"],"picked":"Echo Form","floor":33},{"not_picked":["Rebound","Steam+1","Barrage"],"picked":"SKIP","floor":35},{"not_picked":["Turbo","Stack+1","Sweeping Beam+1"],"picked":"SKIP","floor":36},{"not_picked":["Rebound","Go for the Eyes+1","Beam Cell"],"picked":"SKIP","floor":37},{"not_picked":["Hologram","Ball Lightning","Leap+1"],"picked":"SKIP","floor":40},{"not_picked":["Rebound","Hello World","Force Field"],"picked":"SKIP","floor":42},{"not_picked":["Streamline+1","Stack+1","Consume+1"],"picked":"SKIP","floor":45},{"not_picked":["Rebound+1","Sweeping Beam+1","Leap+1"],"picked":"SKIP","floor":48}],"player_experience":293827,"relics_obtained":[{"floor":9.0,"key":"Letter Opener"},{"floor":23,"key":"Du-Vu Doll"},{"floor":26,"key":"Art of War"},{"floor":28,"key":"Matryoshka"},{"floor":30,"key":"Kunai"},{"floor":40,"key":"Bottled Flame"},{"floor":43,"key":"Pantograph"},{"floor":43,"key":"Smiling Mask"}],"event_choices":[{"damage_healed":0.0,"max_hp_gain":0.0,"max_hp_loss":0.0,"gold_gain":0.0,"cards_transformed":["Strike_B"],"event_name":"Transmorgrifier","player_choice":"Transformed","floor":5.0,"gold_loss":0.0,"damage_taken":0.0,"cards_obtained":["Static Discharge"]},{"cards_removed":["Strike_B"],"damage_healed":0.0,"max_hp_gain":0.0,"max_hp_loss":0.0,"gold_gain":0.0,"event_name":"Golden Wing","player_choice":"Card Removal","floor":7.0,"gold_loss":0.0,"damage_taken":7.0},{"cards_removed":["Strike_B"],"damage_healed":0.0,"max_hp_gain":0.0,"max_hp_loss":0.0,"gold_gain":0.0,"event_name":"Purifier","player_choice":"Purged","floor":12.0,"gold_loss":0.0,"damage_taken":0.0},{"damage_healed":0,"gold_gain":0,"player_choice":"Opened","damage_taken":0,"relics_obtained":["Pear"],"max_hp_gain":0,"max_hp_loss":0,"event_name":"The Mausoleum","floor":20,"gold_loss":0},{"cards_removed":["Strike_B"],"damage_healed":0,"gold_gain":0,"player_choice":"Gave Gold","damage_taken":0,"max_hp_gain":0,"max_hp_loss":0,"event_name":"Beggar","floor":29,"gold_loss":75},{"damage_healed":0,"gold_gain":0,"player_choice":"Ignored","damage_taken":0,"max_hp_gain":0,"max_hp_loss":0,"event_name":"Mysterious Sphere","floor":38,"gold_loss":0},{"damage_healed":0,"gold_gain":0,"player_choice":"Bought 0 Potions","damage_taken":0,"max_hp_gain":0,"max_hp_loss":0,"event_name":"The Woman in Blue","floor":39,"gold_loss":0},{"cards_removed":["Hello World"],"damage_healed":0,"gold_gain":0,"player_choice":"Card Removal","damage_taken":0,"max_hp_gain":0,"max_hp_loss":0,"event_name":"Wheel of Change","floor":47,"gold_loss":0}],"is_beta":true,"boss_relics":[{"not_picked":["Philosopher\u0027s Stone","White Beast Statue"],"picked":"Velvet Choker"},{"not_picked":["Coffee Dripper","Pandora\u0027s Box"],"picked":"Sozu"}],"items_purged_floors":[],"is_endless":false,"potions_floor_spawned":[2,3,4,11,14,23,28,30,35,36,40,42],"killed_by":"Awakened One","ascension_level":2}