{"gold_per_floor":[113,113,213,229,243,286,286,286,286,311,311,327,347,360,360,360],"floor_reached":16,"playtime":758,"items_purged":[],"score":125,"play_id":"b1086bf3-7310-4dcf-aded-521d967b51ec","local_time":"20190206190658","is_ascension_mode":true,"campfire_choices":[{"floor":8,"key":"REST"},{"floor":11,"key":"REST"},{"floor":15,"key":"REST"}],"neow_cost":"CURSE","seed_source_timestamp":30633909507000,"circlet_count":0,"master_deck":["Defend_G","Defend_G","Defend_G","Defend_G","Defend_G","Strike_G","Strike_G","Strike_G","Strike_G","Strike_G","Survivor","Neutralize","Parasite","Wraith Form v2+1","Backstab","Deadly Poison","Dodge and Roll","Distraction","Cloak And Dagger","Dagger Spray","Crippling Poison","Acrobatics"],"special_seed":0,"relics":["Ring of the Snake","Golden Idol","Mercury Hourglass","Bottled Flame"],"potions_floor_usage":[6,6,16,16,16],"damage_taken":[{"damage":13.0,"enemies":"Jaw Worm","floor":1.0,"turns":5.0},{"damage":0.0,"enemies":"2 Louse","floor":4.0,"turns":2.0},{"damage":0.0,"enemies":"Cultist","floor":5.0,"turns":3.0},{"damage":35,"enemies":"3 Sentries","floor":6,"turns":16},{"damage":13,"enemies":"Blue Slaver","floor":10,"turns":3},{"damage":4,"enemies":"Gremlin Gang","floor":12,"turns":5},{"damage":7,"enemies":"Large Slime","floor":13,"turns":6},{"damage":2,"enemies":"Red Slaver","floor":14,"turns":3},{"damage":72,"enemies":"The Guardian","floor":16,"turns":14}],"seed_played":"-3324948995550947463","potions_obtained":[{"floor":4.0,"key":"Ancient Potion"},{"floor":5.0,"key":"Weak Potion"},{"floor":6,"key":"Ancient Potion"},{"floor":10,"key":"FearPotion"},{"floor":13,"key":"FearPotion"}],"is_trial":false,"path_per_floor":["M","?","?","M","M","E","?","R","T","M","R","M","M","M","R","B"],"character_chosen":"THE_SILENT","items_purchased":[],"campfire_rested":3,"item_purchase_floors":[],"current_hp_per_floor":[57,57,57,57,57,22,22,41,41,28,47,43,36,34,53,0],"gold":360,"neow_bonus":"THREE_RARE_CARDS","is_prod":false,"is_daily":false,"chose_seed":false,"campfire_upgraded":0,"win_rate":0,"timestamp":1549498018,"path_taken":["M","?","?","M","?","E","?","R","T","M","R","?","M","M","R","BOSS"],"build_version":"2019-01-23","purchased_purges":0,"victory":false,"max_hp_per_floor":[70,65,65,65,65,65,65,65,65,65,65,65,65,65,65,65],"card_choices":[{"not_picked":["Die Die Die","Doppelganger"],"picked":"Wraith Form v2","floor":0.0},{"not_picked":["Slice","Prepared"],"picked":"Backstab","floor":1.0},{"not_picked":["Flying Knee","Terror"],"picked":"Deadly Poison","floor":4.0},{"not_picked":["Heel Hook","Flying Knee"],"picked":"Dodge and Roll","floor":5.0},{"not_picked":["Concentrate","Flying Knee"],"picked":"Distraction","floor":6},{"not_picked":["Skewer","Dodge and Roll"],"picked":"Cloak And Dagger","floor":10},{"not_picked":["Riddle With Holes","Prepared"],"picked":"Dagger Spray","floor":12},{"not_picked":["Poisoned Stab","Underhanded Strike"],"picked":"Crippling Poison","floor":13},{"not_picked":["Flying Knee","Masterful Stab"],"picked":"Acrobatics","floor":14}],"player_experience":390091,"relics_obtained":[{"floor":6,"key":"Mercury Hourglass"},{"floor":9,"key":"Bottled Flame"}],"event_choices":[{"damage_healed":0.0,"max_hp_gain":0.0,"max_hp_loss":5.0,"gold_gain":0.0,"event_name":"Golden Idol","player_choice":"Lose Max HP","floor":2.0,"gold_loss":0.0,"damage_taken":0.0,"relics_obtained":["Golden Idol"]},{"damage_healed":0.0,"max_hp_gain":0.0,"max_hp_loss":0.0,"gold_gain":100.0,"event_name":"Golden Shrine","player_choice":"Pray","floor":3.0,"gold_loss":0.0,"damage_taken":0.0},{"damage_healed":0,"gold_gain":0,"player_choice":"Upgraded","damage_taken":0,"max_hp_gain":0,"max_hp_loss":0,"event_name":"Upgrade Shrine","floor":7,"gold_loss":0,"cards_upgraded":["Wraith Form v2"]}],"is_beta":false,"boss_relics":[],"items_purged_floors":[],"is_endless":false,"potions_floor_spawned":[4,5,6,10,13],"killed_by":"The Guardian","ascension_level":4}