{"gold_per_floor":[118,293,46,11,27,54,31,66,66,15,45,45,64,96,96,197,197,211,229,6,19,19,19,44,44,71,0,28,28,46,78,78,180,180,198,216,22,0,400,400,400,400,400,400,420,431,446,466,466,466],"floor_reached":51,"playtime":5183,"items_purged":["Doubt","Strike_B"],"score":939,"play_id":"49278a82-4dc6-496e-a091-95765bef8b43","local_time":"20190403120022","is_ascension_mode":true,"campfire_choices":[{"data":"Go for the Eyes","floor":12,"key":"SMITH"},{"data":"Defragment","floor":15,"key":"SMITH"},{"floor":23,"key":"REST"},{"floor":25,"key":"REST"},{"floor":32,"key":"REST"},{"floor":40,"key":"REST"},{"floor":42,"key":"REST"},{"floor":44,"key":"REST"},{"floor":49,"key":"REST"}],"neow_cost":"NONE","seed_source_timestamp":148295508633855,"circlet_count":0,"master_deck":["Strike_B","Strike_B","Strike_B","Defend_B","Defend_B","Defend_B","Defend_B","Zap+1","Dualcast","Glacier","Defragment+1","Go for the Eyes+1","Leap","Coolheaded+1","Barrage","Capacitor","Compile Driver","Doom and Gloom","Go for the Eyes","Creative AI","Sweeping Beam+1","Barrage+1","Cold Snap+1","Reprogram+1","Heatsinks+1","Stack+1","Seek+1","Skim+1","Hologram+1","Defragment+1","Consume+1"],"relics":["Cracked Core","PreservedInsect","Toxic Egg 2","Pen Nib","Meat on the Bone","Mummified Hand","Bag of Preparation","Runic Dome","Happy Flower","Potion Belt","Centennial Puzzle","Pear","Blue Candle","Fusion Hammer","Red Mask","Old Coin","Shuriken"],"potions_floor_usage":[31,33,45,50,50],"damage_taken":[{"damage":12,"enemies":"Small Slimes","floor":1,"turns":3},{"damage":2,"enemies":"Jaw Worm","floor":5,"turns":3},{"damage":0,"enemies":"Lagavulin","floor":6,"turns":7},{"damage":0,"enemies":"Gremlin Nob","floor":8,"turns":3},{"damage":5,"enemies":"Lagavulin","floor":11,"turns":7},{"damage":0,"enemies":"Cultist","floor":13,"turns":3},{"damage":21,"enemies":"Gremlin Nob","floor":14,"turns":4},{"damage":10,"enemies":"Hexaghost","floor":16,"turns":12},{"damage":18,"enemies":"3 Byrds","floor":18,"turns":5},{"damage":7,"enemies":"Spheric Guardian","floor":19,"turns":4},{"damage":6,"enemies":"Centurion and Healer","floor":21,"turns":5},{"damage":22,"enemies":"Book of Stabbing","floor":24,"turns":5},{"damage":16,"enemies":"Slavers","floor":28,"turns":5},{"damage":5,"enemies":"Shelled Parasite and Fungi","floor":30,"turns":2},{"damage":1,"enemies":"Book of Stabbing","floor":31,"turns":6},{"damage":46,"enemies":"Automaton","floor":33,"turns":10},{"damage":0,"enemies":"Orb Walker","floor":35,"turns":2},{"damage":0,"enemies":"3 Darklings","floor":36,"turns":4},{"damage":0,"enemies":"Mind Bloom Boss Battle","floor":39,"turns":4},{"damage":5,"enemies":"Sphere and 2 Shapes","floor":45,"turns":3},{"damage":12,"enemies":"Transient","floor":46,"turns":5},{"damage":9,"enemies":"Spire Growth","floor":47,"turns":6},{"damage":3,"enemies":"Writhing Mass","floor":48,"turns":5},{"damage":36,"enemies":"Donu and Deca","floor":50,"turns":6}],"seed_played":"2057879989211045924","potions_obtained":[{"floor":11,"key":"Dexterity Potion"},{"floor":14,"key":"Ancient Potion"},{"floor":16,"key":"FearPotion"},{"floor":28,"key":"Weak Potion"},{"floor":31,"key":"AttackPotion"},{"floor":33,"key":"Ancient Potion"},{"floor":45,"key":"Poison Potion"},{"floor":48,"key":"Strength Potion"}],"is_trial":false,"path_per_floor":["?","?","$","M","?","?","M","?","?","?","M"],"character_chosen":"DEFECT","items_purchased":["PreservedInsect","Defragment","Go for the Eyes","Barrage","Compile Driver","Happy Flower","Energy Potion","Hologram+1"],"campfire_rested":7,"item_purchase_floors":[3,3,3,7,10,20,37,37],"current_hp_per_floor":[63,63,63,75,73,73,73,73,73,73,68,68,68,47,47,49,69,51,44,44,38,38,60,38,60,60,60,54,54,49,48,73,39,74,74,74,74,74,74,85,85,85,85,85,80,68,59,56,81,45],"gold":466,"neow_bonus":"UPGRADE_CARD","is_prod":false,"is_daily":false,"chose_seed":false,"campfire_upgraded":2,"win_rate":0,"timestamp":1554289222,"path_taken":["M","?","$","?","M","E","$","E","T","?","E","R","M","E","R","BOSS","M","M","$","?","$","R","E","R","T","?","E","?","?","E","R","BOSS","M","M","$","?","?","R","?","R","T","R","M","M","M","?","R","BOSS"],"build_version":"2019-01-23","purchased_purges":2,"victory":true,"max_hp_per_floor":[75,75,75,75,75,75,75,75,75,75,75,75,75,75,75,75,75,75,75,75,75,75,75,75,75,75,75,85,85,85,85,85,85,85,85,85,85,85,85,85,85,85,85,85,85,85,85,85,85,85],"card_choices":[{"not_picked":["Barrage","Capacitor"],"picked":"Glacier","floor":1},{"not_picked":["Storm","Blizzard"],"picked":"Leap","floor":5},{"not_picked":["Steam","Double Energy"],"picked":"Coolheaded","floor":6},{"not_picked":["Multi-Cast+1","Conserve Battery+1"],"picked":"Capacitor","floor":8},{"not_picked":["Streamline","Recycle+1"],"picked":"Doom and Gloom","floor":11},{"not_picked":["Ball Lightning","Beam Cell"],"picked":"Go for the Eyes","floor":13},{"not_picked":["Go for the Eyes","Streamline"],"picked":"Creative AI","floor":14},{"not_picked":["Streamline","Steam+1"],"picked":"Sweeping Beam+1","floor":18},{"not_picked":["Sweeping Beam","Force Field+1"],"picked":"Barrage+1","floor":19},{"not_picked":["Barrage","Compile Driver"],"picked":"Cold Snap+1","floor":21},{"not_picked":["Stack+1","Sweeping Beam+1"],"picked":"Reprogram+1","floor":24},{"not_picked":["Turbo+1","Rip and Tear+1"],"picked":"Heatsinks+1","floor":28},{"not_picked":["Hello World","Ball Lightning","Hyperbeam"],"picked":"SKIP","floor":30},{"not_picked":["Barrage+1","Compile Driver"],"picked":"Stack+1","floor":31},{"not_picked":["Buffer","Rainbow+1"],"picked":"Seek+1","floor":33},{"not_picked":["Coolheaded+1","Conserve Battery+1"],"picked":"Skim+1","floor":35},{"not_picked":["Sweeping Beam+1","Coolheaded+1","Double Energy+1"],"picked":"SKIP","floor":36},{"not_picked":["Steam+1","Hologram+1","Streamline"],"picked":"SKIP","floor":45},{"not_picked":["Go for the Eyes+1","Redo+1","Buffer"],"picked":"SKIP","floor":46},{"not_picked":["Conserve Battery+1","Hologram+1"],"picked":"Consume+1","floor":47},{"not_picked":["Barrage+1","Sweeping Beam+1","Aggregate+1"],"picked":"SKIP","floor":48}],"player_experience":430079,"relics_obtained":[{"floor":6,"key":"Toxic Egg 2"},{"floor":8,"key":"Pen Nib"},{"floor":9,"key":"Meat on the Bone"},{"floor":11,"key":"Mummified Hand"},{"floor":14,"key":"Bag of Preparation"},{"floor":24,"key":"Potion Belt"},{"floor":26,"key":"Centennial Puzzle"},{"floor":28,"key":"Pear"},{"floor":31,"key":"Blue Candle"},{"floor":39,"key":"Old Coin"},{"floor":43,"key":"Shuriken"}],"event_choices":[{"damage_healed":0,"gold_gain":175,"player_choice":"AGREE","damage_taken":0,"max_hp_gain":0,"max_hp_loss":0,"event_name":"Liars Game","floor":2,"gold_loss":0,"cards_obtained":["Doubt"]},{"damage_healed":18,"gold_gain":0,"player_choice":"Healed","damage_taken":0,"max_hp_gain":0,"max_hp_loss":0,"event_name":"The Cleric","floor":4,"gold_loss":35},{"damage_healed":0,"gold_gain":0,"player_choice":"Paid Fearfully","damage_taken":0,"max_hp_gain":0,"max_hp_loss":0,"event_name":"Masked Bandits","floor":27,"gold_loss":71},{"damage_healed":0,"gold_gain":0,"player_choice":"Ignored","damage_taken":0,"max_hp_gain":0,"max_hp_loss":0,"event_name":"N\u0027loth","floor":29,"gold_loss":0},{"damage_healed":0,"gold_gain":0,"player_choice":"Paid","damage_taken":0,"relics_obtained":["Red Mask"],"max_hp_gain":0,"max_hp_loss":0,"event_name":"Tomb of Lord Red Mask","floor":38,"gold_loss":22},{"damage_healed":0,"gold_gain":0,"player_choice":"Fight","damage_taken":0,"max_hp_gain":0,"max_hp_loss":0,"event_name":"MindBloom","floor":39,"gold_loss":0},{"damage_healed":0,"gold_gain":0,"player_choice":"Copied","damage_taken":0,"max_hp_gain":0,"max_hp_loss":0,"event_name":"Duplicator","floor":41,"gold_loss":0,"cards_obtained":["Defragment"]}],"is_beta":false,"boss_relics":[{"not_picked":["Astrolabe","FrozenCore"],"picked":"Runic Dome"},{"not_picked":["Tiny House","Calling Bell"],"picked":"Fusion Hammer"}],"items_purged_floors":[20,37],"is_endless":false,"potions_floor_spawned":[11,14,16,28,31,33,45,47,48],"ascension_level":5}