{"gold_per_floor":[10,10,27,27,27,27,41,72,72,95,95,113,113,41,41,160,160,184,184,203,128,128],"floor_reached":22,"playtime":1165,"items_purged":[],"score":285,"play_id":"718940bf-c941-43da-9f62-05e0e0735afe","local_time":"20190411203615","is_ascension_mode":true,"campfire_choices":[{"data":"Zap","floor":6,"key":"SMITH"},{"floor":11,"key":"REST"},{"floor":15,"key":"REST"}],"neow_cost":"NO_GOLD","seed_source_timestamp":24758108646600,"circlet_count":0,"master_deck":["AscendersBane","Strike_B","Strike_B","Strike_B","Strike_B","Defend_B","Defend_B","Defend_B","Defend_B","Zap+1","Dualcast","Core Surge","Sunder","Undo","Steam","Ball Lightning","Darkness","Hyperbeam","Doubt","Shame","Hologram","Cold Snap"],"relics":["Cracked Core","Golden Idol","Du-Vu Doll","Sundial","Calling Bell","Potion Belt","Shuriken","Ice Cream"],"potions_floor_usage":[16],"damage_taken":[{"damage":6,"enemies":"2 Louse","floor":1,"turns":3},{"damage":2,"enemies":"Jaw Worm","floor":3,"turns":3},{"damage":8,"enemies":"Small Slimes","floor":7,"turns":2},{"damage":22,"enemies":"3 Sentries","floor":8,"turns":8},{"damage":4,"enemies":"2 Fungi Beasts","floor":10,"turns":2},{"damage":0,"enemies":"Blue Slaver","floor":12,"turns":3},{"damage":26,"enemies":"The Guardian","floor":16,"turns":9},{"damage":39,"enemies":"2 Thieves","floor":18,"turns":4},{"damage":0,"enemies":"Spheric Guardian","floor":20,"turns":3},{"damage":29,"enemies":"Shelled Parasite and Fungi","floor":22,"turns":2}],"seed_played":"5620701973275615144","potions_obtained":[{"floor":1,"key":"FearPotion"},{"floor":10,"key":"Fire Potion"},{"floor":20,"key":"Swift Potion"}],"is_trial":false,"path_per_floor":["M","?","M","?","?","R","M","E","T","M","R","M","?","$","R","B",null,"M","?","M","?","M"],"character_chosen":"DEFECT","items_purchased":["Darkness"],"campfire_rested":2,"item_purchase_floors":[14],"current_hp_per_floor":[62,62,60,65,45,45,37,15,15,11,35,35,35,35,59,33,68,29,29,29,29,0],"gold":128,"neow_bonus":"THREE_RARE_CARDS","is_prod":false,"is_daily":false,"chose_seed":false,"campfire_upgraded":1,"win_rate":0,"timestamp":1555029375,"path_taken":["M","?","M","?","?","R","M","E","T","M","R","?","?","$","R","BOSS","M","?","M","?","M"],"build_version":"2019-01-23","purchased_purges":0,"victory":false,"max_hp_per_floor":[75,75,75,80,80,80,80,80,80,80,80,80,80,80,80,80,80,80,80,80,80,80],"card_choices":[{"not_picked":["Seek","Rainbow"],"picked":"Core Surge","floor":0},{"not_picked":["Aggregate","Reprogram"],"picked":"Sunder","floor":1},{"not_picked":["Chaos","Skim","Steam Power"],"picked":"SKIP","floor":3},{"not_picked":["Barrage","Hello World"],"picked":"Undo","floor":7},{"not_picked":["Compile Driver","Hello World"],"picked":"Steam","floor":8},{"not_picked":["Chaos","Glacier"],"picked":"Ball Lightning","floor":10},{"not_picked":["Streamline","Blizzard","Hologram"],"picked":"SKIP","floor":12},{"not_picked":["All For One","Reboot"],"picked":"Hyperbeam","floor":16},{"not_picked":["Glacier","Go for the Eyes"],"picked":"Hologram","floor":18},{"not_picked":["Gash","Stack"],"picked":"Cold Snap","floor":20}],"player_experience":569178,"relics_obtained":[{"floor":8,"key":"Du-Vu Doll"},{"floor":9,"key":"Sundial"},{"floor":17,"key":"Potion Belt"},{"floor":17,"key":"Shuriken"},{"floor":17,"key":"Ice Cream"}],"event_choices":[{"damage_healed":0,"gold_gain":0,"player_choice":"Leave","damage_taken":0,"max_hp_gain":0,"max_hp_loss":0,"event_name":"The Cleric","floor":2,"gold_loss":0},{"damage_healed":0,"gold_gain":0,"player_choice":"Donut","damage_taken":0,"max_hp_gain":5,"max_hp_loss":0,"event_name":"Big Fish","floor":4,"gold_loss":0},{"damage_healed":0,"gold_gain":0,"player_choice":"Take Damage","damage_taken":20,"relics_obtained":["Golden Idol"],"max_hp_gain":0,"max_hp_loss":0,"event_name":"Golden Idol","floor":5,"gold_loss":0},{"damage_healed":0,"gold_gain":0,"player_choice":"Ignored","damage_taken":0,"max_hp_gain":0,"max_hp_loss":0,"event_name":"Shining Light","floor":13,"gold_loss":0},{"damage_healed":0,"gold_gain":0,"player_choice":"Ignored","damage_taken":0,"max_hp_gain":0,"max_hp_loss":0,"event_name":"Vampires","floor":19,"gold_loss":0},{"cards_removed":["Normality"],"damage_healed":0,"gold_gain":0,"player_choice":"Gave Gold","damage_taken":0,"max_hp_gain":0,"max_hp_loss":0,"event_name":"Beggar","floor":21,"gold_loss":75}],"is_beta":false,"boss_relics":[{"not_picked":["Astrolabe","Tiny House"],"picked":"Calling Bell"}],"items_purged_floors":[],"is_endless":false,"potions_floor_spawned":[1,10,20],"killed_by":"Shelled Parasite and Fungi","ascension_level":11}