{"gold_per_floor":[115,126,76,88,98,98,111,144,170,202,222,15,15,33,33,128,128,148,148,164,183,201,201,201],"floor_reached":24,"playtime":1375,"items_purged":[],"score":223,"play_id":"07f9705b-6f68-41b4-ad05-a81ddfd2eaa3","local_time":"20181025200529","is_ascension_mode":true,"campfire_choices":[{"data":"Armaments","floor":6,"key":"SMITH"},{"data":"Searing Blow","floor":15,"key":"SMITH"},{"data":"Metamorphosis","floor":23,"key":"SMITH"}],"neow_cost":"NONE","seed_source_timestamp":179305704861300,"circlet_count":0,"master_deck":["Strike_R","Strike_R","Strike_R","Strike_R","Defend_R","Defend_R","Defend_R","Defend_R","Bash","Flex","Armaments+1","Inflame","Carnage","Entrench","Headbutt","Pommel Strike","Searing Blow+1","Metamorphosis+1","Demon Form","Flex+1","Heavy Blade","Shrug It Off"],"relics":["Burning Blood","Lantern","Letter Opener","Vajra","Bronze Scales","CultistMask","Sozu","MutagenicStrength"],"potions_floor_usage":[8,16,18],"damage_taken":[{"damage":1,"enemies":"Jaw Worm","floor":1,"turns":3},{"damage":1,"enemies":"2 Louse","floor":2,"turns":3},{"damage":1,"enemies":"Cultist","floor":4,"turns":3},{"damage":16,"enemies":"Large Slime","floor":5,"turns":8},{"damage":11,"enemies":"Exordium Thugs","floor":7,"turns":5},{"damage":17,"enemies":"3 Sentries","floor":8,"turns":5},{"damage":14,"enemies":"Gremlin Nob","floor":10,"turns":3},{"damage":0,"enemies":"2 Fungi Beasts","floor":11,"turns":2},{"damage":8,"enemies":"Large Slime","floor":14,"turns":4},{"damage":1,"enemies":"Hexaghost","floor":16,"turns":6},{"damage":0,"enemies":"2 Thieves","floor":18,"turns":4},{"damage":0,"enemies":"Chosen","floor":20,"turns":2},{"damage":32,"enemies":"Shelled Parasite and Fungi","floor":21,"turns":5},{"damage":11,"enemies":"Cultist and Chosen","floor":22,"turns":4},{"damage":50,"enemies":"Gremlin Leader","floor":24,"turns":3}],"seed_played":"8916244681432758270","potions_obtained":[{"floor":5,"key":"SkillPotion"},{"floor":7,"key":"Ancient Potion"},{"floor":8,"key":"SkillPotion"},{"floor":11,"key":"Swift Potion"}],"is_trial":false,"path_per_floor":["M","M","?","M","M","R","M","E","T","E","M","$","?","M","R","B",null,"M","?","M","M","M","R"],"character_chosen":"IRONCLAD","items_purchased":["Searing Blow","Metamorphosis"],"campfire_rested":0,"item_purchase_floors":[12,12],"current_hp_per_floor":[80,80,80,80,70,70,65,54,54,46,52,52,52,50,50,55,80,80,80,80,54,49,49,0],"gold":201,"neow_bonus":"RANDOM_COMMON_RELIC","is_prod":false,"is_daily":false,"chose_seed":false,"campfire_upgraded":3,"win_rate":0,"timestamp":1540512329,"path_taken":["M","M","?","M","M","R","M","E","T","E","M","$","?","?","R","BOSS","M","?","M","M","M","R","E"],"build_version":"2018-10-25v2","purchased_purges":0,"victory":false,"max_hp_per_floor":[80,80,80,80,80,80,80,80,80,80,80,80,80,80,80,80,80,80,80,80,80,80,80,80],"card_choices":[{"not_picked":["Iron Wave","True Grit"],"picked":"Flex","floor":1},{"not_picked":["Ghostly Armor","Rupture"],"picked":"Armaments","floor":2},{"not_picked":["Warcry","Pommel Strike"],"picked":"Inflame","floor":4},{"not_picked":["Havoc","Pommel Strike"],"picked":"Carnage","floor":5},{"not_picked":["Perfected Strike","Twin Strike","Dual Wield"],"picked":"SKIP","floor":7},{"not_picked":["Clash","Metallicize"],"picked":"Entrench","floor":8},{"not_picked":["Uppercut","Second Wind"],"picked":"Headbutt","floor":10},{"not_picked":["Havoc","Immolate"],"picked":"Pommel Strike","floor":11},{"not_picked":["Pommel Strike","Havoc","Power Through"],"picked":"SKIP","floor":14},{"not_picked":["Dark Embrace","Immolate"],"picked":"Demon Form","floor":16},{"not_picked":["Blood for Blood","Warcry"],"picked":"Flex+1","floor":18},{"not_picked":["Clash","Anger+1"],"picked":"Heavy Blade","floor":20},{"not_picked":["Flex","Thunderclap","Wild Strike"],"picked":"SKIP","floor":21},{"not_picked":["Sword Boomerang","Pommel Strike"],"picked":"Shrug It Off","floor":22}],"player_experience":249227,"relics_obtained":[{"floor":8,"key":"Letter Opener"},{"floor":9,"key":"Vajra"},{"floor":10,"key":"Bronze Scales"}],"event_choices":[{"cards_removed":["Strike_R"],"damage_healed":0,"gold_gain":0,"player_choice":"Card Removal","damage_taken":0,"max_hp_gain":0,"max_hp_loss":0,"event_name":"The Cleric","floor":3,"gold_loss":50},{"damage_healed":0,"gold_gain":0,"player_choice":"Trade","damage_taken":0,"relics_obtained":["CultistMask"],"max_hp_gain":0,"max_hp_loss":0,"event_name":"FaceTrader","floor":13,"gold_loss":0},{"damage_healed":0,"gold_gain":0,"player_choice":"Inject Mutagens","damage_taken":0,"relics_obtained":["MutagenicStrength"],"max_hp_gain":0,"max_hp_loss":0,"event_name":"Drug Dealer","floor":19,"gold_loss":0}],"is_beta":true,"boss_relics":[{"not_picked":["Mark of Pain","Black Star"],"picked":"Sozu"}],"items_purged_floors":[],"is_endless":false,"potions_floor_spawned":[5,7,8,11,20,21],"killed_by":"Gremlin Leader","ascension_level":1}