{"gold_per_floor":[109,124,124,124,137,137,137,137,437,437,454,454,108,134,134,206,206,223,236,236,9,9,9,0,0,75,75,88,88,108,108,108,108],"floor_reached":33,"playtime":1180,"items_purged":[],"score":439,"play_id":"619fdea4-1da2-4c73-a335-b36bb513ddc0","local_time":"20190420221547","is_ascension_mode":true,"campfire_choices":[{"data":"Defragment","floor":6,"key":"SMITH"},{"data":"Chill","floor":8,"key":"SMITH"},{"data":"Zap","floor":12,"key":"SMITH"},{"data":"Darkness","floor":15,"key":"SMITH"},{"data":"Defragment","floor":23,"key":"SMITH"},{"data":"Creative AI","floor":25,"key":"SMITH"},{"data":"Capacitor","floor":27,"key":"SMITH"},{"floor":32,"key":"REST"}],"neow_cost":"NONE","seed_source_timestamp":472219578212200,"circlet_count":0,"master_deck":["AscendersBane","Strike_B+1","Strike_B","Strike_B","Defend_B","Defend_B","Defend_B","Defend_B","Zap+1","Dualcast+1","Chill+1","Defragment+1","Sweeping Beam","Rip and Tear","Conserve Battery","Darkness+1","Self Repair","Coolheaded","Creative AI+1","Capacitor+1","Coolheaded","Defragment+1","Darkness+1","Shame","Injury","Storm","Electrodynamics","Pain"],"relics":["Cracked Core","Old Coin","Medical Kit","Pantograph","Cursed Key","DollysMirror","Mercury Hourglass","Letter Opener","FaceOfCleric","Shuriken"],"potions_floor_usage":[],"damage_taken":[{"damage":3,"enemies":"Cultist","floor":1,"turns":4},{"damage":2,"enemies":"2 Louse","floor":2,"turns":4},{"damage":0,"enemies":"Small Slimes","floor":5,"turns":4},{"damage":0,"enemies":"2 Fungi Beasts","floor":11,"turns":3},{"damage":7,"enemies":"3 Sentries","floor":14,"turns":5},{"damage":31,"enemies":"The Guardian","floor":16,"turns":11},{"damage":22,"enemies":"Shell Parasite","floor":18,"turns":6},{"damage":14,"enemies":"Spheric Guardian","floor":19,"turns":4},{"damage":19,"enemies":"Cultist and Chosen","floor":28,"turns":7},{"damage":32,"enemies":"3 Cultists","floor":30,"turns":5},{"damage":77,"enemies":"Automaton","floor":33,"turns":6}],"seed_played":"-2254896596707284443","potions_obtained":[{"floor":1,"key":"SteroidPotion"},{"floor":16,"key":"Strength Potion"}],"is_trial":false,"path_per_floor":["M","M","?","$","M","R","?","R","T","?","M","R","$","E","R","B",null,"M","M","?","$","?","R","?","R","T","R","M","?","M","T","R","B"],"character_chosen":"DEFECT","items_purchased":["Medical Kit","Darkness","Self Repair","Defragment","DollysMirror"],"campfire_rested":1,"item_purchase_floors":[13,13,13,21,21],"current_hp_per_floor":[65,63,63,63,63,63,68,68,68,52,52,52,52,52,52,53,73,58,51,51,51,51,51,51,51,51,51,39,39,15,15,39,0],"gold":108,"neow_bonus":"TRANSFORM_CARD","is_prod":false,"is_daily":false,"chose_seed":false,"campfire_upgraded":7,"win_rate":0,"timestamp":1555812947,"path_taken":["M","M","?","$","M","R","?","R","T","?","M","R","$","E","R","BOSS","M","M","?","$","?","R","?","R","T","R","M","?","?","?","R","BOSS"],"build_version":"2019-01-23","purchased_purges":0,"victory":false,"max_hp_per_floor":[75,75,75,75,75,75,80,80,80,80,80,80,80,80,80,80,80,80,80,80,80,80,80,80,80,80,80,80,80,81,81,81,81],"card_choices":[{"not_picked":["Genetic Algorithm","Conserve Battery"],"picked":"Defragment","floor":1},{"not_picked":["Double Energy","Go for the Eyes"],"picked":"Sweeping Beam","floor":2},{"not_picked":["Streamline","Conserve Battery"],"picked":"Rip and Tear","floor":5},{"not_picked":["Cold Snap","Barrage"],"picked":"Conserve Battery","floor":11},{"not_picked":["Hello World","Rip and Tear"],"picked":"Coolheaded","floor":14},{"not_picked":["Reboot","Amplify"],"picked":"Creative AI","floor":16},{"not_picked":["Hologram","Skim"],"picked":"Capacitor","floor":18},{"not_picked":["Reinforced Body","Sunder"],"picked":"Coolheaded","floor":19},{"not_picked":["Leap","Gash"],"picked":"Storm","floor":28},{"not_picked":["Auto Shields","Coolheaded"],"picked":"Electrodynamics","floor":30}],"player_experience":606265,"relics_obtained":[{"floor":9,"key":"Old Coin"},{"floor":14,"key":"Pantograph"},{"floor":26,"key":"Letter Opener"},{"floor":31,"key":"Shuriken"}],"event_choices":[{"damage_healed":0,"gold_gain":0,"player_choice":"Leave","damage_taken":0,"max_hp_gain":0,"max_hp_loss":0,"event_name":"The Cleric","floor":3,"gold_loss":0},{"damage_healed":0,"gold_gain":0,"player_choice":"Donut","damage_taken":0,"max_hp_gain":5,"max_hp_loss":0,"event_name":"Big Fish","floor":7,"gold_loss":0},{"damage_healed":0,"gold_gain":0,"player_choice":"Entered Light","damage_taken":16,"max_hp_gain":0,"max_hp_loss":0,"event_name":"Shining Light","floor":10,"gold_loss":0,"cards_upgraded":["Strike_B","Dualcast"]},{"damage_healed":0,"gold_gain":0,"player_choice":"Ignored","damage_taken":0,"max_hp_gain":0,"max_hp_loss":0,"event_name":"Vampires","floor":20,"gold_loss":0},{"damage_healed":0,"gold_gain":0,"player_choice":"Stole Relic","damage_taken":0,"relics_obtained":["Mercury Hourglass"],"max_hp_gain":0,"max_hp_loss":0,"event_name":"Addict","floor":22,"gold_loss":0,"cards_obtained":["Shame"]},{"damage_healed":0,"gold_gain":0,"player_choice":"Paid Fearfully","damage_taken":0,"max_hp_gain":0,"max_hp_loss":0,"event_name":"Masked Bandits","floor":24,"gold_loss":9},{"damage_healed":0,"gold_gain":0,"player_choice":"Trade","damage_taken":0,"relics_obtained":["FaceOfCleric"],"max_hp_gain":0,"max_hp_loss":0,"event_name":"FaceTrader","floor":29,"gold_loss":0}],"is_beta":false,"boss_relics":[{"not_picked":["White Beast Statue","Calling Bell"],"picked":"Cursed Key"}],"items_purged_floors":[],"is_endless":false,"potions_floor_spawned":[1,16,19,30],"killed_by":"Automaton","ascension_level":13}