{"gold_per_floor":[111,111,130,140,140,140,175,193,217,217,230,244,244,244,244,363,363,382,382,207,222,242,242],"floor_reached":23,"playtime":937,"items_purged":[],"score":270,"play_id":"e4dcc6fd-ac29-456e-bcad-f2418f59665b","local_time":"20190212230214","is_ascension_mode":true,"campfire_choices":[{"data":"Zap","floor":6,"key":"SMITH"},{"data":"Go for the Eyes","floor":10,"key":"SMITH"},{"floor":15,"key":"REST"}],"neow_cost":"NONE","seed_source_timestamp":20333886468100,"circlet_count":0,"master_deck":["Strike_B","Strike_B","Strike_B","Defend_B","Defend_B","Defend_B","Defend_B","Zap+1","Dualcast+1","Gash","Leap","Rebound","Injury","Go for the Eyes+1","Ball Lightning","Echo Form","Hologram+1","Conserve Battery","Gash+1"],"relics":["Cracked Core","Lantern","Golden Idol","Orichalcum","Happy Flower","Cursed Key","DataDisk","Ancient Tea Set"],"potions_floor_usage":[11,11,16,22,23],"damage_taken":[{"damage":0,"enemies":"Small Slimes","floor":1,"turns":3},{"damage":6,"enemies":"Cultist","floor":3,"turns":3},{"damage":7,"enemies":"Jaw Worm","floor":4,"turns":4},{"damage":26,"enemies":"3 Sentries","floor":7,"turns":8},{"damage":0,"enemies":"2 Fungi Beasts","floor":8,"turns":3},{"damage":11,"enemies":"Gremlin Gang","floor":11,"turns":3},{"damage":11,"enemies":"Exordium Wildlife","floor":12,"turns":5},{"damage":28,"enemies":"Hexaghost","floor":16,"turns":10},{"damage":6,"enemies":"Spheric Guardian","floor":18,"turns":3},{"damage":26,"enemies":"2 Thieves","floor":21,"turns":4},{"damage":12,"enemies":"Centurion and Healer","floor":22,"turns":7},{"damage":15,"enemies":"Book of Stabbing","floor":23,"turns":3}],"seed_played":"1082373937051964732","potions_obtained":[{"floor":3,"key":"Fire Potion"},{"floor":4,"key":"Strength Potion"},{"floor":8,"key":"Weak Potion"},{"floor":21,"key":"Fire Potion"},{"floor":22,"key":"Strength Potion"}],"is_trial":false,"path_per_floor":["M","?","M","M","?","R","E","M","T","R","M","M","?","?","R","B",null,"M","?","$","M","M","E"],"character_chosen":"DEFECT","items_purchased":["Ancient Tea Set","Conserve Battery"],"campfire_rested":1,"item_purchase_floors":[20,20],"current_hp_per_floor":[68,68,62,55,55,55,29,29,29,29,18,7,7,7,29,1,57,51,51,51,25,13,0],"gold":242,"neow_bonus":"RANDOM_COMMON_RELIC","is_prod":false,"is_daily":false,"chose_seed":false,"campfire_upgraded":2,"win_rate":0,"timestamp":1550030534,"path_taken":["M","?","M","?","?","R","E","M","T","R","M","M","?","?","R","BOSS","M","?","$","M","?","E"],"build_version":"2019-01-23","purchased_purges":0,"victory":false,"max_hp_per_floor":[75,75,75,75,75,75,75,75,75,75,75,75,75,75,75,75,75,75,75,75,75,75,75],"card_choices":[{"not_picked":["Turbo","Compile Driver"],"picked":"Gash","floor":1},{"not_picked":["Double Energy","Steam Power"],"picked":"Leap","floor":3},{"not_picked":["Barrage","Heatsinks"],"picked":"Rebound","floor":4},{"not_picked":["Aggregate","Steam Power"],"picked":"FTL","floor":7},{"not_picked":["Conserve Battery","Streamline"],"picked":"Go for the Eyes","floor":8},{"not_picked":["Redo","Storm","Chaos"],"picked":"SKIP","floor":11},{"not_picked":["Cold Snap","Go for the Eyes"],"picked":"Ball Lightning","floor":12},{"not_picked":["Hyperbeam","Machine Learning"],"picked":"Echo Form","floor":16},{"not_picked":["Barrage","Stack+1"],"picked":"Hologram+1","floor":18},{"not_picked":["Steam","Blizzard","Redo"],"picked":"SKIP","floor":21},{"not_picked":["Sweeping Beam","Leap"],"picked":"Gash+1","floor":22}],"player_experience":452424,"relics_obtained":[{"floor":7,"key":"Orichalcum"},{"floor":9,"key":"Happy Flower"}],"event_choices":[{"cards_removed":["Strike_B"],"damage_healed":0,"gold_gain":0,"player_choice":"Purged","damage_taken":0,"max_hp_gain":0,"max_hp_loss":0,"event_name":"Purifier","floor":2,"gold_loss":0},{"damage_healed":0,"gold_gain":0,"player_choice":"Take Wound","damage_taken":0,"relics_obtained":["Golden Idol"],"max_hp_gain":0,"max_hp_loss":0,"event_name":"Golden Idol","floor":5,"gold_loss":0,"cards_obtained":["Injury"]},{"damage_healed":0,"gold_gain":0,"player_choice":"Grow","damage_taken":0,"max_hp_gain":0,"max_hp_loss":0,"event_name":"Living Wall","floor":13,"gold_loss":0,"cards_upgraded":["Dualcast"]},{"damage_healed":0,"gold_gain":0,"player_choice":"Ignored","damage_taken":0,"max_hp_gain":0,"max_hp_loss":0,"event_name":"Golden Wing","floor":14,"gold_loss":0},{"cards_removed":["FTL"],"damage_healed":0,"gold_gain":0,"player_choice":"Gave Card","damage_taken":0,"relics_obtained":["DataDisk"],"max_hp_gain":0,"max_hp_loss":0,"event_name":"WeMeetAgain","floor":19,"gold_loss":0}],"is_beta":false,"boss_relics":[{"not_picked":["Busted Crown","Sozu"],"picked":"Cursed Key"}],"items_purged_floors":[],"is_endless":false,"potions_floor_spawned":[3,4,8,21,22],"killed_by":"Book of Stabbing","ascension_level":8}