{"gold_per_floor":[119,119,194,164,25,58,70,97,123,140,175,188,216,285,297,412,424,449,472,95,114,114,114,0,0,0,27,46,46],"floor_reached":29,"playtime":1433,"items_purged":["Strike_B"],"score":340,"play_id":"97329b84-cd87-4800-a0da-765899218fc3","local_time":"20190322132454","is_ascension_mode":true,"campfire_choices":[{"data":"Defragment","floor":15.0,"key":"SMITH"},{"data":"Fission","floor":23.0,"key":"SMITH"},{"data":"Creative AI","floor":25.0,"key":"SMITH"}],"neow_cost":"NONE","seed_source_timestamp":298820980596081,"circlet_count":0,"master_deck":["Strike_B","Strike_B","Defend_B","Defend_B","Defend_B","Defend_B","Zap","Dualcast","Steam","All For One","Streamline","Defragment+1","Creative AI+1","Coolheaded","Steam","Hologram","Storm","Fission+1","Self Repair","Coolheaded","Self Repair","Gash","Go for the Eyes+1","White Noise+1"],"special_seed":0,"relics":["Cracked Core","NeowsBlessing","PreservedInsect","FossilizedHelix","Lantern","Smiling Mask","Orichalcum","MawBank","Dream Catcher","Coffee Dripper","Kunai","Molten Egg 2","The Courier"],"potions_floor_usage":[],"damage_taken":[{"damage":0.0,"enemies":"Cultist","floor":1.0,"turns":1.0},{"damage":0.0,"enemies":"Gremlin Nob","floor":6.0,"turns":1.0},{"damage":0.0,"enemies":"Small Slimes","floor":7.0,"turns":1.0},{"damage":4.0,"enemies":"Lagavulin","floor":8.0,"turns":5.0},{"damage":0.0,"enemies":"2 Louse","floor":10.0,"turns":2.0},{"damage":9.0,"enemies":"3 Sentries","floor":11.0,"turns":8.0},{"damage":2.0,"enemies":"Exordium Wildlife","floor":12.0,"turns":5.0},{"damage":2.0,"enemies":"Gremlin Nob","floor":13.0,"turns":4.0},{"damage":0.0,"enemies":"3 Sentries","floor":14.0,"turns":6.0},{"damage":15.0,"enemies":"Hexaghost","floor":16.0,"turns":9.0},{"damage":27.0,"enemies":"3 Byrds","floor":18.0,"turns":6.0},{"damage":28.0,"enemies":"2 Thieves","floor":19.0,"turns":5.0},{"damage":0.0,"enemies":"Cultist and Chosen","floor":21.0,"turns":9.0},{"damage":27.0,"enemies":"Gremlin Leader","floor":27.0,"turns":9.0},{"damage":20,"enemies":"3 Cultists","floor":28,"turns":5},{"damage":16,"enemies":"Snake Plant","floor":29,"turns":3}],"seed_played":"-6316083511643077681","potions_obtained":[{"floor":4.0,"key":"SkillPotion"},{"floor":4.0,"key":"SkillPotion"},{"floor":7.0,"key":"Energy Potion"},{"floor":11.0,"key":"LiquidBronze"},{"floor":12.0,"key":"PowerPotion"},{"floor":28,"key":"FairyPotion"}],"is_trial":false,"path_per_floor":["T","?","?","M","?","?","?"],"character_chosen":"DEFECT","items_purchased":["All For One","Kunai","Self Repair"],"campfire_rested":0,"item_purchase_floors":[5,20,20],"current_hp_per_floor":[75,75,64,64,64,64,64,60,60,60,51,49,47,47,47,32,75,48,27,27,41,41,41,41,41,41,21,8,0],"gold":46,"neow_bonus":"THREE_ENEMY_KILL","is_prod":false,"is_daily":false,"chose_seed":false,"campfire_upgraded":3,"win_rate":0,"timestamp":1553286294,"path_taken":["M","?","?","?","$","E","M","E","T","?","E","M","E","?","R","BOSS","M","M","$","M","?","R","?","R","T","E","M","M"],"build_version":"2019-01-23","purchased_purges":1,"victory":false,"max_hp_per_floor":[75,75,75,75,75,75,75,75,75,75,75,75,75,75,75,75,75,75,75,75,75,75,75,75,75,75,75,75,75],"card_choices":[{"not_picked":["Hologram","Redo"],"picked":"Steam","floor":1.0},{"not_picked":["Steam Power","Compile Driver"],"picked":"Streamline","floor":6.0},{"not_picked":["Hologram","Stack"],"picked":"Defragment","floor":7.0},{"not_picked":["Leap","Conserve Battery"],"picked":"Creative AI","floor":8.0},{"not_picked":["Gash","Tempest"],"picked":"Coolheaded","floor":10.0},{"not_picked":["Redo","Ball Lightning"],"picked":"Steam","floor":11.0},{"not_picked":["Beam Cell","Ball Lightning"],"picked":"Hologram","floor":12.0},{"not_picked":["All For One","Turbo"],"picked":"Storm","floor":13.0},{"not_picked":["All For One","Meteor Strike"],"picked":"Fission","floor":16.0},{"not_picked":["Leap","Sweeping Beam"],"picked":"Self Repair","floor":18.0},{"not_picked":["Steam","Cold Snap+1"],"picked":"Coolheaded","floor":19.0},{"not_picked":["Cold Snap","Streamline+1"],"picked":"Gash","floor":21.0},{"not_picked":["Blizzard+1","All For One+1"],"picked":"Go for the Eyes+1","floor":27.0},{"not_picked":["Blizzard+1","Go for the Eyes+1"],"picked":"White Noise+1","floor":28}],"player_experience":101517,"relics_obtained":[{"floor":2.0,"key":"PreservedInsect"},{"floor":6.0,"key":"FossilizedHelix"},{"floor":8.0,"key":"Lantern"},{"floor":9.0,"key":"Smiling Mask"},{"floor":11.0,"key":"Orichalcum"},{"floor":13.0,"key":"MawBank"},{"floor":14.0,"key":"Dream Catcher"},{"floor":26.0,"key":"Molten Egg 2"},{"floor":27.0,"key":"The Courier"}],"event_choices":[{"damage_healed":0.0,"max_hp_gain":0.0,"max_hp_loss":0.0,"gold_gain":75.0,"event_name":"World of Goop","player_choice":"Gather Gold","floor":3.0,"gold_loss":0.0,"damage_taken":11.0},{"damage_healed":0.0,"max_hp_gain":0.0,"max_hp_loss":0.0,"gold_gain":0.0,"event_name":"The Woman in Blue","player_choice":"Bought 2 Potions","floor":4.0,"gold_loss":0.0,"damage_taken":0.0},{"damage_healed":0.0,"max_hp_gain":0.0,"max_hp_loss":0.0,"gold_gain":0.0,"event_name":"Dead Adventurer","player_choice":"Searched \u00271\u0027 times","floor":14.0,"gold_loss":0.0,"damage_taken":0.0},{"cards_removed":["Strike_B"],"damage_healed":0.0,"max_hp_gain":0.0,"max_hp_loss":0.0,"gold_gain":0.0,"event_name":"Back to Basics","player_choice":"Elegance","floor":22.0,"gold_loss":0.0,"damage_taken":0.0},{"damage_healed":0.0,"max_hp_gain":0.0,"max_hp_loss":0.0,"gold_gain":0.0,"event_name":"Masked Bandits","player_choice":"Paid Fearfully","floor":24.0,"gold_loss":114.0,"damage_taken":0.0}],"is_beta":false,"boss_relics":[{"not_picked":["Busted Crown","Eternal Feather"],"picked":"Coffee Dripper"}],"items_purged_floors":[20],"is_endless":false,"potions_floor_spawned":[7,11,12,13,14,28],"killed_by":"Snake Plant","ascension_level":3}