{"gold_per_floor":[110,122,137,150,150,150,166,187,187,362,362,362,362,397,397,523,523,542,567,585,288,288],"floor_reached":22,"playtime":723,"items_purged":["Injury"],"score":207,"play_id":"50284e85-c73b-4970-8238-ae02c09cc511","local_time":"20181110193117","is_ascension_mode":true,"campfire_choices":[{"data":"Body Slam","floor":6,"key":"SMITH"},{"data":"Body Slam","floor":11,"key":"SMITH"},{"data":"Immolate","floor":13,"key":"SMITH"},{"data":"Evolve","floor":15,"key":"SMITH"}],"neow_cost":"NONE","seed_source_timestamp":268719499352200,"circlet_count":0,"master_deck":["Strike_R","Strike_R","Strike_R","Strike_R","Strike_R","Defend_R","Defend_R","Defend_R","Defend_R","Bash","Headbutt","Twin Strike","Body Slam+1","Combust","Immolate+1","Body Slam+1","Evolve+1","Pommel Strike","Flame Barrier","Metamorphosis","Ghostly Armor"],"relics":["Burning Blood","Strawberry","Golden Idol","Letter Opener","Mummified Hand","Velvet Choker"],"potions_floor_usage":[14,16,19,22],"damage_taken":[{"damage":16,"enemies":"2 Louse","floor":1,"turns":3},{"damage":16,"enemies":"Small Slimes","floor":2,"turns":3},{"damage":1,"enemies":"Cultist","floor":3,"turns":3},{"damage":3,"enemies":"3 Louse","floor":4,"turns":4},{"damage":7,"enemies":"2 Fungi Beasts","floor":7,"turns":3},{"damage":19,"enemies":"Large Slime","floor":8,"turns":4},{"damage":17,"enemies":"3 Sentries","floor":14,"turns":4},{"damage":35,"enemies":"Slime Boss","floor":16,"turns":8},{"damage":27,"enemies":"Spheric Guardian","floor":18,"turns":4},{"damage":24,"enemies":"3 Byrds","floor":19,"turns":4},{"damage":59,"enemies":"Snake Plant","floor":20,"turns":5},{"damage":19,"enemies":"Snecko","floor":22,"turns":3}],"seed_played":"6464044755857474009","potions_obtained":[{"floor":2,"key":"Regen Potion"},{"floor":4,"key":"Regen Potion"},{"floor":14,"key":"AttackPotion"},{"floor":19,"key":"Energy Potion"}],"is_trial":false,"path_per_floor":["M","M","M","M","?","R","M","M","T","?","R","?","R","E","R","B",null,"M","M","M","$","M"],"character_chosen":"IRONCLAD","items_purchased":["Metamorphosis","Ghostly Armor"],"campfire_rested":0,"item_purchase_floors":[21,21],"current_hp_per_floor":[77,67,72,75,75,75,74,61,61,61,61,61,61,62,62,33,87,66,62,9,9,0],"gold":288,"neow_bonus":"RANDOM_COMMON_RELIC","is_prod":false,"is_daily":false,"chose_seed":false,"campfire_upgraded":4,"win_rate":0,"timestamp":1541896277,"path_taken":["M","M","M","M","?","R","M","M","T","?","R","?","R","E","R","BOSS","M","?","M","$","M"],"build_version":"2018-11-08","purchased_purges":1,"victory":false,"max_hp_per_floor":[87,87,87,87,87,87,87,87,87,87,87,87,87,87,87,87,87,87,87,87,87,87],"card_choices":[{"not_picked":["Twin Strike","Wild Strike"],"picked":"Headbutt","floor":1},{"not_picked":["Dual Wield","Thunderclap"],"picked":"Twin Strike","floor":2},{"not_picked":["Anger","Sword Boomerang"],"picked":"Body Slam","floor":3},{"not_picked":["Anger","Entrench"],"picked":"Combust","floor":4},{"not_picked":["Anger","Second Wind"],"picked":"Immolate","floor":7},{"not_picked":["Wild Strike","Havoc"],"picked":"Body Slam","floor":8},{"not_picked":["Burning Pact","Infernal Blade"],"picked":"Evolve","floor":14},{"not_picked":["Sword Boomerang","Corruption"],"picked":"Pommel Strike","floor":18},{"not_picked":["Cleave","Anger+1","Headbutt"],"picked":"SKIP","floor":19},{"not_picked":["Clothesline","Power Through"],"picked":"Flame Barrier","floor":20}],"player_experience":288965,"relics_obtained":[{"floor":9,"key":"Letter Opener"},{"floor":14,"key":"Mummified Hand"}],"event_choices":[{"damage_healed":0,"gold_gain":0,"player_choice":"Take Wound","damage_taken":0,"relics_obtained":["Golden Idol"],"max_hp_gain":0,"max_hp_loss":0,"event_name":"Golden Idol","floor":5,"gold_loss":0,"cards_obtained":["Injury"]},{"damage_healed":0,"gold_gain":175,"player_choice":"AGREE","damage_taken":0,"max_hp_gain":0,"max_hp_loss":0,"event_name":"Liars Game","floor":10,"gold_loss":0,"cards_obtained":["Doubt"]},{"cards_removed":["Doubt"],"damage_healed":0,"gold_gain":0,"player_choice":"Purged","damage_taken":0,"max_hp_gain":0,"max_hp_loss":0,"event_name":"Purifier","floor":12,"gold_loss":0}],"is_beta":true,"boss_relics":[{"not_picked":["Eternal Feather","Lizard Tail"],"picked":"Velvet Choker"}],"items_purged_floors":[21],"is_endless":false,"potions_floor_spawned":[2,4,14,19],"killed_by":"Snecko","ascension_level":2}