{"gold_per_floor":[112,39,49,23,23,55,72,103,103,134,150,184,184,184,184,261,261,235,235,261,261,280,311,311,340,340,367,398,398,418,435,435,509,509,521,1520,999,1015,1015,1047,1064,1064,1064,1084,1117,1117,1147,498,498,498,498,498,498,35,68,68],"floor_reached":57,"playtime":3722,"items_purged":["Writhe","Strike_B","Defend_B"],"score":3423,"play_id":"ba4c4150-6231-43a7-b468-20f35034a21a","local_time":"20190417024024","is_ascension_mode":true,"campfire_choices":[{"data":"Defragment","floor":15.0,"key":"SMITH"},{"floor":24.0,"key":"REST"},{"floor":29.0,"key":"RECALL"},{"floor":32.0,"key":"REST"},{"floor":42.0,"key":"REST"},{"floor":46.0,"key":"REST"},{"floor":49.0,"key":"REST"},{"floor":53,"key":"REST"}],"neow_cost":"NONE","seed_source_timestamp":52516017868201,"circlet_count":0,"master_deck":["AscendersBane","Strike_B+1","Strike_B+1","Defend_B+1","Defend_B","Defend_B","Zap","Dualcast+1","Self Repair","Genetic Algorithm","Cold Snap","Ball Lightning","Glacier","Defragment+1","Seek","Cold Snap","Biased Cognition","Capacitor","RitualDagger","Glacier","Seek","Cold Snap","Creative AI","Blizzard+1","Capacitor","Skim","Glacier","Gash","Skim+1","Glacier+1","Defragment+1","Barrage","Multi-Cast"],"special_seed":0,"relics":["Cracked Core","NeowsBlessing","Kunai","Shuriken","Whetstone","Mango","Cables","Ice Cream","Fusion Hammer","Red Mask","FossilizedHelix","Oddly Smooth Stone","Omamori","Symbiotic Virus","Blood Vial","Pear","Cursed Key","Pantograph","Juzu Bracelet","Pen Nib","Bronze Scales","DollysMirror","Lantern","DataDisk","Letter Opener"],"potions_floor_usage":[56,56],"damage_taken":[{"damage":0.0,"enemies":"Jaw Worm","floor":1.0,"turns":1.0},{"damage":0.0,"enemies":"Cultist","floor":3.0,"turns":1.0},{"damage":0.0,"enemies":"Gremlin Nob","floor":6.0,"turns":1.0},{"damage":0.0,"enemies":"Small Slimes","floor":7.0,"turns":3.0},{"damage":11.0,"enemies":"3 Sentries","floor":8.0,"turns":11.0},{"damage":31.0,"enemies":"Gremlin Nob","floor":10.0,"turns":5.0},{"damage":0.0,"enemies":"2 Fungi Beasts","floor":11.0,"turns":5.0},{"damage":17.0,"enemies":"3 Sentries","floor":12.0,"turns":6.0},{"damage":0.0,"enemies":"Hexaghost","floor":16.0,"turns":11.0},{"damage":9.0,"enemies":"2 Thieves","floor":18.0,"turns":4.0},{"damage":7.0,"enemies":"Masked Bandits","floor":20.0,"turns":3.0},{"damage":0.0,"enemies":"Shell Parasite","floor":22.0,"turns":5.0},{"damage":34.0,"enemies":"Gremlin Leader","floor":23.0,"turns":9.0},{"damage":0.0,"enemies":"Book of Stabbing","floor":25.0,"turns":7.0},{"damage":11.0,"enemies":"Slavers","floor":28.0,"turns":8.0},{"damage":0.0,"enemies":"Sentry and Sphere","floor":30.0,"turns":6.0},{"damage":0.0,"enemies":"Snake Plant","floor":31.0,"turns":4.0},{"damage":0.0,"enemies":"Collector","floor":33.0,"turns":18.0},{"damage":8.0,"enemies":"3 Shapes","floor":35.0,"turns":4.0},{"damage":0.0,"enemies":"Orb Walker","floor":38.0,"turns":4.0},{"damage":59.0,"enemies":"Reptomancer","floor":40.0,"turns":12.0},{"damage":0.0,"enemies":"Transient","floor":41.0,"turns":6.0},{"damage":22.0,"enemies":"Writhing Mass","floor":44.0,"turns":11.0},{"damage":15.0,"enemies":"Giant Head","floor":45.0,"turns":12.0},{"damage":4.0,"enemies":"Nemesis","floor":47.0,"turns":16.0},{"damage":0,"enemies":"Time Eater","floor":50,"turns":10},{"damage":34,"enemies":"Awakened One","floor":51,"turns":19},{"damage":20,"enemies":"Shield and Spear","floor":55,"turns":8},{"damage":16,"enemies":"The Heart","floor":56,"turns":9}],"seed_played":"-5406484964390978068","potions_obtained":[{"floor":10.0,"key":"Block Potion"},{"floor":11.0,"key":"Explosive Potion"},{"floor":12.0,"key":"Fire Potion"},{"floor":18.0,"key":"Explosive Potion"},{"floor":28.0,"key":"Dexterity Potion"},{"floor":30.0,"key":"Ancient Potion"},{"floor":35.0,"key":"Strength Potion"},{"floor":44.0,"key":"EssenceOfSteel"}],"is_trial":false,"path_per_floor":["M","?","M","$","?","E","M","E","T","E","M","E","?","?","R","B",null,"M","?","?","?","M","E","R","E","T","T","E","R","M","M","R","B",null,"M","?","$","M","?","E","M","R","T","M","E","R","E","$","R","B","B",null,"R","$","E","B",null],"character_chosen":"DEFECT","items_purchased":["Cold Snap","Pantograph","Capacitor","Skim","DollysMirror","Lantern","PowerPotion","LiquidBronze","Barrage","DataDisk","Multi-Cast"],"campfire_rested":6,"item_purchase_floors":[4,37,37,37,48,48,48,48,48,54,54],"current_hp_per_floor":[64,64,64,64,43,50,57,53,53,43,50,33,26,21,21,28,71,69,63,56,56,63,36,61,68,68,68,76,76,85,94,95,95,95,94,94,94,95,90,38,47,74,74,61,55,82,87,87,90,90,63,83,90,90,77,74],"gold":68,"neow_bonus":"THREE_ENEMY_KILL","is_prod":false,"is_daily":false,"chose_seed":false,"campfire_upgraded":1,"win_rate":0,"timestamp":1555461624,"path_taken":["M","?","?","$","?","E","M","E","T","E","M","E","?","?","R","BOSS","M","?","?","?","M","E","R","E","T","?","E","R","M","M","R","BOSS","M","?","$","M","?","E","M","R","T","M","E","R","E","?","R","BOSS","BOSS","R","$","E","BOSS"],"build_version":"2019-04-04","purchased_purges":3,"victory":true,"max_hp_per_floor":[71,71,71,71,71,71,71,71,71,85,85,85,85,85,85,85,85,85,85,85,85,85,85,85,85,85,85,95,95,95,95,95,95,95,95,95,95,95,90,90,90,90,90,90,90,90,90,90,90,90,90,90,90,90,90,90],"card_choices":[{"not_picked":["Compile Driver","Skim"],"picked":"Self Repair","floor":1.0},{"not_picked":["Rebound","Sweeping Beam"],"picked":"Genetic Algorithm","floor":3.0},{"not_picked":["Rebound","Turbo"],"picked":"Ball Lightning","floor":6.0},{"not_picked":["Beam Cell","Self Repair"],"picked":"Glacier","floor":7.0},{"not_picked":["Skim","Cold Snap"],"picked":"Defragment","floor":8.0},{"not_picked":["Loop","Redo"],"picked":"Seek","floor":10.0},{"not_picked":["Turbo","Stack","Conserve Battery"],"picked":"SKIP","floor":11.0},{"not_picked":["Undo","Barrage"],"picked":"Cold Snap","floor":12.0},{"not_picked":["Buffer","Machine Learning"],"picked":"Biased Cognition","floor":16.0},{"not_picked":["Hologram","Rebound"],"picked":"Capacitor","floor":18.0},{"not_picked":["Fusion","Coolheaded"],"picked":"Glacier","floor":22.0},{"not_picked":["Static Discharge","Tempest"],"picked":"Seek","floor":23.0},{"not_picked":["Hologram","Heatsinks","Genetic Algorithm"],"picked":"SKIP","floor":25.0},{"not_picked":["Consume","Amplify","Beam Cell"],"picked":"SKIP","floor":28.0},{"not_picked":["Aggregate","Streamline","Recycle"],"picked":"SKIP","floor":30.0},{"not_picked":["Hologram","Beam Cell"],"picked":"Cold Snap","floor":31.0},{"not_picked":["Rainbow","Multi-Cast"],"picked":"Creative AI","floor":33.0},{"not_picked":["Rebound","Leap"],"picked":"Blizzard+1","floor":35.0},{"not_picked":["Gash","Turbo"],"picked":"Glacier","floor":38.0},{"not_picked":["Turbo","Aggregate","Ball Lightning"],"picked":"SKIP","floor":40.0},{"not_picked":["Ball Lightning","Capacitor"],"picked":"Gash","floor":41.0},{"not_picked":["Compile Driver","Rebound"],"picked":"Skim+1","floor":44.0},{"not_picked":["Rainbow","Sweeping Beam"],"picked":"Glacier+1","floor":45.0},{"not_picked":["Beam Cell","Stack","Hello World"],"picked":"SKIP","floor":47.0},{"not_picked":["Gash+1","Redo+1","Electrodynamics"],"picked":"SKIP","floor":55}],"player_experience":1148848,"relics_obtained":[{"floor":6.0,"key":"Shuriken"},{"floor":8.0,"key":"Whetstone"},{"floor":10.0,"key":"Mango"},{"floor":12.0,"key":"Cables"},{"floor":20.0,"key":"Red Mask"},{"floor":23.0,"key":"Oddly Smooth Stone"},{"floor":25.0,"key":"Omamori"},{"floor":26.0,"key":"Symbiotic Virus"},{"floor":27.0,"key":"Blood Vial"},{"floor":28.0,"key":"Pear"},{"floor":40.0,"key":"Juzu Bracelet"},{"floor":45.0,"key":"Pen Nib"},{"floor":47.0,"key":"Bronze Scales"},{"floor":55,"key":"Letter Opener"}],"event_choices":[{"damage_healed":0.0,"max_hp_gain":0.0,"max_hp_loss":0.0,"gold_gain":0.0,"event_name":"WeMeetAgain","player_choice":"Paid Gold","floor":2.0,"gold_loss":73.0,"damage_taken":0.0,"relics_obtained":["Kunai"]},{"damage_healed":0.0,"max_hp_gain":0.0,"max_hp_loss":0.0,"gold_gain":0.0,"event_name":"Shining Light","player_choice":"Entered Light","floor":5.0,"gold_loss":0.0,"damage_taken":21.0,"cards_upgraded":["Defend_B","Dualcast"]},{"cards_removed":["Strike_B"],"damage_healed":0.0,"max_hp_gain":0.0,"max_hp_loss":0.0,"gold_gain":0.0,"event_name":"Golden Wing","player_choice":"Card Removal","floor":13.0,"gold_loss":0.0,"damage_taken":7.0},{"damage_healed":0.0,"max_hp_gain":0.0,"max_hp_loss":0.0,"gold_gain":0.0,"event_name":"Scrap Ooze","player_choice":"Success","floor":14.0,"gold_loss":0.0,"damage_taken":5.0,"relics_obtained":["Ice Cream"]},{"damage_healed":0.0,"max_hp_gain":0.0,"max_hp_loss":0.0,"gold_gain":0.0,"event_name":"Nest","player_choice":"Joined the Cult","floor":19.0,"gold_loss":0.0,"damage_taken":6.0,"cards_obtained":["RitualDagger"]},{"damage_healed":0.0,"max_hp_gain":0.0,"max_hp_loss":0.0,"gold_gain":0.0,"event_name":"Masked Bandits","player_choice":"Fought Bandits","floor":20.0,"gold_loss":0.0,"damage_taken":0.0},{"damage_healed":0.0,"max_hp_gain":0.0,"max_hp_loss":0.0,"gold_gain":0.0,"event_name":"The Mausoleum","player_choice":"Opened","floor":21.0,"gold_loss":0.0,"damage_taken":0.0,"relics_obtained":["FossilizedHelix"],"cards_obtained":["Writhe"]},{"damage_healed":0.0,"max_hp_gain":0.0,"max_hp_loss":0.0,"gold_gain":999.0,"event_name":"MindBloom","player_choice":"Gold","floor":36.0,"gold_loss":0.0,"damage_taken":0.0,"cards_obtained":["Normality","Normality"]},{"damage_healed":0.0,"max_hp_gain":0.0,"max_hp_loss":5.0,"gold_gain":0.0,"event_name":"Winding Halls","player_choice":"Max HP","floor":39.0,"gold_loss":0.0,"damage_taken":0.0}],"is_beta":true,"boss_relics":[{"not_picked":["Runic Dome","Tiny House"],"picked":"Fusion Hammer"},{"not_picked":["Nuclear Battery","Pandora\u0027s Box"],"picked":"Cursed Key"}],"items_purged_floors":[37,48,54],"is_endless":false,"potions_floor_spawned":[10,11,12,18,28,30,35,40,44],"ascension_level":20}