{"gold_per_floor":[117,117,21,21,21,21,38,38,38,38,70,70,101,120,120,222,222,242,242,38,308,319,319,345,395,395,137,137,155,155,175,175,175],"floor_reached":33,"playtime":2094,"items_purged":[],"score":269,"play_id":"a2bb0c99-0aed-4b41-85d0-eae2255c527a","local_time":"20190421145915","is_ascension_mode":false,"campfire_choices":[{"data":"Zap","floor":6,"key":"SMITH"},{"data":"Fusion","floor":8,"key":"SMITH"},{"data":"Finesse","floor":10,"key":"SMITH"},{"data":"Hologram","floor":15,"key":"SMITH"},{"floor":23,"key":"REST"},{"data":"Madness","floor":28,"key":"SMITH"},{"floor":32,"key":"REST"}],"neow_cost":"NONE","seed_source_timestamp":71423713121069,"circlet_count":0,"master_deck":["Strike_B","Strike_B","Strike_B","Defend_B","Defend_B","Defend_B","Zap+1","Dualcast","Leap","Coolheaded","Finesse+1","Fusion+1","Hologram+1","Conserve Battery","Sweeping Beam","Multi-Cast","Cold Snap","RitualDagger","Madness+1","Barrage+1","Darkness+1","Seek","Leap+1"],"relics":["Cracked Core","Pocketwatch","Ancient Tea Set","Inserter","Chemical X","Molten Egg 2","Bottled Lightning","Cables"],"potions_floor_usage":[13,13,13,16,16,24,31],"damage_taken":[{"damage":1,"enemies":"Jaw Worm","floor":1,"turns":3},{"damage":2,"enemies":"Cultist","floor":7,"turns":3},{"damage":24,"enemies":"3 Sentries","floor":11,"turns":12},{"damage":5,"enemies":"Lagavulin","floor":13,"turns":5},{"damage":0,"enemies":"Small Slimes","floor":14,"turns":4},{"damage":21,"enemies":"The Guardian","floor":16,"turns":18},{"damage":0,"enemies":"Shell Parasite","floor":18,"turns":10},{"damage":6,"enemies":"Spheric Guardian","floor":22,"turns":5},{"damage":22,"enemies":"Book of Stabbing","floor":24,"turns":6},{"damage":5,"enemies":"Centurion and Healer","floor":29,"turns":5},{"damage":10,"enemies":"Cultist and Chosen","floor":31,"turns":6},{"damage":61,"enemies":"Collector","floor":33,"turns":15}],"seed_played":"-3735986748385947788","potions_obtained":[{"floor":11,"key":"Poison Potion"},{"floor":12,"key":"EntropicBrew"},{"floor":12,"key":"PowerPotion"},{"floor":22,"key":"Strength Potion"},{"floor":29,"key":"Regen Potion"}],"is_trial":false,"path_per_floor":["M","?","$","?","$","R","M","R","T","R","E","?","E","M","R","B",null,"M","?","$","?","M","R","E","?","T","$","R","M","$","M","R","B"],"character_chosen":"DEFECT","items_purchased":["Finesse","Chemical X","Cables"],"campfire_rested":2,"item_purchase_floors":[3,20,27],"current_hp_per_floor":[74,74,74,79,79,79,77,77,77,77,53,53,48,48,48,27,80,80,74,74,34,28,52,30,30,30,30,30,25,25,30,54,0],"gold":175,"neow_bonus":"REMOVE_CARD","is_prod":false,"is_daily":false,"chose_seed":false,"campfire_upgraded":5,"win_rate":0,"timestamp":1555873155,"path_taken":["M","?","?","?","?","R","?","R","T","R","E","?","E","?","R","BOSS","M","?","$","?","?","R","E","?","T","$","R","?","?","M","R","BOSS"],"build_version":"2019-01-23","purchased_purges":0,"victory":false,"max_hp_per_floor":[75,75,75,80,80,80,80,80,80,80,80,80,80,80,80,80,80,80,80,80,80,80,80,80,80,80,80,80,80,80,80,80,80],"card_choices":[{"not_picked":["Turbo","Rebound"],"picked":"Leap","floor":1},{"not_picked":["Coolheaded","Hologram"],"picked":"Fusion","floor":7},{"not_picked":["Sweeping Beam","Barrage"],"picked":"Hologram","floor":11},{"not_picked":["Recycle","Auto Shields"],"picked":"Conserve Battery","floor":13},{"not_picked":["Streamline","Chill"],"picked":"Sweeping Beam","floor":14},{"not_picked":["Fission","Hyperbeam"],"picked":"Multi-Cast","floor":16},{"not_picked":["Conserve Battery+1","Chill+1"],"picked":"Cold Snap","floor":18},{"not_picked":["Gash+1","Hello World"],"picked":"Barrage+1","floor":22},{"not_picked":["Turbo","Heatsinks"],"picked":"Darkness+1","floor":24},{"not_picked":["Sweeping Beam+1","Steam"],"picked":"Seek","floor":29},{"not_picked":["Loop","Compile Driver+1"],"picked":"Leap+1","floor":31}],"player_experience":340969,"relics_obtained":[{"floor":11,"key":"Pocketwatch"},{"floor":13,"key":"Ancient Tea Set"},{"floor":24,"key":"Molten Egg 2"},{"floor":26,"key":"Bottled Lightning"}],"event_choices":[{"damage_healed":0,"gold_gain":0,"cards_transformed":["Defend_B"],"player_choice":"Transformed","damage_taken":0,"max_hp_gain":0,"max_hp_loss":0,"event_name":"Transmorgrifier","floor":2,"gold_loss":0,"cards_obtained":["Coolheaded"]},{"damage_healed":0,"gold_gain":0,"player_choice":"Donut","damage_taken":0,"max_hp_gain":5,"max_hp_loss":0,"event_name":"Big Fish","floor":4,"gold_loss":0},{"damage_healed":0,"gold_gain":0,"player_choice":"Got Potions","damage_taken":0,"max_hp_gain":0,"max_hp_loss":0,"event_name":"Lab","floor":12,"gold_loss":0},{"damage_healed":0,"gold_gain":0,"player_choice":"Joined the Cult","damage_taken":6,"max_hp_gain":0,"max_hp_loss":0,"event_name":"Nest","floor":19,"gold_loss":0,"cards_obtained":["RitualDagger"]},{"damage_healed":0,"gold_gain":270,"player_choice":"GOLD GOLD GOLD CARD ","damage_taken":40,"max_hp_gain":0,"max_hp_loss":0,"event_name":"Knowing Skull","floor":21,"potions_obtained":[],"gold_loss":0,"cards_obtained":["Madness"]},{"damage_healed":0,"gold_gain":100,"player_choice":"Bet on Murderer","damage_taken":0,"max_hp_gain":0,"max_hp_loss":0,"event_name":"The Joust","floor":25,"gold_loss":50}],"is_beta":false,"boss_relics":[{"not_picked":["Snecko Eye","Velvet Choker"],"picked":"Inserter"}],"items_purged_floors":[],"is_endless":false,"potions_floor_spawned":[11,14,22,29],"killed_by":"Collector","ascension_level":0}