{"gold_per_floor":[362,382,382,382,4,4,36,48,60,72,107,119,175,206,218,328,340,371,383,416,448,476,502,514,557,569,599,119,119],"floor_reached":29,"playtime":1779,"items_purged":["Strike_G","Strike_G"],"score":560,"play_id":"817860c7-57cc-4b32-ac81-d4e5c984c9e2","local_time":"20190421102042","is_ascension_mode":true,"campfire_choices":[{"data":"Dagger Throw","floor":6,"key":"SMITH"},{"data":"Caltrops","floor":10,"key":"SMITH"},{"data":"Poisoned Stab","floor":12,"key":"SMITH"},{"data":"Neutralize","floor":15,"key":"SMITH"},{"floor":24,"key":"REST"}],"neow_cost":"PERCENT_DAMAGE","seed_source_timestamp":253537042693430,"circlet_count":0,"master_deck":["AscendersBane","Defend_G","Defend_G","Defend_G","Defend_G","Defend_G","Strike_G","Strike_G","Survivor","Neutralize+1","Flying Knee","Caltrops+1","Backflip","Dagger Throw+1","Backflip","Poisoned Stab+1","Footwork","Footwork","Corpse Explosion","Calculated Gamble","Blur","Dodge and Roll+1","Burst","PiercingWail","Well Laid Plans","Deadly Poison+1"],"relics":["Ring of the Snake","Centennial Puzzle","MawBank","Golden Idol","Pantograph","Blue Candle","Velvet Choker","Anchor","Molten Egg 2","Toxic Egg 2"],"potions_floor_usage":[13,16,23,25,25,25,29],"damage_taken":[{"damage":0,"enemies":"2 Louse","floor":1,"turns":3},{"damage":2,"enemies":"Jaw Worm","floor":2,"turns":5},{"damage":37,"enemies":"3 Sentries","floor":7,"turns":11},{"damage":1,"enemies":"Small Slimes","floor":11,"turns":3},{"damage":12,"enemies":"Lagavulin","floor":13,"turns":6},{"damage":0,"enemies":"Blue Slaver","floor":14,"turns":5},{"damage":8,"enemies":"The Guardian","floor":16,"turns":12},{"damage":8,"enemies":"Chosen","floor":18,"turns":5},{"damage":15,"enemies":"Spheric Guardian","floor":20,"turns":6},{"damage":5,"enemies":"Centurion and Healer","floor":21,"turns":6},{"damage":2,"enemies":"Snake Plant","floor":22,"turns":6},{"damage":13,"enemies":"Cultist and Chosen","floor":23,"turns":6},{"damage":15,"enemies":"Slavers","floor":25,"turns":3},{"damage":10,"enemies":"Centurion and Healer","floor":27,"turns":6},{"damage":10,"enemies":"Shelled Parasite and Fungi","floor":29,"turns":5}],"seed_played":"-9025117601980133459","potions_obtained":[{"floor":14,"key":"GamblersBrew"},{"floor":16,"key":"EssenceOfSteel"},{"floor":22,"key":"SkillPotion"},{"floor":23,"key":"EntropicBrew"},{"floor":27,"key":"Strength Potion"}],"is_trial":false,"path_per_floor":["?","?","?","M","?","M","M","$","M"],"character_chosen":"THE_SILENT","items_purchased":["Centennial Puzzle","Fire Potion","Backflip","Dagger Throw","Well Laid Plans","Toxic Egg 2","Deadly Poison+1"],"campfire_rested":1,"item_purchase_floors":[5,5,5,5,28,28,28],"current_hp_per_floor":[44,42,42,64,64,64,27,27,27,27,26,26,14,14,14,31,53,45,45,30,25,23,10,28,13,13,3,3,0],"gold":119,"neow_bonus":"TWO_FIFTY_GOLD","is_prod":false,"is_daily":false,"chose_seed":false,"campfire_upgraded":4,"win_rate":0,"timestamp":1555831242,"path_taken":["M","M","?","?","$","R","E","?","T","R","?","R","E","M","R","BOSS","M","?","M","M","?","M","R","E","T","?","?","?"],"build_version":"2019-01-23","purchased_purges":2,"victory":false,"max_hp_per_floor":[66,66,66,66,66,66,66,60,60,60,60,60,60,60,60,60,60,60,60,60,60,60,60,60,60,60,60,60,60],"card_choices":[{"not_picked":["Backflip","Underhanded Strike"],"picked":"Flying Knee","floor":1},{"not_picked":["Dagger Spray","Prepared"],"picked":"Caltrops","floor":2},{"not_picked":["Cloak And Dagger","Outmaneuver"],"picked":"Backflip","floor":7},{"not_picked":["Riddle With Holes","Deflect"],"picked":"Poisoned Stab","floor":11},{"not_picked":["Backstab","Deadly Poison"],"picked":"Footwork","floor":13},{"not_picked":["Dagger Spray","Accuracy"],"picked":"Footwork","floor":14},{"not_picked":["Doppelganger","Storm of Steel"],"picked":"Corpse Explosion","floor":16},{"not_picked":["Quick Slash","Accuracy"],"picked":"Calculated Gamble","floor":18},{"not_picked":["Outmaneuver","Dash"],"picked":"Blur","floor":20},{"not_picked":["Blade Dance","Acrobatics+1"],"picked":"Dodge and Roll+1","floor":21},{"not_picked":["Dagger Spray","Terror"],"picked":"Burst","floor":22},{"not_picked":["Bane","All Out Attack","Dagger Spray"],"picked":"SKIP","floor":23},{"not_picked":["Poisoned Stab","Acrobatics","Tools of the Trade"],"picked":"SKIP","floor":25},{"not_picked":["Prepared","Terror"],"picked":"PiercingWail","floor":27}],"player_experience":1777585,"relics_obtained":[{"floor":7,"key":"MawBank"},{"floor":9,"key":"Pantograph"},{"floor":13,"key":"Blue Candle"},{"floor":25,"key":"Anchor"},{"floor":26,"key":"Molten Egg 2"}],"event_choices":[{"damage_healed":0,"gold_gain":0,"player_choice":"Fled","damage_taken":0,"max_hp_gain":0,"max_hp_loss":0,"event_name":"Scrap Ooze","floor":3,"gold_loss":0},{"damage_healed":22,"gold_gain":0,"player_choice":"Banana","damage_taken":0,"max_hp_gain":0,"max_hp_loss":0,"event_name":"Big Fish","floor":4,"gold_loss":0},{"damage_healed":0,"gold_gain":0,"player_choice":"Lose Max HP","damage_taken":0,"relics_obtained":["Golden Idol"],"max_hp_gain":0,"max_hp_loss":6,"event_name":"Golden Idol","floor":8,"gold_loss":0},{"cards_removed":["Strike_G"],"damage_healed":0,"gold_gain":0,"player_choice":"Offered Basic","damage_taken":0,"max_hp_gain":0,"max_hp_loss":0,"event_name":"Bonfire Elementals","floor":19,"gold_loss":0}],"is_beta":false,"boss_relics":[{"not_picked":["Astrolabe","Empty Cage"],"picked":"Velvet Choker"}],"items_purged_floors":[5,28],"is_endless":false,"potions_floor_spawned":[14,16,22,23,27],"killed_by":"Shelled Parasite and Fungi","ascension_level":20}