{"gold_per_floor":[114,114,114,114,127,160,160,191,191,191,209,209,226,254,254,355,355,369,387,404,43,60,93,93,123,147,162,196,196,196,228,228,324,324,335,335,353,353,180,211,211,211,211,211,0,29,43,57,57,57,57,57,7,39,39],"floor_reached":56,"playtime":3781,"items_purged":["Strike_R"],"score":1506,"play_id":"ff5a433f-c575-4f71-817a-a9f55cb79210","local_time":"20190317022555","is_ascension_mode":true,"campfire_choices":[{"floor":7,"key":"REST"},{"data":"Dark Embrace","floor":15,"key":"SMITH"},{"data":"Armaments","floor":24,"key":"SMITH"},{"data":"Dual Wield","floor":30,"key":"SMITH"},{"data":"Uppercut","floor":32,"key":"SMITH"},{"data":"Dual Wield","floor":42,"key":"SMITH"},{"data":"Dark Embrace","floor":44,"key":"SMITH"},{"floor":49,"key":"RECALL"},{"data":"Metallicize","floor":52,"key":"SMITH"}],"neow_cost":"TEN_PERCENT_HP_LOSS","seed_source_timestamp":675120670224342,"circlet_count":0,"master_deck":["Strike_R+1","Strike_R+1","Strike_R+1","Defend_R+1","Defend_R+1","Defend_R+1","Defend_R+1","Bash","Bandage Up","Dramatic Entrance","Metallicize+1","Corruption","Spot Weakness","Pommel Strike","Ghostly Armor","Headbutt","Dark Embrace+1","Perfected Strike","Immolate","Heavy Blade+1","Clothesline+1","Uppercut+1","Armaments+1","Immolate","Ghostly Armor+1","Dual Wield+1","Feel No Pain","Bludgeon","Disarm+1","Shrug It Off+1","Dark Embrace+1","Dual Wield+1","Dark Shackles","Seeing Red+1","Apotheosis","Clothesline+1","Flame Barrier+1","Feel No Pain","Flame Barrier+1","Clothesline+1","Heavy Blade"],"relics":["Burning Blood","Matryoshka","Bag of Marbles","Torii","Bottled Tornado","Blood Vial","Snecko Eye","Strange Spoon","Singing Bowl","PreservedInsect","Art of War","Bottled Flame","Prayer Wheel","Du-Vu Doll","Mark of Pain","Centennial Puzzle","Lantern","Red Mask","Juzu Bracelet","Oddly Smooth Stone"],"potions_floor_usage":[16,16,33,55],"damage_taken":[{"damage":5,"enemies":"Small Slimes","floor":1,"turns":3},{"damage":7,"enemies":"Jaw Worm","floor":5,"turns":5},{"damage":32,"enemies":"Lagavulin","floor":6,"turns":8},{"damage":46,"enemies":"3 Sentries","floor":8,"turns":10},{"damage":0,"enemies":"2 Louse","floor":11,"turns":1},{"damage":16,"enemies":"Large Slime","floor":13,"turns":5},{"damage":19,"enemies":"Lagavulin","floor":14,"turns":6},{"damage":46,"enemies":"The Guardian","floor":16,"turns":10},{"damage":11,"enemies":"3 Byrds","floor":18,"turns":4},{"damage":0,"enemies":"Spheric Guardian","floor":19,"turns":3},{"damage":26,"enemies":"Snake Plant","floor":20,"turns":4},{"damage":13,"enemies":"Snecko","floor":22,"turns":3},{"damage":11,"enemies":"Book of Stabbing","floor":23,"turns":5},{"damage":31,"enemies":"Slavers","floor":25,"turns":4},{"damage":0,"enemies":"Centurion and Healer","floor":27,"turns":3},{"damage":18,"enemies":"Gremlin Leader","floor":28,"turns":2},{"damage":7,"enemies":"Slavers","floor":31,"turns":3},{"damage":22,"enemies":"Champ","floor":33,"turns":10},{"damage":0,"enemies":"3 Shapes","floor":35,"turns":1},{"damage":0,"enemies":"Orb Walker","floor":37,"turns":2},{"damage":21,"enemies":"Nemesis","floor":40,"turns":5},{"damage":0,"enemies":"Reptomancer","floor":46,"turns":2},{"damage":0,"enemies":"Jaw Worm Horde","floor":47,"turns":1},{"damage":0,"enemies":"Transient","floor":48,"turns":5},{"damage":13,"enemies":"Awakened One","floor":50,"turns":7},{"damage":0,"enemies":"Shield and Spear","floor":54,"turns":4},{"damage":38,"enemies":"The Heart","floor":55,"turns":8}],"seed_played":"1645277794045905775","potions_obtained":[{"floor":5,"key":"Regen Potion"},{"floor":6,"key":"LiquidBronze"},{"floor":14,"key":"SkillPotion"},{"floor":16,"key":"SpeedPotion"},{"floor":19,"key":"Block Potion"},{"floor":20,"key":"FairyPotion"},{"floor":27,"key":"FearPotion"},{"floor":46,"key":"PowerPotion"}],"is_trial":false,"path_per_floor":["?","?","?","M","?","?","M","?","?","?","?"],"character_chosen":"IRONCLAD","items_purchased":["Strange Spoon","Uppercut","Dual Wield","Dark Shackles","Heavy Blade"],"campfire_rested":1,"item_purchase_floors":[21,21,39,39,53],"current_hp_per_floor":[72,72,72,65,68,46,67,31,31,55,61,61,55,46,46,27,72,71,72,56,56,59,60,60,41,41,55,51,51,51,56,56,46,74,74,74,76,76,76,64,64,64,64,64,64,76,76,76,76,69,76,76,76,78,62],"gold":39,"neow_bonus":"RANDOM_COLORLESS_2","is_prod":false,"is_daily":false,"chose_seed":false,"campfire_upgraded":7,"win_rate":0,"timestamp":1552814755,"path_taken":["M","?","?","?","?","E","R","E","T","?","M","?","M","E","R","BOSS","M","?","M","$","M","E","R","E","T","M","E","?","R","E","R","BOSS","M","$","M","?","$","E","?","R","T","R","?","E","M","M","R","BOSS","R","$","E","BOSS"],"build_version":"2019-01-23","purchased_purges":1,"victory":true,"max_hp_per_floor":[72,72,72,72,72,72,72,72,72,72,72,72,72,72,72,72,72,72,72,72,72,72,72,72,72,72,72,74,74,74,74,74,74,74,74,74,76,76,76,76,76,76,76,76,76,76,76,76,76,76,76,76,76,78,78],"card_choices":[{"not_picked":["Anger","Body Slam"],"picked":"Metallicize","floor":1},{"not_picked":["Heavy Blade","Power Through"],"picked":"Corruption","floor":5},{"not_picked":["Rupture","Juggernaut"],"picked":"Spot Weakness","floor":6},{"not_picked":["Warcry","Burning Pact"],"picked":"Pommel Strike","floor":8},{"not_picked":["Heavy Blade","Wild Strike"],"picked":"Ghostly Armor","floor":11},{"not_picked":["True Grit","Armaments"],"picked":"Dark Embrace","floor":13},{"not_picked":["Whirlwind","Cleave"],"picked":"Perfected Strike","floor":14},{"not_picked":["Dark Embrace","Reaper"],"picked":"Immolate","floor":16},{"not_picked":["Shrug It Off","Spot Weakness+1"],"picked":"Heavy Blade+1","floor":18},{"not_picked":["Body Slam","Wild Strike","Corruption"],"picked":"SKIP","floor":19},{"not_picked":["Perfected Strike+1","Evolve"],"picked":"Clothesline+1","floor":20},{"not_picked":["Headbutt+1","Clash"],"picked":"Armaments","floor":22},{"not_picked":["Metallicize+1","Inflame+1"],"picked":"Immolate","floor":23},{"not_picked":["Whirlwind","Battle Trance"],"picked":"Ghostly Armor+1","floor":25},{"not_picked":["Body Slam+1","Disarm+1"],"picked":"Dual Wield","floor":27},{"not_picked":["Cleave+1","Pommel Strike","Dark Embrace"],"picked":"Singing Bowl","floor":28},{"not_picked":["Warcry","Sword Boomerang"],"picked":"Feel No Pain","floor":31},{"not_picked":["Barricade","Exhume"],"picked":"Bludgeon","floor":33},{"not_picked":["Anger","Thunderclap+1"],"picked":"Disarm+1","floor":35},{"not_picked":["True Grit+1","Pommel Strike+1"],"picked":"Shrug It Off+1","floor":35},{"not_picked":["Iron Wave+1","Twin Strike"],"picked":"Dark Embrace","floor":37},{"not_picked":["Power Through+1","Entrench+1","Headbutt"],"picked":"Singing Bowl","floor":37},{"not_picked":["Clash","Blood for Blood"],"picked":"Seeing Red+1","floor":40},{"not_picked":["Violence","PanicButton"],"picked":"Apotheosis","floor":41},{"not_picked":["Wild Strike+1","Intimidate"],"picked":"Clothesline+1","floor":46},{"not_picked":["Twin Strike","Shrug It Off+1"],"picked":"Flame Barrier+1","floor":47},{"not_picked":["Demon Form","Pummel+1"],"picked":"Feel No Pain","floor":47},{"not_picked":["Second Wind","Feel No Pain+1"],"picked":"Flame Barrier+1","floor":48},{"not_picked":["Fire Breathing","Clash"],"picked":"Clothesline+1","floor":48},{"not_picked":["Clash+1","Headbutt","Anger+1"],"picked":"Singing Bowl","floor":54}],"player_experience":69306,"relics_obtained":[{"floor":6,"key":"Bag of Marbles"},{"floor":8,"key":"Torii"},{"floor":9,"key":"Bottled Tornado"},{"floor":14,"key":"Blood Vial"},{"floor":23,"key":"Singing Bowl"},{"floor":25,"key":"PreservedInsect"},{"floor":26,"key":"Art of War"},{"floor":26,"key":"Bottled Flame"},{"floor":28,"key":"Prayer Wheel"},{"floor":31,"key":"Du-Vu Doll"},{"floor":40,"key":"Centennial Puzzle"},{"floor":43,"key":"Lantern"},{"floor":46,"key":"Juzu Bracelet"},{"floor":54,"key":"Oddly Smooth Stone"}],"event_choices":[{"damage_healed":0,"gold_gain":0,"cards_transformed":["Strike_R"],"player_choice":"Change","damage_taken":0,"max_hp_gain":0,"max_hp_loss":0,"event_name":"Living Wall","floor":2,"gold_loss":0,"cards_obtained":["Thunderclap"]},{"damage_healed":0,"gold_gain":0,"player_choice":"Ignored","damage_taken":0,"max_hp_gain":0,"max_hp_loss":0,"event_name":"Liars Game","floor":3,"gold_loss":0},{"damage_healed":0,"gold_gain":0,"player_choice":"Success","damage_taken":7,"relics_obtained":["Matryoshka"],"max_hp_gain":0,"max_hp_loss":0,"event_name":"Scrap Ooze","floor":4,"gold_loss":0},{"damage_healed":24,"gold_gain":0,"player_choice":"Banana","damage_taken":0,"max_hp_gain":0,"max_hp_loss":0,"event_name":"Big Fish","floor":10,"gold_loss":0},{"damage_healed":0,"gold_gain":0,"player_choice":"1 cards matched","damage_taken":0,"max_hp_gain":0,"max_hp_loss":0,"event_name":"Match and Keep!","floor":12,"gold_loss":0,"cards_obtained":["Headbutt"]},{"damage_healed":0,"gold_gain":0,"player_choice":"Simplicity","damage_taken":0,"max_hp_gain":0,"max_hp_loss":0,"event_name":"Back to Basics","floor":29,"gold_loss":0,"cards_upgraded":["Strike_R","Strike_R","Strike_R","Defend_R","Defend_R","Defend_R","Defend_R"]},{"cards_removed":["Thunderclap"],"damage_healed":0,"gold_gain":0,"player_choice":"Removed Attack","damage_taken":0,"max_hp_gain":0,"max_hp_loss":0,"event_name":"Falling","floor":38,"gold_loss":0},{"damage_healed":0,"gold_gain":0,"player_choice":"Memory 1","damage_taken":0,"max_hp_gain":0,"max_hp_loss":0,"event_name":"SensoryStone","floor":41,"gold_loss":0},{"damage_healed":0,"gold_gain":0,"player_choice":"Paid","damage_taken":0,"relics_obtained":["Red Mask"],"max_hp_gain":0,"max_hp_loss":0,"event_name":"Tomb of Lord Red Mask","floor":45,"gold_loss":211}],"is_beta":false,"boss_relics":[{"not_picked":["Busted Crown","Velvet Choker"],"picked":"Snecko Eye"},{"not_picked":["Empty Cage","Astrolabe"],"picked":"Mark of Pain"}],"items_purged_floors":[21],"is_endless":false,"potions_floor_spawned":[5,6,14,16,19,20,27,28,31,46,47],"ascension_level":4}