{"gold_per_floor":[367,381,257,267,278,305,305,322,322,33,47,79,29,359,359,454,454,465,27,62,97,97,97,16,44,69,69,69,85,103,123,123,226,226,264,276,46,60,60,93,112,147,147,147,247,247,247,264,264,264,264,264,127,161,161],"floor_reached":55,"playtime":2845,"items_purged":["Strike_R","Strike_R","Strike_R","Strike_R"],"score":893,"play_id":"a60ab28d-f7d2-4002-94e7-da172fc62123","local_time":"20190203023405","is_ascension_mode":true,"campfire_choices":[{"data":"Armaments","floor":7.0,"key":"SMITH"},{"data":"Uppercut","floor":15,"key":"SMITH"},{"data":"Reaper","floor":23,"key":"SMITH"},{"floor":28,"key":"RECALL"},{"data":"Uppercut","floor":32,"key":"SMITH"},{"floor":44,"key":"REST"},{"data":"Defend_R","floor":46,"key":"PURGE"},{"data":"Enlightenment","floor":49,"key":"PURGE"},{"data":"Enlightenment","floor":52,"key":"PURGE"}],"neow_cost":"TEN_PERCENT_HP_LOSS","seed_source_timestamp":0,"circlet_count":0,"master_deck":["Defend_R","Defend_R+1","Defend_R","Bash","Headbutt","Shrug It Off+1","Armaments+1","Shockwave","Metallicize+1","Infernal Blade","Metallicize+1","Spot Weakness","Body Slam","Uppercut+1","Ghostly Armor","Juggernaut+1","Feed","Heavy Blade","HandOfGreed","Blood for Blood+1","Armaments+1","Reaper+1","Mind Blast","Juggernaut+1","Shockwave","Dual Wield+1","Uppercut+1","Demon Form+1","Heavy Blade","Shrug It Off+1","Carnage","Heavy Blade","Perfected Strike","Ghostly Armor+1","Pommel Strike+1","Heavy Blade","Dual Wield","Pommel Strike"],"special_seed":0,"relics":["Burning Blood","Frozen Egg 2","Ginger","Shuriken","Old Coin","Snecko Eye","Omamori","War Paint","Cursed Key","Vajra","Regal Pillow","The Courier","Peace Pipe","Champion Belt"],"potions_floor_usage":[25,33,33,50,54,54,54,55,55,55],"damage_taken":[{"damage":1.0,"enemies":"Cultist","floor":1.0,"turns":3.0},{"damage":3.0,"enemies":"Small Slimes","floor":2.0,"turns":3.0},{"damage":0.0,"enemies":"Jaw Worm","floor":4.0,"turns":4.0},{"damage":14.0,"enemies":"3 Louse","floor":5.0,"turns":4.0},{"damage":17.0,"enemies":"3 Sentries","floor":6.0,"turns":9.0},{"damage":5,"enemies":"Exordium Thugs","floor":8,"turns":6},{"damage":3,"enemies":"Blue Slaver","floor":11,"turns":4},{"damage":21,"enemies":"Gremlin Nob","floor":12,"turns":4},{"damage":1,"enemies":"Lagavulin","floor":14,"turns":9},{"damage":7,"enemies":"The Guardian","floor":16,"turns":10},{"damage":8,"enemies":"2 Thieves","floor":18,"turns":3},{"damage":27,"enemies":"Shell Parasite","floor":20,"turns":8},{"damage":8,"enemies":"Snecko","floor":21,"turns":3},{"damage":22,"enemies":"Gremlin Leader","floor":25,"turns":5},{"damage":19,"enemies":"3 Cultists","floor":29,"turns":4},{"damage":0,"enemies":"Centurion and Healer","floor":30,"turns":4},{"damage":13,"enemies":"Snecko","floor":31,"turns":3},{"damage":30,"enemies":"Collector","floor":33,"turns":6},{"damage":8,"enemies":"3 Shapes","floor":35,"turns":4},{"damage":10,"enemies":"Orb Walker","floor":36,"turns":3},{"damage":44,"enemies":"4 Shapes","floor":38,"turns":5},{"damage":24,"enemies":"Nemesis","floor":40,"turns":5},{"damage":10,"enemies":"Writhing Mass","floor":41,"turns":4},{"damage":31,"enemies":"Reptomancer","floor":42,"turns":6},{"damage":2,"enemies":"Mind Bloom Boss Battle","floor":45,"turns":5},{"damage":22,"enemies":"Sphere and 2 Shapes","floor":48,"turns":5},{"damage":76,"enemies":"Awakened One","floor":50,"turns":12},{"damage":60,"enemies":"Shield and Spear","floor":54,"turns":5},{"damage":51,"enemies":"The Heart","floor":55,"turns":2}],"seed_played":"5496588061425114639","potions_obtained":[{"floor":1.0,"key":"SteroidPotion"},{"floor":5.0,"key":"Strength Potion"},{"floor":11,"key":"Weak Potion"},{"floor":14,"key":"PowerPotion"},{"floor":16,"key":"LiquidBronze"},{"floor":25,"key":"LiquidBronze"},{"floor":38,"key":"FearPotion"},{"floor":42,"key":"EntropicBrew"}],"is_trial":false,"path_per_floor":["M","?","?","?","M","?","?","?"],"character_chosen":"IRONCLAD","items_purchased":["Armaments","Metallicize+1","Spot Weakness","Body Slam","Omamori","HandOfGreed","Mind Blast","Carnage","Dual Wield","PowerPotion","SkillPotion"],"campfire_rested":1,"item_purchase_floors":[3,10,10,10,19,19,24,37,53,53,53],"current_hp_per_floor":[72,72,72,72,64,53,53,54,54,54,57,42,42,47,47,46,72,70,70,49,47,47,47,47,48,48,48,48,56,72,65,65,41,72,72,72,72,72,62,44,40,35,35,71,72,72,68,54,54,10,68,68,68,49,0],"gold":161,"neow_bonus":"TWO_FIFTY_GOLD","is_prod":false,"is_daily":false,"chose_seed":false,"campfire_upgraded":4,"win_rate":0,"timestamp":1549190045,"path_taken":["M","?","$","M","M","E","R","M","T","$","M","E","?","E","R","BOSS","M","$","M","M","?","R","$","E","T","?","R","M","M","?","R","BOSS","M","M","$","M","?","E","M","E","T","R","?","R","?","M","R","BOSS","R","$","E","BOSS"],"build_version":"2019-01-23","purchased_purges":4,"victory":false,"max_hp_per_floor":[72,72,72,72,72,72,72,72,72,72,72,72,72,72,72,72,72,72,72,72,72,72,72,72,72,72,72,72,72,72,72,72,72,72,72,72,72,72,72,72,72,72,72,72,72,72,68,68,68,68,68,68,68,71,71],"card_choices":[{"not_picked":["Pommel Strike","True Grit"],"picked":"Headbutt","floor":1.0},{"not_picked":["Burning Pact","Pommel Strike"],"picked":"Shrug It Off","floor":2.0},{"not_picked":["Perfected Strike","Second Wind"],"picked":"Shockwave","floor":4.0},{"not_picked":["Shockwave","Fire Breathing","Infernal Blade"],"picked":"SKIP","floor":5.0},{"not_picked":["Shockwave","Fire Breathing","Infernal Blade"],"picked":"SKIP","floor":5.0},{"not_picked":["Rage","Armaments"],"picked":"Metallicize","floor":6.0},{"not_picked":["Rupture+1","Blood for Blood"],"picked":"Infernal Blade","floor":8},{"not_picked":["Pommel Strike","Sword Boomerang"],"picked":"Uppercut","floor":11},{"not_picked":["Fiend Fire","Whirlwind"],"picked":"Ghostly Armor","floor":12},{"not_picked":["Dark Embrace+1","Flex"],"picked":"Juggernaut+1","floor":14},{"not_picked":["Offering","Fiend Fire"],"picked":"Feed","floor":16},{"not_picked":["Bloodletting","Armaments+1"],"picked":"Heavy Blade","floor":18},{"not_picked":["Clash","Uppercut"],"picked":"Blood for Blood+1","floor":20},{"not_picked":["Wild Strike+1","Warcry"],"picked":"Armaments+1","floor":21},{"not_picked":["Rampage","Burning Pact"],"picked":"Juggernaut+1","floor":25},{"not_picked":["Headbutt","Reckless Charge"],"picked":"Shockwave","floor":29},{"not_picked":["Flex","Reckless Charge"],"picked":"Dual Wield+1","floor":30},{"not_picked":["Combust+1","Burning Pact"],"picked":"Uppercut","floor":31},{"not_picked":["Immolate","Impervious"],"picked":"Demon Form+1","floor":33},{"not_picked":["Iron Wave","True Grit+1"],"picked":"Heavy Blade","floor":35},{"not_picked":["Twin Strike","Iron Wave+1"],"picked":"Shrug It Off+1","floor":36},{"not_picked":["Warcry","Sever Soul+1"],"picked":"Heavy Blade","floor":38},{"not_picked":["Discovery","Trip"],"picked":"Enlightenment","floor":39},{"not_picked":["PanicButton","Chrysalis"],"picked":"Enlightenment","floor":39},{"not_picked":["Fire Breathing+1","Wild Strike+1"],"picked":"Perfected Strike","floor":40},{"not_picked":["Pommel Strike","Body Slam+1"],"picked":"Ghostly Armor+1","floor":41},{"not_picked":["Thunderclap","True Grit"],"picked":"Pommel Strike+1","floor":42},{"not_picked":["Infernal Blade","Bloodletting"],"picked":"Heavy Blade","floor":48},{"not_picked":["Dual Wield","Havoc"],"picked":"Pommel Strike","floor":54}],"player_experience":34665,"relics_obtained":[{"floor":6.0,"key":"Frozen Egg 2"},{"floor":9,"key":"Ginger"},{"floor":12,"key":"Shuriken"},{"floor":14,"key":"Old Coin"},{"floor":25,"key":"War Paint"},{"floor":40,"key":"Vajra"},{"floor":42,"key":"Regal Pillow"},{"floor":43,"key":"The Courier"},{"floor":45,"key":"Peace Pipe"},{"floor":54,"key":"Champion Belt"}],"event_choices":[{"cards_removed":["Strike_R"],"damage_healed":0,"gold_gain":0,"player_choice":"Card Removal","damage_taken":0,"max_hp_gain":0,"max_hp_loss":0,"event_name":"The Cleric","floor":13,"gold_loss":50},{"damage_healed":0,"gold_gain":0,"player_choice":"Read","damage_taken":0,"max_hp_gain":0,"max_hp_loss":0,"event_name":"The Library","floor":22,"gold_loss":0,"cards_obtained":["Reaper"]},{"damage_healed":0,"gold_gain":0,"player_choice":"Ignored","damage_taken":0,"max_hp_gain":0,"max_hp_loss":0,"event_name":"Beggar","floor":27,"gold_loss":0},{"damage_healed":0,"gold_gain":0,"player_choice":"Memory 3","damage_taken":10,"max_hp_gain":0,"max_hp_loss":0,"event_name":"SensoryStone","floor":39,"gold_loss":0},{"damage_healed":0,"gold_gain":0,"player_choice":"Fight","damage_taken":0,"max_hp_gain":0,"max_hp_loss":0,"event_name":"MindBloom","floor":45,"gold_loss":0},{"damage_healed":0,"gold_gain":0,"player_choice":"Max HP","damage_taken":0,"max_hp_gain":0,"max_hp_loss":4,"event_name":"Winding Halls","floor":47,"gold_loss":0}],"is_beta":false,"boss_relics":[{"not_picked":["Runic Cube","Calling Bell"],"picked":"Snecko Eye"},{"not_picked":["Orrery","Philosopher\u0027s Stone"],"picked":"Cursed Key"}],"items_purged_floors":[3,10,19,37],"is_endless":false,"potions_floor_spawned":[1,5,11,14,16,20,25,31,38,42,48],"killed_by":"The Heart","ascension_level":2}