{"gold_per_floor":[117,117,117,132,152,152,181,181,181,225,225,66,99,115,115,214,214,232,248,163,187,200,238,238,278,303,318,352,4,4,4,4,100,100,119,134,53,66,126,161,175,211,235,235,274,607,110,125,125,125,125,125,125,69,101,101],"floor_reached":57,"playtime":4577,"items_purged":["Pain","Strike_G"],"score":2961,"play_id":"f5091022-2840-420d-a381-02c903f824dc","local_time":"20190422101207","is_ascension_mode":true,"campfire_choices":[{"data":"Noxious Fumes","floor":6,"key":"SMITH"},{"data":"Catalyst","floor":15,"key":"SMITH"},{"data":"Footwork","floor":24,"key":"SMITH"},{"data":"Crippling Poison","floor":30,"key":"SMITH"},{"floor":32,"key":"REST"},{"data":"Catalyst","floor":44,"key":"SMITH"},{"floor":49,"key":"RECALL"},{"floor":53,"key":"REST"}],"neow_cost":"NONE","seed_source_timestamp":336607951032140,"circlet_count":0,"master_deck":["AscendersBane","Defend_G","Defend_G","Defend_G","Defend_G","Defend_G","Strike_G","Strike_G+1","Strike_G","Survivor","Neutralize+1","Poisoned Stab","Noxious Fumes+1","Dagger Throw","Catalyst+1","Poisoned Stab","Footwork+1","Crippling Poison+1","Night Terror","Predator+1","Backflip","Backflip","PiercingWail","Backflip+1","Malaise","Catalyst+1","Noxious Fumes","Predator+1","Night Terror","Backflip+1"],"relics":["Ring of the Snake","NeowsBlessing","Gambling Chip","Bag of Preparation","WarpedTongs","Mummified Hand","Snecko Eye","Paper Crane","Orichalcum","Singing Bowl","Bag of Marbles","Blood Vial","Happy Flower","Empty Cage","The Specimen","Strawberry","Whetstone","Ancient Tea Set","DollysMirror","Bottled Lightning","Anchor"],"potions_floor_usage":[10,19,23,25,27,27,40,50,56,56],"damage_taken":[{"damage":0,"enemies":"Small Slimes","floor":1,"turns":1},{"damage":0,"enemies":"2 Louse","floor":4,"turns":1},{"damage":0,"enemies":"Jaw Worm","floor":5,"turns":1},{"damage":24,"enemies":"3 Sentries","floor":7,"turns":6},{"damage":6,"enemies":"Gremlin Nob","floor":10,"turns":3},{"damage":15,"enemies":"Lagavulin","floor":13,"turns":6},{"damage":0,"enemies":"3 Louse","floor":14,"turns":3},{"damage":2,"enemies":"The Guardian","floor":16,"turns":8},{"damage":0,"enemies":"Chosen","floor":18,"turns":2},{"damage":4,"enemies":"Shell Parasite","floor":19,"turns":4},{"damage":1,"enemies":"Snecko","floor":21,"turns":4},{"damage":0,"enemies":"Snake Plant","floor":22,"turns":2},{"damage":10,"enemies":"Gremlin Leader","floor":23,"turns":6},{"damage":3,"enemies":"Slavers","floor":25,"turns":4},{"damage":2,"enemies":"Cultist and Chosen","floor":27,"turns":7},{"damage":4,"enemies":"Book of Stabbing","floor":28,"turns":2},{"damage":20,"enemies":"Collector","floor":33,"turns":7},{"damage":1,"enemies":"Orb Walker","floor":35,"turns":3},{"damage":0,"enemies":"3 Shapes","floor":36,"turns":4},{"damage":0,"enemies":"Jaw Worm Horde","floor":38,"turns":2},{"damage":4,"enemies":"2 Orb Walkers","floor":39,"turns":5},{"damage":40,"enemies":"Nemesis","floor":40,"turns":11},{"damage":3,"enemies":"Writhing Mass","floor":41,"turns":4},{"damage":0,"enemies":"Giant Head","floor":42,"turns":5},{"damage":0,"enemies":"Nemesis","floor":45,"turns":3},{"damage":0,"enemies":"Transient","floor":48,"turns":5},{"damage":35,"enemies":"Awakened One","floor":50,"turns":5},{"damage":10,"enemies":"Donu and Deca","floor":51,"turns":5},{"damage":40,"enemies":"Shield and Spear","floor":55,"turns":5},{"damage":47,"enemies":"The Heart","floor":56,"turns":6}],"seed_played":"-8821315784123727738","potions_obtained":[{"floor":1,"key":"Fire Potion"},{"floor":5,"key":"LiquidBronze"},{"floor":7,"key":"Block Potion"},{"floor":16,"key":"SpeedPotion"},{"floor":21,"key":"Fire Potion"},{"floor":23,"key":"GamblersBrew"},{"floor":25,"key":"FearPotion"},{"floor":28,"key":"Energy Potion"},{"floor":39,"key":"GhostInAJar"},{"floor":40,"key":"Strength Potion"},{"floor":41,"key":"Weak Potion"},{"floor":42,"key":"GhostInAJar"}],"is_trial":false,"path_per_floor":["?","?","M","?","?","M","?","?","M","?","?"],"character_chosen":"THE_SILENT","items_purchased":["Footwork","Happy Flower","GhostInAJar","Catalyst","DollysMirror","Bottled Lightning","Poison Potion"],"campfire_rested":2,"item_purchase_floors":[12,29,29,37,47,47,54],"current_hp_per_floor":[59,59,64,64,64,64,40,40,40,34,34,34,19,19,19,17,52,52,48,48,47,47,37,37,34,34,34,30,30,30,30,49,31,57,60,64,64,66,66,30,31,40,40,40,44,44,44,46,46,13,5,65,85,85,47,2],"gold":101,"neow_bonus":"THREE_ENEMY_KILL","is_prod":false,"is_daily":false,"chose_seed":false,"campfire_upgraded":5,"win_rate":0,"timestamp":1555917127,"path_taken":["M","?","?","?","M","R","E","?","T","E","?","$","E","M","R","BOSS","M","?","?","M","M","E","R","E","T","M","E","$","R","?","R","BOSS","M","M","$","?","?","E","M","E","T","R","E","?","$","M","R","BOSS","BOSS","R","$","E","BOSS"],"build_version":"2019-01-23","purchased_purges":2,"victory":true,"max_hp_per_floor":[66,66,71,71,71,71,71,64,64,64,64,64,64,64,64,64,64,64,64,64,64,64,64,64,64,64,66,66,66,66,66,66,66,66,68,70,70,70,72,74,76,83,83,83,85,85,85,85,85,85,85,85,85,85,87,87],"card_choices":[{"not_picked":["Terror","Finisher"],"picked":"Poisoned Stab","floor":1},{"not_picked":["Dagger Throw","Skewer"],"picked":"Noxious Fumes","floor":4},{"not_picked":["Dodge and Roll","Bane"],"picked":"Dagger Throw","floor":5},{"not_picked":["Choke","Noxious Fumes"],"picked":"Catalyst","floor":7},{"not_picked":["Prepared","Reflex"],"picked":"Poisoned Stab","floor":10},{"not_picked":["Dash","Backflip"],"picked":"Crippling Poison","floor":13},{"not_picked":["Dagger Spray","Acrobatics","Bane"],"picked":"SKIP","floor":14},{"not_picked":["Phantasmal Killer","After Image"],"picked":"Night Terror","floor":16},{"not_picked":["Deflect","Endless Agony"],"picked":"Predator","floor":18},{"not_picked":["Dagger Throw","Accuracy"],"picked":"Backflip","floor":19},{"not_picked":["Escape Plan","Slice"],"picked":"Underhanded Strike","floor":21},{"not_picked":["Underhanded Strike","Sucker Punch","Outmaneuver"],"picked":"SKIP","floor":22},{"not_picked":["Underhanded Strike","Sucker Punch","Outmaneuver"],"picked":"SKIP","floor":22},{"not_picked":["Deflect","Phantasmal Killer"],"picked":"Backflip","floor":23},{"not_picked":["Blur+1","Outmaneuver"],"picked":"PiercingWail","floor":25},{"not_picked":["Quick Slash","Blade Dance","Bane+1"],"picked":"Singing Bowl","floor":27},{"not_picked":["Die Die Die","Backstab"],"picked":"Backflip+1","floor":28},{"not_picked":["Corpse Explosion","A Thousand Cuts"],"picked":"Malaise","floor":33},{"not_picked":["Bane","Eviscerate","Slice"],"picked":"Singing Bowl","floor":35},{"not_picked":["Prepared","Slice","Acrobatics"],"picked":"Singing Bowl","floor":36},{"not_picked":["Slice+1","Outmaneuver"],"picked":"Noxious Fumes","floor":38},{"not_picked":["Choke","Deadly Poison","Outmaneuver"],"picked":"Singing Bowl","floor":39},{"not_picked":["Underhanded Strike","Prepared","Poisoned Stab"],"picked":"Singing Bowl","floor":40},{"not_picked":["A Thousand Cuts","Dagger Spray","Bane"],"picked":"Singing Bowl","floor":41},{"not_picked":["Quick Slash","Deadly Poison"],"picked":"Predator+1","floor":42},{"not_picked":["Infinite Blades+1","Cloak And Dagger","Predator"],"picked":"Singing Bowl","floor":45},{"not_picked":["Quick Slash","Deflect+1"],"picked":"Backflip+1","floor":48},{"not_picked":["Dagger Throw","Poisoned Stab","Bane+1"],"picked":"Singing Bowl","floor":55}],"player_experience":1786535,"relics_obtained":[{"floor":7,"key":"Gambling Chip"},{"floor":10,"key":"Bag of Preparation"},{"floor":13,"key":"Mummified Hand"},{"floor":23,"key":"Orichalcum"},{"floor":25,"key":"Singing Bowl"},{"floor":26,"key":"Bag of Marbles"},{"floor":28,"key":"Blood Vial"},{"floor":39,"key":"The Specimen"},{"floor":42,"key":"Strawberry"},{"floor":43,"key":"Whetstone"},{"floor":45,"key":"Ancient Tea Set"},{"floor":55,"key":"Anchor"}],"event_choices":[{"damage_healed":0,"gold_gain":0,"player_choice":"Ignored","damage_taken":0,"max_hp_gain":0,"max_hp_loss":0,"event_name":"Liars Game","floor":2,"gold_loss":0},{"damage_healed":0,"gold_gain":0,"player_choice":"Donut","damage_taken":0,"max_hp_gain":5,"max_hp_loss":0,"event_name":"Big Fish","floor":3,"gold_loss":0},{"damage_healed":0,"gold_gain":0,"player_choice":"Lose Max HP","damage_taken":0,"relics_obtained":["Golden Idol"],"max_hp_gain":0,"max_hp_loss":7,"event_name":"Golden Idol","floor":8,"gold_loss":0},{"damage_healed":0,"gold_gain":0,"player_choice":"Rummage","damage_taken":0,"relics_obtained":["WarpedTongs"],"max_hp_gain":0,"max_hp_loss":0,"event_name":"Accursed Blacksmith","floor":11,"gold_loss":0,"cards_obtained":["Pain"]},{"damage_healed":0,"gold_gain":0,"player_choice":"Obtained Relic","damage_taken":0,"relics_obtained":["Paper Crane"],"max_hp_gain":0,"max_hp_loss":0,"event_name":"Addict","floor":20,"gold_loss":85},{"damage_healed":0,"gold_gain":0,"player_choice":"Upgraded","damage_taken":0,"max_hp_gain":0,"max_hp_loss":0,"event_name":"Upgrade Shrine","floor":31,"gold_loss":0,"cards_upgraded":["Neutralize"]},{"damage_healed":0,"gold_gain":0,"player_choice":"Fight","damage_taken":0,"max_hp_gain":0,"max_hp_loss":0,"event_name":"Mysterious Sphere","floor":39,"gold_loss":0},{"damage_healed":0,"gold_gain":333,"player_choice":"Gave Idol","damage_taken":0,"max_hp_gain":0,"max_hp_loss":0,"event_name":"The Moai Head","floor":46,"relics_lost":["Golden Idol"],"gold_loss":0}],"is_beta":false,"boss_relics":[{"not_picked":["Ectoplasm","Coffee Dripper"],"picked":"Snecko Eye"},{"not_picked":["Busted Crown","Tiny House"],"picked":"Empty Cage"}],"items_purged_floors":[12,29],"is_endless":false,"potions_floor_spawned":[1,5,7,16,21,22,23,25,28,39,40,41,42,55],"ascension_level":20}