{"gold_per_floor":[362,362,387,412,424,436,468,523,535,562,574,627,241,254,254,378,378,398,398,422,101,101],"floor_reached":22,"playtime":902,"items_purged":["Strike_R"],"score":301,"play_id":"a14a5791-1bb1-400c-9016-5cc0571c924a","local_time":"20190423231555","is_ascension_mode":true,"campfire_choices":[{"floor":6,"key":"REST"},{"floor":11,"key":"REST"},{"data":"1","floor":15,"key":"LIFT"}],"neow_cost":"TEN_PERCENT_HP_LOSS","seed_source_timestamp":22685866841900,"circlet_count":0,"master_deck":["AscendersBane","Strike_R","Strike_R","Strike_R","Strike_R","Defend_R","Defend_R","Defend_R","Defend_R","Bash","Anger","Iron Wave","Combust","Feel No Pain","True Grit","Demon Form","Feel No Pain","Limit Break","True Grit","Havoc","Metallicize","Flame Barrier"],"relics":["Burning Blood","Golden Idol","MawBank","Dead Branch","Du-Vu Doll","Gambling Chip","Girya","Self Forming Clay","Runic Pyramid","Mummified Hand"],"potions_floor_usage":[16,22],"damage_taken":[{"damage":0,"enemies":"Small Slimes","floor":1,"turns":3},{"damage":12,"enemies":"Jaw Worm","floor":4,"turns":3},{"damage":9,"enemies":"2 Louse","floor":7,"turns":4},{"damage":33,"enemies":"Lagavulin","floor":8,"turns":6},{"damage":11,"enemies":"Blue Slaver","floor":10,"turns":4},{"damage":19,"enemies":"3 Sentries","floor":12,"turns":6},{"damage":8,"enemies":"2 Fungi Beasts","floor":14,"turns":3},{"damage":8,"enemies":"Hexaghost","floor":16,"turns":7},{"damage":0,"enemies":"Spheric Guardian","floor":18,"turns":3},{"damage":16,"enemies":"2 Thieves","floor":20,"turns":5},{"damage":61,"enemies":"Masked Bandits","floor":22,"turns":3}],"seed_played":"-8036556830609878921","potions_obtained":[{"floor":4,"key":"Dexterity Potion"},{"floor":14,"key":"Energy Potion"},{"floor":16,"key":"GamblersBrew"}],"is_trial":false,"path_per_floor":["M","?","T","M","?","R","M","E","T","M","R","E","$","M","R","B",null,"M","?","M","$","?"],"character_chosen":"IRONCLAD","items_purchased":["Self Forming Clay","Feel No Pain","Mummified Hand","Flame Barrier"],"campfire_rested":2,"item_purchase_floors":[13,13,21,21],"current_hp_per_floor":[72,54,54,48,41,62,59,32,32,27,48,35,35,33,33,31,62,68,68,58,58,0],"gold":101,"neow_bonus":"TWO_FIFTY_GOLD","is_prod":false,"is_daily":false,"chose_seed":false,"campfire_upgraded":0,"win_rate":0,"timestamp":1556075755,"path_taken":["M","?","?","M","?","R","M","E","T","M","R","E","$","M","R","BOSS","M","?","M","$","?"],"build_version":"2019-01-23","purchased_purges":1,"victory":false,"max_hp_per_floor":[72,72,72,72,72,72,72,72,72,72,72,72,72,72,72,72,72,72,72,72,72,72],"card_choices":[{"not_picked":["Iron Wave","Wild Strike"],"picked":"Anger","floor":1},{"not_picked":["Pommel Strike","Sentinel"],"picked":"Iron Wave","floor":4},{"not_picked":["Pommel Strike","Cleave"],"picked":"Combust","floor":7},{"not_picked":["Body Slam","Offering"],"picked":"Feel No Pain","floor":8},{"not_picked":["Flex","Power Through"],"picked":"True Grit","floor":10},{"not_picked":["Rampage","Seeing Red"],"picked":"Demon Form","floor":12},{"not_picked":["Combust","Flex","Cleave"],"picked":"SKIP","floor":14},{"not_picked":["Feed","Double Tap"],"picked":"Limit Break","floor":16},{"not_picked":["Sword Boomerang","Shrug It Off"],"picked":"True Grit","floor":18},{"not_picked":["Shrug It Off+1","Twin Strike+1"],"picked":"Metallicize","floor":20}],"player_experience":618048,"relics_obtained":[{"floor":3,"key":"MawBank"},{"floor":8,"key":"Du-Vu Doll"},{"floor":9,"key":"Gambling Chip"},{"floor":12,"key":"Girya"}],"event_choices":[{"damage_healed":0,"gold_gain":0,"player_choice":"Take Damage","damage_taken":18,"relics_obtained":["Golden Idol"],"max_hp_gain":0,"max_hp_loss":0,"event_name":"Golden Idol","floor":2,"gold_loss":0},{"damage_healed":0,"gold_gain":0,"player_choice":"Success","damage_taken":7,"relics_obtained":["Dead Branch"],"max_hp_gain":0,"max_hp_loss":0,"event_name":"Scrap Ooze","floor":5,"gold_loss":0},{"damage_healed":0,"gold_gain":0,"player_choice":"Read","damage_taken":0,"max_hp_gain":0,"max_hp_loss":0,"event_name":"The Library","floor":19,"gold_loss":0,"cards_obtained":["Havoc"]},{"damage_healed":0,"gold_gain":0,"player_choice":"Fought Bandits","damage_taken":0,"max_hp_gain":0,"max_hp_loss":0,"event_name":"Masked Bandits","floor":22,"gold_loss":0}],"is_beta":false,"boss_relics":[{"not_picked":["Astrolabe","Runic Cube"],"picked":"Runic Pyramid"}],"items_purged_floors":[13],"is_endless":false,"potions_floor_spawned":[4,14,16],"killed_by":"Masked Bandits","ascension_level":11}