{"gold_per_floor":[17,17,35,35,49,49,49,65,65,65,98,114,114,150,150,269,269,289,388,412,145,160,203,203,222,291,291],"floor_reached":27,"playtime":2499,"items_purged":["Strike_R"],"score":329,"play_id":"ba769d3e-c127-45c7-be93-8f1ddae17116","local_time":"20190326125134","is_ascension_mode":true,"campfire_choices":[{"data":"Headbutt","floor":6,"key":"SMITH"},{"data":"Shockwave","floor":10,"key":"SMITH"},{"floor":13,"key":"REST"},{"data":"Metallicize","floor":15,"key":"SMITH"}],"neow_cost":"NO_GOLD","seed_source_timestamp":0,"circlet_count":0,"master_deck":["Strike_R","Strike_R","Defend_R","Defend_R","Defend_R","Defend_R","Bash","Headbutt+1","Metallicize+1","Shockwave+1","Wild Strike","Rampage","Immolate","Feel No Pain","Shockwave","Fire Breathing","Exhume"],"special_seed":0,"relics":["Burning Blood","Golden Idol","Kunai","Regal Pillow","Oddly Smooth Stone","Snecko Eye","Red Skull","Dream Catcher","Shuriken"],"potions_floor_usage":[16,22,23,27],"damage_taken":[{"damage":5,"enemies":"2 Louse","floor":1,"turns":4},{"damage":8,"enemies":"Jaw Worm","floor":3,"turns":4},{"damage":2,"enemies":"Small Slimes","floor":5,"turns":3},{"damage":7,"enemies":"2 Fungi Beasts","floor":8,"turns":4},{"damage":34,"enemies":"3 Sentries","floor":11,"turns":9},{"damage":22,"enemies":"Exordium Thugs","floor":12,"turns":6},{"damage":28,"enemies":"Gremlin Nob","floor":14,"turns":4},{"damage":30,"enemies":"Hexaghost","floor":16,"turns":11},{"damage":8,"enemies":"Chosen","floor":18,"turns":4},{"damage":21,"enemies":"Shell Parasite","floor":20,"turns":4},{"damage":17,"enemies":"Sentry and Sphere","floor":22,"turns":5},{"damage":23,"enemies":"Book of Stabbing","floor":23,"turns":4},{"damage":4,"enemies":"3 Cultists","floor":25,"turns":3},{"damage":50,"enemies":"Slavers","floor":27,"turns":4}],"seed_played":"-3179598745137627635","potions_obtained":[{"floor":1,"key":"Ancient Potion"},{"floor":5,"key":"Weak Potion"},{"floor":11,"key":"GamblersBrew"},{"floor":18,"key":"GamblersBrew"},{"floor":20,"key":"SteroidPotion"},{"floor":25,"key":"Block Potion"}],"is_trial":false,"path_per_floor":["?","?","?","?","M"],"character_chosen":"IRONCLAD","items_purchased":["Red Skull","Shockwave"],"campfire_rested":1,"item_purchase_floors":[21,21],"current_hp_per_floor":[96,101,99,74,78,78,78,77,77,77,49,33,78,56,56,32,84,82,82,67,67,56,39,39,41,41,0],"gold":291,"neow_bonus":"TWENTY_PERCENT_HP_BONUS","is_prod":false,"is_daily":false,"chose_seed":false,"campfire_upgraded":3,"win_rate":0,"timestamp":1553604694,"path_taken":["M","?","M","?","M","R","$","M","T","R","E","M","R","E","R","BOSS","M","?","M","$","M","E","?","?","T","E"],"build_version":"2019-01-23","purchased_purges":1,"victory":false,"max_hp_per_floor":[96,101,101,101,101,101,101,101,101,101,101,101,101,101,101,101,101,101,101,101,101,101,101,101,101,101,101],"card_choices":[{"not_picked":["Cleave","Anger"],"picked":"Headbutt","floor":3},{"not_picked":["Heavy Blade","Dropkick"],"picked":"Metallicize","floor":5},{"not_picked":["Pommel Strike","Combust"],"picked":"Shockwave","floor":8},{"not_picked":["Thunderclap","Battle Trance","Clash"],"picked":"SKIP","floor":11},{"not_picked":["Heavy Blade","Whirlwind"],"picked":"Wild Strike","floor":12},{"not_picked":["Brutality","Second Wind"],"picked":"Rampage","floor":14},{"not_picked":["Double Tap","Berserk"],"picked":"Immolate","floor":16},{"not_picked":["Shockwave","Clash"],"picked":"Feel No Pain","floor":18},{"not_picked":["Blood for Blood","Searing Blow+1","Clash+1"],"picked":"SKIP","floor":20},{"not_picked":["Cleave","Anger","Body Slam+1"],"picked":"SKIP","floor":22},{"not_picked":["Hemokinesis","Barricade","Offering"],"picked":"SKIP","floor":23},{"not_picked":["Body Slam","Pommel Strike","Dropkick"],"picked":"SKIP","floor":25}],"player_experience":321966,"relics_obtained":[{"floor":9,"key":"Kunai"},{"floor":11,"key":"Regal Pillow"},{"floor":14,"key":"Oddly Smooth Stone"},{"floor":23,"key":"Dream Catcher"},{"floor":26,"key":"Shuriken"}],"event_choices":[{"damage_healed":0,"gold_gain":0,"player_choice":"Donut","damage_taken":0,"max_hp_gain":5,"max_hp_loss":0,"event_name":"Big Fish","floor":2,"gold_loss":0},{"damage_healed":0,"gold_gain":0,"player_choice":"Take Damage","damage_taken":25,"relics_obtained":["Golden Idol"],"max_hp_gain":0,"max_hp_loss":0,"event_name":"Golden Idol","floor":4,"gold_loss":0},{"damage_healed":0,"gold_gain":99,"player_choice":"Stole From Cult","damage_taken":0,"max_hp_gain":0,"max_hp_loss":0,"event_name":"Nest","floor":19,"gold_loss":0},{"damage_healed":0,"gold_gain":0,"cards_transformed":["Strike_R","Strike_R"],"player_choice":"Became Test Subject","damage_taken":0,"max_hp_gain":0,"max_hp_loss":0,"event_name":"Drug Dealer","floor":24,"gold_loss":0,"cards_obtained":["Fire Breathing","Exhume"]}],"is_beta":false,"boss_relics":[{"not_picked":["Black Blood","Runic Cube"],"picked":"Snecko Eye"}],"items_purged_floors":[21],"is_endless":false,"potions_floor_spawned":[1,5,11,18,20,25],"killed_by":"Slavers","ascension_level":5}