{"gold_per_floor":[113,130,147,158,168,196,213,231,231,231,257,277,277,295,295,393,393,403,423,348,348,348,348,373,373,373,373,389,400,400,56,56,155,155,166,166,182,193,207,239,11,65,65,78,106,106,117,135,135,135],"floor_reached":51,"playtime":2716,"items_purged":["Shame","Pain"],"score":817,"play_id":"c0cb3536-21a9-4611-9136-609d8164067b","local_time":"20190118183830","is_ascension_mode":true,"campfire_choices":[{"data":"1","floor":10,"key":"LIFT"},{"data":"2","floor":13,"key":"LIFT"},{"data":"3","floor":15,"key":"LIFT"},{"data":"Armaments","floor":23,"key":"SMITH"},{"floor":25,"key":"REST"},{"data":"Barricade","floor":30,"key":"SMITH"},{"data":"Corruption","floor":32,"key":"SMITH"},{"floor":49,"key":"REST"}],"neow_cost":"NONE","seed_source_timestamp":6483608735600,"circlet_count":0,"master_deck":["Strike_R+1","Strike_R+1","Strike_R+1","Defend_R+1","Defend_R+1","Defend_R+1","Defend_R+1","Bash","Havoc","Rampage","Pommel Strike","Battle Trance","Exhume","Heavy Blade","Headbutt","Headbutt","Reaper","Rampage","Barricade+1","Armaments+1","Corruption+1","Juggernaut","Flame Barrier","Entrench","Panache","Body Slam+1"],"relics":["Burning Blood","Girya","Smiling Mask","Pantograph","Busted Crown","Bag of Preparation","Vajra","Darkstone Periapt","Dead Branch","Fusion Hammer","WarpedTongs","Self Forming Clay","Thread and Needle","Ornamental Fan","Sundial","Red Skull"],"potions_floor_usage":[4,5,7,16,18,19,28,40,44,47,50,50],"damage_taken":[{"damage":6,"enemies":"2 Louse","floor":1,"turns":3},{"damage":2,"enemies":"Jaw Worm","floor":2,"turns":3},{"damage":7,"enemies":"Small Slimes","floor":3,"turns":3},{"damage":9,"enemies":"Exordium Thugs","floor":4,"turns":5},{"damage":1,"enemies":"Looter","floor":5,"turns":2},{"damage":25,"enemies":"3 Sentries","floor":6,"turns":10},{"damage":1,"enemies":"2 Fungi Beasts","floor":7,"turns":3},{"damage":17,"enemies":"Exordium Wildlife","floor":8,"turns":5},{"damage":21,"enemies":"Lagavulin","floor":11,"turns":5},{"damage":17,"enemies":"Exordium Thugs","floor":12,"turns":4},{"damage":0,"enemies":"Large Slime","floor":14,"turns":4},{"damage":44,"enemies":"The Guardian","floor":16,"turns":8},{"damage":9,"enemies":"Chosen","floor":18,"turns":4},{"damage":27,"enemies":"Spheric Guardian","floor":19,"turns":4},{"damage":71,"enemies":"Book of Stabbing","floor":24,"turns":6},{"damage":18,"enemies":"Centurion and Healer","floor":28,"turns":9},{"damage":13,"enemies":"Cultist and Chosen","floor":29,"turns":6},{"damage":5,"enemies":"Automaton","floor":33,"turns":7},{"damage":8,"enemies":"3 Shapes","floor":35,"turns":4},{"damage":45,"enemies":"3 Darklings","floor":37,"turns":5},{"damage":26,"enemies":"Sphere and 2 Shapes","floor":38,"turns":4},{"damage":14,"enemies":"Jaw Worm Horde","floor":39,"turns":4},{"damage":39,"enemies":"Reptomancer","floor":40,"turns":5},{"damage":20,"enemies":"2 Orb Walkers","floor":42,"turns":4},{"damage":24,"enemies":"Spire Growth","floor":44,"turns":4},{"damage":17,"enemies":"Nemesis","floor":45,"turns":9},{"damage":0,"enemies":"Writhing Mass","floor":47,"turns":3},{"damage":17,"enemies":"4 Shapes","floor":48,"turns":3},{"damage":9,"enemies":"Donu and Deca","floor":50,"turns":4}],"seed_played":"-3620290855286438768","potions_obtained":[{"floor":3,"key":"FearPotion"},{"floor":4,"key":"AttackPotion"},{"floor":6,"key":"FearPotion"},{"floor":11,"key":"SpeedPotion"},{"floor":14,"key":"Weak Potion"},{"floor":18,"key":"BloodPotion"},{"floor":24,"key":"Poison Potion"},{"floor":37,"key":"SpeedPotion"},{"floor":42,"key":"SkillPotion"},{"floor":45,"key":"GamblersBrew"},{"floor":47,"key":"GamblersBrew"},{"floor":48,"key":"AttackPotion"}],"is_trial":false,"path_per_floor":["M","M","M","M","M","E","M","M","T","R","E","M","R","M","R","B",null,"M","M","?","?","?","R","E","R","T","?","M","M","R","$","R","B",null,"M","?","M","M","M","E","$","?","T","M","E","T","M","M","R","B",null],"character_chosen":"IRONCLAD","items_purchased":["Dead Branch","Panache"],"campfire_rested":2,"item_purchase_floors":[31,41],"current_hp_per_floor":[80,80,79,76,80,61,66,55,55,55,40,29,29,47,47,34,80,79,69,69,69,69,69,11,35,35,35,44,37,37,37,37,80,80,78,84,53,61,57,56,56,42,42,33,33,33,39,86,86,86],"gold":135,"neow_bonus":"TRANSFORM_CARD","is_prod":false,"is_daily":false,"chose_seed":false,"campfire_upgraded":3,"win_rate":0,"timestamp":1547854710,"path_taken":["M","M","M","M","M","E","M","M","T","R","E","M","R","M","R","BOSS","M","M","?","?","?","R","E","R","T","?","M","M","R","$","R","BOSS","M","?","M","M","M","E","?","?","T","M","E","?","M","M","R","BOSS"],"build_version":"2019-01-17v2","purchased_purges":2,"victory":true,"max_hp_per_floor":[80,80,80,80,80,80,80,80,80,80,80,80,80,80,80,80,80,80,80,80,80,80,80,80,80,80,80,80,80,80,80,80,80,80,80,86,86,86,86,86,86,86,86,86,86,86,86,86,86,86],"card_choices":[{"not_picked":["Heavy Blade","Thunderclap"],"picked":"Rampage","floor":1},{"not_picked":["Clothesline","Iron Wave"],"picked":"Pommel Strike","floor":2},{"not_picked":["Twin Strike","Warcry"],"picked":"Battle Trance","floor":3},{"not_picked":["Pommel Strike","Thunderclap"],"picked":"Exhume","floor":4},{"not_picked":["Wild Strike","Warcry","Anger"],"picked":"SKIP","floor":5},{"not_picked":["Iron Wave","Twin Strike"],"picked":"Heavy Blade","floor":6},{"not_picked":["Warcry","Fiend Fire"],"picked":"Headbutt","floor":7},{"not_picked":["Anger","Shrug It Off"],"picked":"Headbutt","floor":8},{"not_picked":["Ghostly Armor","Shrug It Off"],"picked":"Reaper","floor":11},{"not_picked":["Body Slam","Pommel Strike"],"picked":"Rampage","floor":12},{"not_picked":["Warcry","Heavy Blade","Iron Wave"],"picked":"SKIP","floor":14},{"not_picked":["Immolate","Juggernaut"],"picked":"Barricade","floor":16},{"not_picked":["Heavy Blade"],"picked":"SKIP","floor":18},{"not_picked":["Warcry"],"picked":"SKIP","floor":19},{"not_picked":["Fire Breathing+1"],"picked":"SKIP","floor":24},{"not_picked":["Headbutt"],"picked":"SKIP","floor":28},{"not_picked":[],"picked":"Corruption","floor":29},{"not_picked":[],"picked":"Juggernaut","floor":33},{"not_picked":[],"picked":"Flame Barrier","floor":35},{"not_picked":[],"picked":"Entrench","floor":37},{"not_picked":["Battle Trance+1"],"picked":"SKIP","floor":38},{"not_picked":["Clothesline+1"],"picked":"SKIP","floor":39},{"not_picked":["Berserk"],"picked":"SKIP","floor":40},{"not_picked":["Bloodletting+1"],"picked":"SKIP","floor":44},{"not_picked":["True Grit+1"],"picked":"SKIP","floor":45},{"not_picked":[],"picked":"Body Slam+1","floor":47},{"not_picked":["Burning Pact"],"picked":"SKIP","floor":48}],"player_experience":348732,"relics_obtained":[{"floor":6,"key":"Girya"},{"floor":9,"key":"Smiling Mask"},{"floor":11,"key":"Pantograph"},{"floor":24,"key":"Vajra"},{"floor":26,"key":"Darkstone Periapt"},{"floor":40,"key":"Self Forming Clay"},{"floor":42,"key":"Thread and Needle"},{"floor":43,"key":"Ornamental Fan"},{"floor":45,"key":"Sundial"},{"floor":46,"key":"Red Skull"}],"event_choices":[{"cards_removed":["Strike_R"],"damage_healed":0,"gold_gain":0,"player_choice":"Gave Gold","damage_taken":0,"max_hp_gain":0,"max_hp_loss":0,"event_name":"Beggar","floor":20,"gold_loss":75},{"damage_healed":0,"gold_gain":0,"player_choice":"Read","damage_taken":0,"max_hp_gain":0,"max_hp_loss":0,"event_name":"The Library","floor":21,"gold_loss":0,"cards_obtained":["Armaments"]},{"damage_healed":0,"gold_gain":0,"player_choice":"Stole Relic","damage_taken":0,"relics_obtained":["Bag of Preparation"],"max_hp_gain":0,"max_hp_loss":0,"event_name":"Addict","floor":22,"gold_loss":0,"cards_obtained":["Shame"]},{"damage_healed":0,"gold_gain":0,"player_choice":"Simplicity","damage_taken":0,"max_hp_gain":0,"max_hp_loss":0,"event_name":"Back to Basics","floor":27,"gold_loss":0,"cards_upgraded":["Strike_R","Strike_R","Strike_R","Defend_R","Defend_R","Defend_R","Defend_R"]},{"damage_healed":0,"gold_gain":0,"player_choice":"Rummage","damage_taken":0,"relics_obtained":["WarpedTongs"],"max_hp_gain":0,"max_hp_loss":0,"event_name":"Accursed Blacksmith","floor":36,"gold_loss":0,"cards_obtained":["Pain"]},{"damage_healed":0,"gold_gain":0,"player_choice":"Fight","damage_taken":0,"max_hp_gain":0,"max_hp_loss":0,"event_name":"Mysterious Sphere","floor":42,"gold_loss":0}],"is_beta":false,"boss_relics":[{"not_picked":["Runic Dome","Runic Cube"],"picked":"Busted Crown"},{"not_picked":["Velvet Choker","Lizard Tail"],"picked":"Fusion Hammer"}],"items_purged_floors":[31,41],"is_endless":false,"potions_floor_spawned":[3,4,6,11,14,18,24,37,42,45,47,48],"ascension_level":2}