{"gold_per_floor":[119,132,86,102,35,90,90,100,100,128,147,147,147,147,147,250,250,267,122,141,141,160,16,48,48,116,133,133,232,249,260,260,358,358,371,417,417,432,27,27,27,43,66,66,82,82,149,183,183,183],"floor_reached":50,"playtime":2901,"items_purged":[],"score":678,"play_id":"c9a387ed-020f-4097-afa5-d38fa9c943fa","local_time":"20190331225536","is_ascension_mode":true,"campfire_choices":[{"data":"Zap","floor":7.0,"key":"SMITH"},{"floor":13.0,"key":"REST"},{"data":"Loop","floor":15.0,"key":"SMITH"},{"floor":25.0,"key":"REST"},{"floor":28.0,"key":"REST"},{"data":"Defragment","floor":32.0,"key":"SMITH"},{"floor":40,"key":"REST"},{"data":"Apotheosis","floor":44,"key":"SMITH"},{"floor":46,"key":"REST"},{"floor":49,"key":"REST"}],"neow_cost":"NONE","seed_source_timestamp":957046436455393,"circlet_count":0,"master_deck":["Strike_B","Strike_B+1","Strike_B+1","Strike_B","Defend_B","Defend_B","Defend_B","Defend_B","Zap+1","Dualcast","Leap","Go for the Eyes","Go for the Eyes","Loop+1","Melter","Beam Cell","Beam Cell","Glacier","Fusion","Conserve Battery","Machine Learning","Leap+1","Zap","Ball Lightning+1","Sunder","Go for the Eyes","Barrage+1","Defragment+1","Sweeping Beam","Cold Snap+1","All For One","White Noise","Leap","Apotheosis+1","Beam Cell+1","Compile Driver+1","Sweeping Beam+1","Go for the Eyes+1","White Noise+1","Skim+1","Hologram+1","Static Discharge+1"],"special_seed":0,"relics":["Cracked Core","Dream Catcher","Tiny Chest","Centennial Puzzle","Mummified Hand","Oddly Smooth Stone","Nuclear Battery","Lantern","DataDisk","Whetstone","The Courier","Sozu","Shovel","Molten Egg 2","Frozen Egg 2","SsserpentHead","PreservedInsect","Letter Opener"],"potions_floor_usage":[33,33,33],"damage_taken":[{"damage":1.0,"enemies":"Cultist","floor":1.0,"turns":4.0},{"damage":3.0,"enemies":"2 Louse","floor":2.0,"turns":2.0},{"damage":7.0,"enemies":"Jaw Worm","floor":4.0,"turns":3.0},{"damage":26.0,"enemies":"3 Sentries","floor":6.0,"turns":8.0},{"damage":13.0,"enemies":"Lots of Slimes","floor":8.0,"turns":4.0},{"damage":20.0,"enemies":"Gremlin Nob","floor":10.0,"turns":3.0},{"damage":0.0,"enemies":"Blue Slaver","floor":11.0,"turns":3.0},{"damage":30.0,"enemies":"Hexaghost","floor":16.0,"turns":15.0},{"damage":4.0,"enemies":"Spheric Guardian","floor":18.0,"turns":4.0},{"damage":2.0,"enemies":"2 Thieves","floor":20.0,"turns":4.0},{"damage":29.0,"enemies":"Shelled Parasite and Fungi","floor":22.0,"turns":6.0},{"damage":1.0,"enemies":"Book of Stabbing","floor":24.0,"turns":6.0},{"damage":17.0,"enemies":"Centurion and Healer","floor":27.0,"turns":4.0},{"damage":0.0,"enemies":"Snecko","floor":30.0,"turns":5.0},{"damage":18.0,"enemies":"Chosen and Byrds","floor":31.0,"turns":5.0},{"damage":32,"enemies":"Champ","floor":33,"turns":7},{"damage":10,"enemies":"3 Darklings","floor":35,"turns":3},{"damage":27,"enemies":"2 Orb Walkers","floor":36,"turns":5},{"damage":9,"enemies":"Orb Walker","floor":38,"turns":2},{"damage":0,"enemies":"Sphere and 2 Shapes","floor":42,"turns":3},{"damage":2,"enemies":"3 Darklings","floor":45,"turns":4},{"damage":9,"enemies":"Spire Growth","floor":47,"turns":4},{"damage":24,"enemies":"Reptomancer","floor":48,"turns":5},{"damage":65,"enemies":"Awakened One","floor":50,"turns":10}],"seed_played":"639967894050831322","potions_obtained":[{"floor":1.0,"key":"Block Potion"},{"floor":10.0,"key":"Strength Potion"},{"floor":11.0,"key":"GamblersBrew"},{"floor":16.0,"key":"Energy Potion"},{"floor":18.0,"key":"EssenceOfSteel"},{"floor":30.0,"key":"LiquidBronze"},{"floor":31.0,"key":"Strength Potion"}],"is_trial":false,"path_per_floor":["M","M","$","M","$","E","R","M","T","E","M","?","R","T","R","B",null,"M","$","M","?","M","$","E","R","T","M","R","?","M","M","R","B",null,"M","?","?","M","$","R","?","M","T","R","M","R","M","E","R","B"],"character_chosen":"DEFECT","items_purchased":["Go for the Eyes","Melter","Lantern","DataDisk","Molten Egg 2","Frozen Egg 2"],"campfire_rested":6,"item_purchase_floors":[3,5,19,23,39,39],"current_hp_per_floor":[74,71,71,64,64,38,38,25,25,5,5,10,34,34,34,4,61,57,57,55,55,26,26,25,49,49,32,56,56,56,38,38,6,62,52,25,25,16,16,40,40,40,40,40,38,62,53,29,53,0],"gold":183,"neow_bonus":"RANDOM_COMMON_RELIC","is_prod":false,"is_daily":false,"chose_seed":false,"campfire_upgraded":4,"win_rate":0,"timestamp":1554087336,"path_taken":["M","M","?","M","$","E","R","?","T","E","M","?","R","?","R","BOSS","M","$","?","?","?","$","E","R","T","M","R","?","M","M","R","BOSS","M","?","?","?","$","R","?","M","T","R","M","R","?","E","R","BOSS"],"build_version":"2019-01-23","purchased_purges":0,"victory":false,"max_hp_per_floor":[75,75,75,75,75,75,75,75,75,75,75,80,80,80,80,80,80,80,80,80,80,80,80,80,80,80,80,80,80,80,80,80,80,80,80,80,80,80,80,80,80,80,80,80,80,80,80,80,80,80],"card_choices":[{"not_picked":["Chill","Streamline"],"picked":"Leap","floor":1.0},{"not_picked":["Aggregate","Static Discharge"],"picked":"Go for the Eyes","floor":2.0},{"not_picked":["Coolheaded","Creative AI"],"picked":"Loop","floor":4.0},{"not_picked":["Rebound","Redo"],"picked":"Beam Cell","floor":6.0},{"not_picked":["Double Energy","Glacier"],"picked":"Beam Cell","floor":8.0},{"not_picked":["Recycle","Turbo"],"picked":"Glacier","floor":10.0},{"not_picked":["Barrage","Go for the Eyes"],"picked":"Fusion","floor":11.0},{"not_picked":["Turbo","Streamline"],"picked":"Conserve Battery","floor":13.0},{"not_picked":["Creative AI","Hyperbeam"],"picked":"Machine Learning","floor":16.0},{"not_picked":["Reprogram","Turbo","Steam"],"picked":"SKIP","floor":18.0},{"not_picked":["Recycle","Compile Driver"],"picked":"Leap+1","floor":20.0},{"not_picked":["Rebound","BootSequence"],"picked":"Ball Lightning+1","floor":22.0},{"not_picked":["Meteor Strike","Aggregate"],"picked":"Sunder","floor":24.0},{"not_picked":["White Noise","Darkness"],"picked":"Go for the Eyes","floor":25.0},{"not_picked":["Aggregate","Doom and Gloom+1"],"picked":"Barrage+1","floor":27.0},{"not_picked":["Gash","Redo+1"],"picked":"Defragment","floor":28.0},{"not_picked":["Force Field","Coolheaded"],"picked":"Sweeping Beam","floor":30.0},{"not_picked":["Rip and Tear","Conserve Battery"],"picked":"Cold Snap+1","floor":31.0},{"not_picked":["Thunder Strike","Multi-Cast"],"picked":"All For One","floor":33},{"not_picked":["Gash","Compile Driver+1"],"picked":"White Noise","floor":35},{"not_picked":["Skim","Redo"],"picked":"Leap","floor":36},{"not_picked":["PanicButton","Jack Of All Trades"],"picked":"Apotheosis","floor":37},{"not_picked":["Conserve Battery+1","Leap+1"],"picked":"Beam Cell+1","floor":38},{"not_picked":["Blizzard+1","Chaos+1"],"picked":"Compile Driver+1","floor":40},{"not_picked":["Compile Driver+1","Conserve Battery+1"],"picked":"Sweeping Beam+1","floor":42},{"not_picked":["Rebound+1","Doom and Gloom+1"],"picked":"Go for the Eyes+1","floor":45},{"not_picked":["Compile Driver+1","Storm+1"],"picked":"White Noise+1","floor":46},{"not_picked":["Rebound+1","Barrage+1"],"picked":"Skim+1","floor":47},{"not_picked":["Doom and Gloom+1","Steam Power"],"picked":"Hologram+1","floor":48},{"not_picked":["Glacier+1","Darkness"],"picked":"Static Discharge+1","floor":49}],"player_experience":257192,"relics_obtained":[{"floor":6.0,"key":"Tiny Chest"},{"floor":9.0,"key":"Centennial Puzzle"},{"floor":10.0,"key":"Mummified Hand"},{"floor":14.0,"key":"Oddly Smooth Stone"},{"floor":24.0,"key":"Whetstone"},{"floor":26.0,"key":"The Courier"},{"floor":36,"key":"Shovel"},{"floor":43,"key":"PreservedInsect"},{"floor":48,"key":"Letter Opener"}],"event_choices":[{"damage_healed":0.0,"max_hp_gain":5.0,"max_hp_loss":0.0,"gold_gain":0.0,"event_name":"Big Fish","player_choice":"Donut","floor":12.0,"gold_loss":0.0,"damage_taken":0.0},{"damage_healed":0.0,"max_hp_gain":0.0,"max_hp_loss":0.0,"gold_gain":0.0,"event_name":"Match and Keep!","player_choice":"1 cards matched","floor":21.0,"gold_loss":0.0,"damage_taken":0.0,"cards_obtained":["Zap"]},{"damage_healed":0.0,"max_hp_gain":0.0,"max_hp_loss":0.0,"gold_gain":99.0,"event_name":"Nest","player_choice":"Stole From Cult","floor":29.0,"gold_loss":0.0,"damage_taken":0.0},{"damage_healed":0,"gold_gain":0,"player_choice":"Fight","damage_taken":0,"max_hp_gain":0,"max_hp_loss":0,"event_name":"Mysterious Sphere","floor":36,"gold_loss":0},{"damage_healed":0,"gold_gain":0,"player_choice":"Memory 1","damage_taken":0,"max_hp_gain":0,"max_hp_loss":0,"event_name":"SensoryStone","floor":37,"gold_loss":0},{"damage_healed":0,"gold_gain":0,"player_choice":"Trade","damage_taken":0,"relics_obtained":["SsserpentHead"],"max_hp_gain":0,"max_hp_loss":0,"event_name":"FaceTrader","floor":41,"gold_loss":0}],"is_beta":false,"boss_relics":[{"not_picked":["Cursed Key","Black Star"],"picked":"Nuclear Battery"},{"not_picked":["Coffee Dripper","Philosopher\u0027s Stone"],"picked":"Sozu"}],"items_purged_floors":[],"is_endless":false,"potions_floor_spawned":[1,10,11,16,18,30,31,35,42],"killed_by":"Awakened One","ascension_level":5}