{"gold_per_floor":[110,110,124,136,37,37,62,62,85,260,279,279,229,229],"floor_reached":14,"playtime":1196,"items_purged":[],"score":106,"play_id":"46aeb416-b180-46d3-a87a-d7f4e0a434fc","local_time":"20190309093730","is_ascension_mode":true,"campfire_choices":[{"data":"Sucker Punch","floor":6,"key":"SMITH"},{"floor":8,"key":"REST"},{"floor":12,"key":"REST"}],"neow_cost":"TEN_PERCENT_HP_LOSS","seed_source_timestamp":277616546682287,"circlet_count":0,"master_deck":["Defend_G","Defend_G","Defend_G","Defend_G","Defend_G","Strike_G","Strike_G","Strike_G","Strike_G","Strike_G","Survivor","Neutralize","Sucker Punch+1","Well Laid Plans","Flechettes","Dodge and Roll","Quick Slash","Finisher","Footwork","Doubt","Poisoned Stab","Dagger Throw","Backflip"],"relics":["Ring of the Snake","WingedGreaves","Dream Catcher","Bag of Preparation"],"potions_floor_usage":[],"damage_taken":[{"damage":0,"enemies":"Small Slimes","floor":1,"turns":4},{"damage":1,"enemies":"2 Louse","floor":3,"turns":3},{"damage":0,"enemies":"Cultist","floor":4,"turns":5},{"damage":45,"enemies":"Lagavulin","floor":7,"turns":10},{"damage":9,"enemies":"Exordium Wildlife","floor":11,"turns":4},{"damage":3,"enemies":"Exordium Thugs","floor":14,"turns":3}],"seed_played":"-5131548633621576943","potions_obtained":[{"floor":1,"key":"Strength Potion"},{"floor":7,"key":"PowerPotion"},{"floor":11,"key":"Block Potion"}],"is_trial":false,"path_per_floor":["?","?"],"character_chosen":"THE_SILENT","items_purchased":["Dodge and Roll","Quick Slash","Backflip"],"campfire_rested":2,"item_purchase_floors":[5,5,13],"current_hp_per_floor":[63,63,62,62,62,62,17,35,35,35,26,44,44,41],"gold":229,"neow_bonus":"ONE_RARE_RELIC","is_prod":false,"is_daily":false,"chose_seed":false,"campfire_upgraded":1,"win_rate":0,"timestamp":1552124250,"path_taken":["M","?","M","M","$","R","E","R","T","?","M","R","$","M"],"build_version":"2019-01-23","purchased_purges":0,"victory":false,"max_hp_per_floor":[63,63,63,63,63,63,63,63,63,63,63,63,63,63],"card_choices":[{"not_picked":["Flechettes","Deflect"],"picked":"Sucker Punch","floor":1},{"not_picked":["PiercingWail","Outmaneuver"],"picked":"Well Laid Plans","floor":3},{"not_picked":["Acrobatics","Catalyst"],"picked":"Flechettes","floor":4},{"not_picked":["Dodge and Roll","Choke"],"picked":"Finisher","floor":7},{"not_picked":["Cloak And Dagger","Outmaneuver"],"picked":"Footwork","floor":8},{"not_picked":["Underhanded Strike","Wraith Form v2"],"picked":"Poisoned Stab","floor":11},{"not_picked":["Outmaneuver","Poisoned Stab"],"picked":"Dagger Throw","floor":12}],"player_experience":171830,"relics_obtained":[{"floor":7,"key":"Dream Catcher"},{"floor":9,"key":"Bag of Preparation"}],"event_choices":[{"damage_healed":0,"gold_gain":0,"player_choice":"Leave","damage_taken":0,"max_hp_gain":0,"max_hp_loss":0,"event_name":"The Cleric","floor":2,"gold_loss":0},{"damage_healed":0,"gold_gain":175,"player_choice":"AGREE","damage_taken":0,"max_hp_gain":0,"max_hp_loss":0,"event_name":"Liars Game","floor":10,"gold_loss":0,"cards_obtained":["Doubt"]}],"is_beta":false,"boss_relics":[],"items_purged_floors":[],"is_endless":false,"potions_floor_spawned":[1,7,11],"killed_by":"Exordium Thugs","ascension_level":4}