{"gold_per_floor":[114,130,130,150,165,199,199,215,239,249,249],"floor_reached":11,"playtime":308,"items_purged":[],"score":77,"play_id":"9447b7fe-a1bf-4ea5-9c79-0dfe50dc4ee0","local_time":"20190214145407","is_ascension_mode":false,"campfire_choices":[{"floor":7,"key":"RECALL"}],"neow_cost":"NONE","seed_source_timestamp":17280594887552,"circlet_count":0,"master_deck":["Strike_B","Strike_B","Strike_B","Defend_B","Defend_B","Defend_B","Defend_B","Zap+1","Dualcast","Ball Lightning","Aggregate","Strike_B","Ball Lightning","Multi-Cast","Skim","Beam Cell","Melter"],"relics":["Cracked Core","Dead Branch"],"potions_floor_usage":[],"damage_taken":[{"damage":0,"enemies":"Small Slimes","floor":1,"turns":2},{"damage":0,"enemies":"Cultist","floor":2,"turns":2},{"damage":0,"enemies":"2 Louse","floor":4,"turns":2},{"damage":11,"enemies":"Large Slime","floor":5,"turns":4},{"damage":24,"enemies":"Gremlin Nob","floor":6,"turns":4},{"damage":6,"enemies":"3 Louse","floor":8,"turns":2},{"damage":10,"enemies":"Looter","floor":10,"turns":2}],"seed_played":"5797212206888346031","potions_obtained":[{"floor":4,"key":"GamblersBrew"},{"floor":5,"key":"SteroidPotion"},{"floor":6,"key":"Weak Potion"},{"floor":10,"key":"AttackPotion"}],"is_trial":false,"path_per_floor":["M","M","?","M","M","E","R","M","T","M","?"],"character_chosen":"DEFECT","items_purchased":[],"campfire_rested":0,"item_purchase_floors":[],"current_hp_per_floor":[75,75,75,75,64,40,40,34,34,24,0],"gold":249,"neow_bonus":"UPGRADE_CARD","is_prod":false,"is_daily":false,"chose_seed":false,"campfire_upgraded":0,"win_rate":0,"timestamp":1550174047,"path_taken":["M","M","?","?","M","E","R","M","T","M","?"],"build_version":"2019-01-23","purchased_purges":0,"victory":false,"max_hp_per_floor":[75,75,75,75,75,75,75,75,75,75,75],"card_choices":[{"not_picked":["Steam","Hologram"],"picked":"Ball Lightning","floor":1},{"not_picked":["Reinforced Body","Go for the Eyes"],"picked":"Aggregate","floor":2},{"not_picked":["Aggregate","Glacier"],"picked":"Ball Lightning","floor":4},{"not_picked":["Reprogram","Doom and Gloom"],"picked":"Multi-Cast","floor":5},{"not_picked":["Blizzard","Undo"],"picked":"Skim","floor":6},{"not_picked":["Steam","Chaos"],"picked":"Beam Cell","floor":8},{"not_picked":["Darkness","Barrage"],"picked":"Melter","floor":10}],"player_experience":201407,"relics_obtained":[{"floor":6,"key":"Dead Branch"}],"event_choices":[{"cards_removed":["Strike_B"],"damage_healed":0,"gold_gain":0,"player_choice":"Took Card","damage_taken":0,"max_hp_gain":0,"max_hp_loss":0,"event_name":"NoteForYourself","floor":3,"gold_loss":0,"cards_obtained":["Strike_B"]}],"is_beta":false,"boss_relics":[],"items_purged_floors":[],"is_endless":false,"potions_floor_spawned":[4,5,6,10],"ascension_level":0}