{"gold_per_floor":[118,132,144,144,154,189,189,220,246,280,27,27,3,3,3,104,104,119,149,165,14,14,14,14,47,93,93,93,126,126,143,143,243,243,263,263,315,331,331,331,44,62,62,11,233,252,17,17,17,17],"floor_reached":50,"playtime":5231,"items_purged":["Strike_B","Injury"],"score":813,"play_id":"7b940cd0-b9be-415e-be7d-d473fc8261da","local_time":"20190419235302","is_ascension_mode":true,"campfire_choices":[{"data":"Zap","floor":7,"key":"SMITH"},{"floor":15,"key":"REST"},{"data":"Self Repair","floor":23,"key":"SMITH"},{"data":"Creative AI","floor":27,"key":"SMITH"},{"floor":32,"key":"REST"},{"data":"Loop","floor":40,"key":"SMITH"},{"floor":49,"key":"REST"}],"neow_cost":"NONE","seed_source_timestamp":174174516227176,"circlet_count":0,"master_deck":["AscendersBane","Strike_B","Defend_B","Defend_B","Defend_B","Defend_B","Zap+1","Dualcast","Auto Shields","Ball Lightning","Leap","Barrage","Ball Lightning","Rip and Tear","Darkness","White Noise","Self Repair+1","Conserve Battery","Biased Cognition","Redo","Cold Snap","Ghostly","Ghostly","Ghostly","Ghostly","Ghostly","Creative AI+1","Doubt","RitualDagger","Loop+1","Undo","Sweeping Beam+1","Electrodynamics","Reprogram+1","Hologram","Turbo+1","Capacitor","Seek+1","Injury"],"relics":["Cracked Core","Bottled Lightning","Orichalcum","Happy Flower","Boot","Cursed Key","Red Mask","Strawberry","Pen Nib","Juzu Bracelet","Gremlin Horn","Runic Pyramid","WingedGreaves","Mango","Toxic Egg 2","Turnip"],"potions_floor_usage":[6,6,10,16,19,19,46,50],"damage_taken":[{"damage":13,"enemies":"Jaw Worm","floor":1,"turns":5},{"damage":0,"enemies":"Cultist","floor":2,"turns":3},{"damage":0,"enemies":"Small Slimes","floor":3,"turns":3},{"damage":5,"enemies":"Blue Slaver","floor":5,"turns":4},{"damage":7,"enemies":"Gremlin Nob","floor":6,"turns":4},{"damage":12,"enemies":"Lagavulin","floor":8,"turns":6},{"damage":21,"enemies":"3 Sentries","floor":10,"turns":6},{"damage":15,"enemies":"Slime Boss","floor":16,"turns":11},{"damage":6,"enemies":"Shell Parasite","floor":18,"turns":5},{"damage":18,"enemies":"Masked Bandits","floor":19,"turns":4},{"damage":21,"enemies":"3 Byrds","floor":20,"turns":4},{"damage":11,"enemies":"Slavers","floor":25,"turns":6},{"damage":16,"enemies":"Book of Stabbing","floor":29,"turns":6},{"damage":12,"enemies":"Cultist and Chosen","floor":31,"turns":6},{"damage":22,"enemies":"Automaton","floor":33,"turns":10},{"damage":5,"enemies":"3 Shapes","floor":35,"turns":2},{"damage":0,"enemies":"2 Orb Walkers","floor":37,"turns":5},{"damage":1,"enemies":"3 Darklings","floor":38,"turns":6},{"damage":23,"enemies":"Spire Growth","floor":42,"turns":7},{"damage":5,"enemies":"Transient","floor":46,"turns":5},{"damage":66,"enemies":"Time Eater","floor":50,"turns":10}],"seed_played":"8663062825034831093","potions_obtained":[{"floor":2,"key":"Poison Potion"},{"floor":3,"key":"SpeedPotion"},{"floor":6,"key":"SteroidPotion"},{"floor":18,"key":"GamblersBrew"},{"floor":25,"key":"EssenceOfSteel"},{"floor":33,"key":"Regen Potion"}],"is_trial":false,"path_per_floor":["?","$","?","$","?","?","?","?","?","?","?","?","?","T"],"character_chosen":"DEFECT","items_purchased":["Self Repair","EntropicBrew","Conserve Battery","Strawberry","Mango","Turbo+1","Seek+1"],"campfire_rested":3,"item_purchase_floors":[11,11,13,21,41,44,47],"current_hp_per_floor":[55,55,55,55,50,43,43,31,31,10,10,10,10,10,32,24,62,63,45,31,38,38,38,38,37,37,37,31,25,25,23,35,23,37,41,41,41,41,39,39,53,40,40,40,40,35,35,35,50,0],"gold":17,"neow_bonus":"TRANSFORM_CARD","is_prod":false,"is_daily":false,"chose_seed":false,"campfire_upgraded":4,"win_rate":0,"timestamp":1555714382,"path_taken":["M","M","M","?","M","E","R","E","T","E","?","?","?","$","R","BOSS","M","?","M","$","?","R","?","E","T","R","?","E","?","M","R","BOSS","M","?","?","M","?","R","$","M","T","$","?","M","$","?","R","BOSS"],"build_version":"2019-01-23","purchased_purges":2,"victory":false,"max_hp_per_floor":[75,75,75,75,75,75,75,75,75,75,75,75,75,75,75,75,75,75,75,75,82,82,82,41,41,41,41,41,41,41,41,41,41,41,41,41,41,41,39,39,53,53,53,53,53,53,53,53,53,53],"card_choices":[{"not_picked":["Aggregate","Compile Driver"],"picked":"Ball Lightning","floor":1},{"not_picked":["Steam","Streamline"],"picked":"Leap","floor":2},{"not_picked":["Rebound","Stack"],"picked":"Barrage","floor":3},{"not_picked":["Rebound","Blizzard"],"picked":"Ball Lightning","floor":5},{"not_picked":["Multi-Cast","Storm"],"picked":"Rip and Tear","floor":6},{"not_picked":["Steam","Force Field"],"picked":"Darkness","floor":8},{"not_picked":["Scrape","Doom and Gloom"],"picked":"White Noise","floor":10},{"not_picked":["Thunder Strike","Rainbow"],"picked":"Biased Cognition","floor":16},{"not_picked":["Ball Lightning","Stack"],"picked":"Redo","floor":18},{"not_picked":["Aggregate","Compile Driver"],"picked":"White Noise+1","floor":19},{"not_picked":["Beam Cell+1","Fusion"],"picked":"Cold Snap","floor":20},{"not_picked":["Force Field","Reinforced Body"],"picked":"Creative AI","floor":25},{"not_picked":["Genetic Algorithm","Stack"],"picked":"Loop","floor":29},{"not_picked":["Undo","Barrage"],"picked":"Sweeping Beam+1","floor":31},{"not_picked":["Rainbow","Amplify"],"picked":"Electrodynamics","floor":33},{"not_picked":["Genetic Algorithm","Redo"],"picked":"Reprogram+1","floor":35},{"not_picked":["Auto Shields","Hello World+1"],"picked":"Hologram","floor":38},{"not_picked":["Scrape+1","Doom and Gloom","Ball Lightning+1"],"picked":"SKIP","floor":42},{"not_picked":["Consume+1","Leap+1"],"picked":"Capacitor","floor":46}],"player_experience":659790,"relics_obtained":[{"floor":6,"key":"Bottled Lightning"},{"floor":8,"key":"Orichalcum"},{"floor":9,"key":"Happy Flower"},{"floor":10,"key":"Boot"},{"floor":19,"key":"Red Mask"},{"floor":25,"key":"Pen Nib"},{"floor":26,"key":"Juzu Bracelet"},{"floor":29,"key":"Gremlin Horn"},{"floor":37,"key":"WingedGreaves"},{"floor":43,"key":"Toxic Egg 2"},{"floor":48,"key":"Turnip"}],"event_choices":[{"cards_removed":["Strike_B"],"damage_healed":0,"gold_gain":0,"player_choice":"Purged","damage_taken":0,"max_hp_gain":0,"max_hp_loss":0,"event_name":"Purifier","floor":4,"gold_loss":0},{"damage_healed":0,"gold_gain":0,"player_choice":"Ignored","damage_taken":0,"max_hp_gain":0,"max_hp_loss":0,"event_name":"Shining Light","floor":12,"gold_loss":0},{"damage_healed":0,"gold_gain":0,"player_choice":"Fought Bandits","damage_taken":0,"max_hp_gain":0,"max_hp_loss":0,"event_name":"Masked Bandits","floor":19,"gold_loss":0},{"damage_healed":0,"gold_gain":0,"player_choice":"Ignored","damage_taken":0,"max_hp_gain":0,"max_hp_loss":0,"event_name":"Beggar","floor":22,"gold_loss":0},{"damage_healed":0,"gold_gain":0,"player_choice":"Became a Ghost","damage_taken":0,"max_hp_gain":0,"max_hp_loss":41,"event_name":"Ghosts","floor":24,"gold_loss":0,"cards_obtained":["Ghostly","Ghostly","Ghostly","Ghostly","Ghostly"]},{"damage_healed":0,"gold_gain":0,"player_choice":"Joined the Cult","damage_taken":6,"max_hp_gain":0,"max_hp_loss":0,"event_name":"Nest","floor":28,"gold_loss":0,"cards_obtained":["RitualDagger"]},{"damage_healed":0,"gold_gain":0,"player_choice":"Read","damage_taken":0,"max_hp_gain":0,"max_hp_loss":0,"event_name":"The Library","floor":30,"gold_loss":0,"cards_obtained":["Undo"]},{"cards_removed":["White Noise"],"damage_healed":0,"gold_gain":0,"player_choice":"Removed Skill","damage_taken":0,"max_hp_gain":0,"max_hp_loss":0,"event_name":"Falling","floor":36,"gold_loss":0},{"damage_healed":0,"gold_gain":0,"player_choice":"Fight","damage_taken":0,"max_hp_gain":0,"max_hp_loss":0,"event_name":"Mysterious Sphere","floor":37,"gold_loss":0},{"damage_healed":0,"gold_gain":0,"player_choice":"Max HP","damage_taken":0,"max_hp_gain":0,"max_hp_loss":2,"event_name":"Winding Halls","floor":39,"gold_loss":0},{"damage_healed":0,"gold_gain":222,"player_choice":"Wore Mask","damage_taken":0,"max_hp_gain":0,"max_hp_loss":0,"event_name":"Tomb of Lord Red Mask","floor":45,"gold_loss":0}],"is_beta":false,"boss_relics":[{"not_picked":["Sozu","Nuclear Battery"],"picked":"Cursed Key"},{"not_picked":["Fusion Hammer","Orrery"],"picked":"Runic Pyramid"}],"items_purged_floors":[11,47],"is_endless":false,"potions_floor_spawned":[2,3,6,18,25,33,35,37],"killed_by":"Time Eater","ascension_level":11}