{"gold_per_floor":[10,26,40,40,53,53,109,120,120,153,103,103,203,222,222,293,293,305,319,338,351,371,371,400,400,400,431,431,431],"floor_reached":29,"playtime":3269,"items_purged":[],"score":457,"play_id":"2ba38a1f-baf7-46a0-943a-ecaace88e510","local_time":"20190419184541","is_ascension_mode":true,"campfire_choices":[{"data":"Flechettes","floor":6,"key":"SMITH"},{"data":"Leg Sweep","floor":12,"key":"SMITH"},{"data":"Choke","floor":15,"key":"SMITH"},{"floor":23,"key":"REST"},{"data":"Footwork","floor":25,"key":"SMITH"}],"neow_cost":"NO_GOLD","seed_source_timestamp":157689485603102,"circlet_count":0,"master_deck":["AscendersBane","Defend_G","Defend_G","Defend_G","Defend_G","Defend_G","Strike_G","Strike_G","Survivor","Neutralize","Leg Sweep+1","Cloak And Dagger+1","Flechettes+1","Infinite Blades","Dagger Spray","Dodge and Roll","After Image","Choke+1","A Thousand Cuts","Noxious Fumes+1","PiercingWail","Well Laid Plans","Footwork+1","Adrenaline","Cloak And Dagger+1","Normality","Backflip+1","Bane","Flechettes"],"relics":["Ring of the Snake","FossilizedHelix","Tiny Chest","Blood Vial","Boot","Cursed Key","Toxic Egg 2","Frozen Egg 2","Juzu Bracelet"],"potions_floor_usage":[7,10,16,16,20,24,27],"damage_taken":[{"damage":0,"enemies":"2 Louse","floor":1,"turns":3},{"damage":0,"enemies":"Cultist","floor":2,"turns":6},{"damage":0,"enemies":"Small Slimes","floor":3,"turns":6},{"damage":16,"enemies":"Gremlin Gang","floor":5,"turns":8},{"damage":13,"enemies":"Gremlin Nob","floor":7,"turns":5},{"damage":0,"enemies":"3 Louse","floor":8,"turns":3},{"damage":6,"enemies":"3 Sentries","floor":10,"turns":8},{"damage":0,"enemies":"2 Fungi Beasts","floor":14,"turns":3},{"damage":24,"enemies":"Hexaghost","floor":16,"turns":15},{"damage":0,"enemies":"Spheric Guardian","floor":18,"turns":7},{"damage":14,"enemies":"2 Thieves","floor":19,"turns":5},{"damage":1,"enemies":"Snake Plant","floor":20,"turns":5},{"damage":23,"enemies":"Sentry and Sphere","floor":21,"turns":6},{"damage":5,"enemies":"Cultist and Chosen","floor":22,"turns":8},{"damage":22,"enemies":"Gremlin Leader","floor":24,"turns":7},{"damage":9,"enemies":"Book of Stabbing","floor":27,"turns":8},{"damage":18,"enemies":"Masked Bandits","floor":29,"turns":2}],"seed_played":"6624615251649073519","potions_obtained":[{"floor":2,"key":"Swift Potion"},{"floor":3,"key":"Swift Potion"},{"floor":8,"key":"Fire Potion"},{"floor":14,"key":"EssenceOfSteel"},{"floor":16,"key":"GhostInAJar"},{"floor":18,"key":"Energy Potion"},{"floor":21,"key":"Weak Potion"},{"floor":24,"key":"EssenceOfSteel"}],"is_trial":false,"path_per_floor":["?","M","?","?","M","M","M","?","?"],"character_chosen":"THE_SILENT","items_purchased":[],"campfire_rested":1,"item_purchase_floors":[],"current_hp_per_floor":[63,63,63,63,47,47,34,34,34,30,30,30,30,32,32,10,55,57,45,46,25,22,43,23,23,23,16,16,0],"gold":431,"neow_bonus":"ONE_RARE_RELIC","is_prod":false,"is_daily":false,"chose_seed":false,"campfire_upgraded":4,"win_rate":0,"timestamp":1555695941,"path_taken":["M","M","M","?","?","R","E","M","T","E","?","R","?","M","R","BOSS","M","?","?","?","M","R","E","R","T","E","?","?"],"build_version":"2019-01-23","purchased_purges":0,"victory":false,"max_hp_per_floor":[70,70,70,70,70,70,70,70,70,70,70,70,70,70,70,70,70,70,70,70,70,70,70,70,70,70,70,70,70],"card_choices":[{"not_picked":["Outmaneuver","Cloak And Dagger"],"picked":"Leg Sweep","floor":1},{"not_picked":["Escape Plan","Grand Finale"],"picked":"Cloak And Dagger","floor":2},{"not_picked":["Poisoned Stab","Outmaneuver"],"picked":"Flechettes","floor":3},{"not_picked":["Escape Plan","Acrobatics"],"picked":"Infinite Blades","floor":5},{"not_picked":["All Out Attack","Quick Slash"],"picked":"Dagger Spray","floor":7},{"not_picked":["Dagger Throw","Outmaneuver"],"picked":"Dodge and Roll","floor":8},{"not_picked":["Dodge and Roll","Flechettes"],"picked":"After Image","floor":10},{"not_picked":["Sucker Punch","Outmaneuver"],"picked":"Choke","floor":14},{"not_picked":["Grand Finale","Envenom"],"picked":"A Thousand Cuts","floor":16},{"not_picked":["Quick Slash","Blade Dance+1"],"picked":"Noxious Fumes+1","floor":18},{"not_picked":["Dodge and Roll+1","Expertise"],"picked":"PiercingWail","floor":19},{"not_picked":["Dodge and Roll","Quick Slash"],"picked":"Well Laid Plans","floor":20},{"not_picked":["Setup","Outmaneuver"],"picked":"Footwork","floor":21},{"not_picked":["Predator","Quick Slash"],"picked":"Adrenaline","floor":22},{"not_picked":["Grand Finale","Reflex"],"picked":"Cloak And Dagger","floor":24},{"not_picked":["Acrobatics+1","Well Laid Plans+1"],"picked":"Backflip+1","floor":27}],"player_experience":644194,"relics_obtained":[{"floor":7,"key":"Tiny Chest"},{"floor":9,"key":"Blood Vial"},{"floor":10,"key":"Boot"},{"floor":24,"key":"Toxic Egg 2"},{"floor":26,"key":"Frozen Egg 2"},{"floor":27,"key":"Juzu Bracelet"}],"event_choices":[{"damage_healed":0,"gold_gain":0,"player_choice":"Upgraded","damage_taken":0,"max_hp_gain":0,"max_hp_loss":0,"event_name":"Upgrade Shrine","floor":4,"gold_loss":0,"cards_upgraded":["Cloak And Dagger"]},{"cards_removed":["Strike_G"],"damage_healed":0,"gold_gain":0,"player_choice":"Card Removal","damage_taken":0,"max_hp_gain":0,"max_hp_loss":0,"event_name":"The Cleric","floor":11,"gold_loss":50},{"damage_healed":0,"gold_gain":100,"player_choice":"Pray","damage_taken":0,"max_hp_gain":0,"max_hp_loss":0,"event_name":"Golden Shrine","floor":13,"gold_loss":0},{"damage_healed":0,"gold_gain":0,"cards_transformed":["Strike_G","Strike_G"],"player_choice":"Became Test Subject","damage_taken":0,"max_hp_gain":0,"max_hp_loss":0,"event_name":"Drug Dealer","floor":28,"gold_loss":0,"cards_obtained":["Bane","Flechettes"]},{"damage_healed":0,"gold_gain":0,"player_choice":"Fought Bandits","damage_taken":0,"max_hp_gain":0,"max_hp_loss":0,"event_name":"Masked Bandits","floor":29,"gold_loss":0}],"is_beta":false,"boss_relics":[{"not_picked":["HoveringKite","Runic Dome"],"picked":"Cursed Key"}],"items_purged_floors":[],"is_endless":false,"potions_floor_spawned":[2,3,8,14,16,18,19,21,24],"killed_by":"Masked Bandits","ascension_level":13}