{"gold_per_floor":[14,26,36,53,53,53,53,53,53,88,105,118,118,129,129,232,232,246,2,17,17],"floor_reached":21,"playtime":1203,"items_purged":[],"score":183,"play_id":"64e7dd0f-d824-4608-af56-3c454f0d9369","local_time":"20190208172243","is_ascension_mode":false,"campfire_choices":[{"data":"Inflame","floor":6,"key":"SMITH"},{"floor":13,"key":"REST"},{"data":"Armaments","floor":15,"key":"SMITH"}],"neow_cost":"NO_GOLD","seed_source_timestamp":1289439172296250,"circlet_count":0,"master_deck":["Strike_R","Strike_R","Strike_R","Strike_R","Strike_R","Defend_R","Defend_R","Defend_R","Defend_R","Bash","Secret Weapon+1","Impatience","Ghostly Armor","Inflame+1","Shrug It Off+1","True Grit","Barricade","Inflame","Thunderclap","Armaments+1","Juggernaut","Burning Pact"],"relics":["Burning Blood","Shuriken","Ornamental Fan","Mark of Pain","Darkstone Periapt"],"potions_floor_usage":[4,16,16,20],"damage_taken":[{"damage":6,"enemies":"Cultist","floor":1,"turns":3},{"damage":5,"enemies":"2 Louse","floor":2,"turns":3},{"damage":0,"enemies":"Small Slimes","floor":3,"turns":4},{"damage":19,"enemies":"Gremlin Gang","floor":4,"turns":5},{"damage":41,"enemies":"Gremlin Nob","floor":10,"turns":5},{"damage":7,"enemies":"3 Louse","floor":11,"turns":5},{"damage":16,"enemies":"Exordium Thugs","floor":12,"turns":5},{"damage":6,"enemies":"2 Fungi Beasts","floor":14,"turns":3},{"damage":32,"enemies":"Hexaghost","floor":16,"turns":13},{"damage":24,"enemies":"Spheric Guardian","floor":18,"turns":6},{"damage":30,"enemies":"2 Thieves","floor":20,"turns":4},{"damage":40,"enemies":"Chosen and Byrds","floor":21,"turns":6}],"seed_played":"-4061836337241865832","potions_obtained":[{"floor":1,"key":"PowerPotion"},{"floor":10,"key":"LiquidBronze"},{"floor":12,"key":"Block Potion"},{"floor":16,"key":"SkillPotion"}],"is_trial":false,"path_per_floor":["M","M","M","M","T","R","?","?","T","E","M","M","R","M","R","B",null,"M","$","M","M"],"character_chosen":"IRONCLAD","items_purchased":["Darkstone Periapt"],"campfire_rested":1,"item_purchase_floors":[19],"current_hp_per_floor":[80,80,80,67,67,67,67,67,67,32,31,21,45,45,45,19,80,62,62,38,0],"gold":17,"neow_bonus":"RANDOM_COLORLESS_2","is_prod":false,"is_daily":false,"chose_seed":false,"campfire_upgraded":2,"win_rate":0,"timestamp":1549664563,"path_taken":["M","M","M","M","?","R","?","?","T","E","M","?","R","?","R","BOSS","M","$","M","M"],"build_version":"2019-01-23","purchased_purges":0,"victory":false,"max_hp_per_floor":[80,80,80,80,80,80,80,80,80,80,80,80,80,80,80,80,80,80,80,80,80],"card_choices":[{"not_picked":["Twin Strike","Corruption"],"picked":"Ghostly Armor","floor":1},{"not_picked":["Bloodletting","Clothesline"],"picked":"Inflame","floor":2},{"not_picked":["Havoc","Rupture"],"picked":"Shrug It Off","floor":3},{"not_picked":["Sword Boomerang","Anger"],"picked":"True Grit","floor":4},{"not_picked":["Battle Trance","Second Wind"],"picked":"Barricade","floor":10},{"not_picked":["True Grit","Twin Strike"],"picked":"Inflame","floor":11},{"not_picked":["Evolve","Flex"],"picked":"Thunderclap","floor":12},{"not_picked":["Havoc","Perfected Strike"],"picked":"Armaments","floor":14},{"not_picked":["Exhume","Offering"],"picked":"Juggernaut","floor":16},{"not_picked":["Flex","Sword Boomerang"],"picked":"Burning Pact","floor":18},{"not_picked":["Flame Barrier","Perfected Strike+1","True Grit"],"picked":"SKIP","floor":20}],"player_experience":181743,"relics_obtained":[{"floor":9,"key":"Shuriken"},{"floor":10,"key":"Ornamental Fan"}],"event_choices":[{"damage_healed":0,"gold_gain":0,"player_choice":"Grow","damage_taken":0,"max_hp_gain":0,"max_hp_loss":0,"event_name":"Living Wall","floor":7,"gold_loss":0,"cards_upgraded":["Shrug It Off"]},{"damage_healed":0,"gold_gain":0,"player_choice":"Upgraded","damage_taken":0,"max_hp_gain":0,"max_hp_loss":0,"event_name":"Upgrade Shrine","floor":8,"gold_loss":0,"cards_upgraded":["Secret Weapon"]}],"is_beta":false,"boss_relics":[{"not_picked":["Calling Bell","Velvet Choker"],"picked":"Mark of Pain"}],"items_purged_floors":[],"is_endless":false,"potions_floor_spawned":[1,10,12,16],"killed_by":"Chosen and Byrds","ascension_level":0}