{"gold_per_floor":[116,93,93,93,117,148,148,163,188,200,200,218,218,232,232,232],"floor_reached":16,"playtime":465,"items_purged":[],"score":125,"play_id":"c9d9c6a6-99f0-44e7-b5d2-c35993a3eff5","local_time":"20180725145938","is_ascension_mode":false,"campfire_choices":[{"data":"Deflect","floor":7,"key":"SMITH"},{"data":"Die Die Die","floor":13,"key":"SMITH"},{"data":"Poisoned Stab","floor":15,"key":"SMITH"}],"neow_cost":"NONE","seed_source_timestamp":17805452555586,"circlet_count":0,"master_deck":["Defend_G","Defend_G","Defend_G","Defend_G","Defend_G+1","Strike_G","Strike_G","Strike_G","Strike_G","Strike_G","Survivor","Neutralize","Deflect+1","Dagger Throw+1","Blur+1","Poisoned Stab+1","Die Die Die+1","Blur"],"relics":["Ring of the Snake","NeowsBlessing","Boot","Letter Opener","War Paint","Golden Idol"],"potions_floor_usage":[],"damage_taken":[{"damage":0,"enemies":"Cultist","floor":1,"turns":1},{"damage":0,"enemies":"3 Sentries","floor":6,"turns":1},{"damage":0,"enemies":"2 Louse","floor":8,"turns":1},{"damage":0,"enemies":"Jaw Worm","floor":10,"turns":3},{"damage":0,"enemies":"Exordium Wildlife","floor":12,"turns":5},{"damage":0,"enemies":"3 Louse","floor":14,"turns":1},{"damage":55,"enemies":"Slime Boss","floor":16,"turns":13}],"seed_played":"7364591344403724691","potions_obtained":[],"is_trial":false,"path_per_floor":["M","$","?","$","T","E","R","M","T","M","?","M","R","M","R"],"character_chosen":"THE_SILENT","items_purchased":["Dagger Throw"],"campfire_rested":0,"item_purchase_floors":[2],"current_hp_per_floor":[70,70,70,70,70,70,70,70,70,70,53,53,53,53,53,0],"gold":232,"neow_bonus":"THREE_ENEMY_KILL","is_prod":false,"is_daily":false,"chose_seed":false,"campfire_upgraded":3,"win_rate":0.0,"timestamp":1532545178,"path_taken":["M","$","?","$","?","E","R","M","T","?","?","M","R","M","R","BOSS"],"build_version":"2018-07-24","purchased_purges":0,"victory":false,"max_hp_per_floor":[70,70,70,70,70,70,70,70,70,70,70,70,70,70,70,70],"card_choices":[{"not_picked":["Reflex","Prepared"],"picked":"Deflect","floor":1},{"not_picked":["Quick Slash","Slice"],"picked":"Blur","floor":6},{"not_picked":["Eviscerate","Bane"],"picked":"Poisoned Stab","floor":8},{"not_picked":["Calculated Gamble","Acrobatics","Quick Slash"],"picked":"SKIP","floor":10},{"not_picked":["Backflip","Bane"],"picked":"Die Die Die","floor":12},{"not_picked":["All Out Attack","Concentrate"],"picked":"Blur","floor":14}],"player_experience":230805,"relics_obtained":[{"floor":5,"key":"Boot"},{"floor":6,"key":"Letter Opener"},{"floor":9,"key":"War Paint"}],"event_choices":[{"event_name":"Upgrade Shrine","player_choice":"Upgraded","floor":3,"damage_taken":0},{"event_name":"Golden Idol","player_choice":"Take Damage","floor":11,"damage_taken":0}],"is_beta":true,"boss_relics":[],"items_purged_floors":[],"is_endless":false,"potions_floor_spawned":[],"killed_by":"Slime Boss","ascension_level":0}