{"gold_per_floor":[110,129,195,211,55,89,89,123,175,187,199,211,173,198,210,222],"floor_reached":16,"playtime":919,"items_purged":[],"score":135,"play_id":"83949e4e-c153-4998-a0d7-40a1b657474a","local_time":"20190321221817","is_ascension_mode":true,"campfire_choices":[{"data":"Uppercut","floor":7,"key":"SMITH"},{"floor":10,"key":"REST"},{"floor":12,"key":"REST"},{"data":"Clothesline","floor":15,"key":"SMITH"}],"neow_cost":"NONE","seed_source_timestamp":146641447489068,"circlet_count":0,"master_deck":["Strike_R","Strike_R","Strike_R+1","Strike_R","Defend_R","Defend_R","Defend_R","Defend_R+1","Bash","Clothesline+1","Uppercut+1","Hemokinesis","Corruption","Whirlwind","Dark Embrace"],"relics":["Burning Blood","Toxic Egg 2","PreservedInsect","MawBank"],"potions_floor_usage":[8],"damage_taken":[{"damage":0,"enemies":"Small Slimes","floor":1,"turns":3},{"damage":11,"enemies":"Jaw Worm","floor":2,"turns":4},{"damage":2,"enemies":"2 Louse","floor":4,"turns":3},{"damage":24,"enemies":"Gremlin Nob","floor":6,"turns":5},{"damage":50,"enemies":"Lagavulin","floor":8,"turns":9},{"damage":12,"enemies":"2 Fungi Beasts","floor":14,"turns":3},{"damage":54,"enemies":"Hexaghost","floor":16,"turns":8}],"seed_played":"-3931939822692650515","potions_obtained":[{"floor":4,"key":"SkillPotion"}],"is_trial":false,"path_per_floor":["?","?","?"],"character_chosen":"IRONCLAD","items_purchased":["Hemokinesis","Corruption"],"campfire_rested":2,"item_purchase_floors":[5,5],"current_hp_per_floor":[88,83,83,87,87,69,69,25,25,51,33,59,59,53,53,0],"gold":222,"neow_bonus":"TEN_PERCENT_HP_BONUS","is_prod":false,"is_daily":false,"chose_seed":false,"campfire_upgraded":2,"win_rate":0,"timestamp":1553206697,"path_taken":["M","M","?","M","$","E","R","E","T","R","?","R","?","M","R","BOSS"],"build_version":"2019-01-23","purchased_purges":0,"victory":false,"max_hp_per_floor":[88,88,88,88,88,88,88,88,88,88,88,88,88,88,88,88],"card_choices":[{"not_picked":["Intimidate","Pommel Strike"],"picked":"Clothesline","floor":1},{"not_picked":["Pommel Strike","Dual Wield"],"picked":"Uppercut","floor":2},{"not_picked":["Burning Pact","Dropkick","Warcry"],"picked":"SKIP","floor":4},{"not_picked":["Bloodletting","Hemokinesis"],"picked":"Whirlwind","floor":6},{"not_picked":["Rupture","Pommel Strike"],"picked":"Dark Embrace","floor":8},{"not_picked":["Body Slam","Cleave","Twin Strike"],"picked":"SKIP","floor":14}],"player_experience":264767,"relics_obtained":[{"floor":6,"key":"Toxic Egg 2"},{"floor":8,"key":"PreservedInsect"},{"floor":9,"key":"MawBank"}],"event_choices":[{"damage_healed":0,"gold_gain":66,"player_choice":"Gained Gold","damage_taken":0,"max_hp_gain":0,"max_hp_loss":0,"event_name":"Golden Wing","floor":3,"gold_loss":0},{"damage_healed":0,"gold_gain":0,"player_choice":"Entered Light","damage_taken":18,"max_hp_gain":0,"max_hp_loss":0,"event_name":"Shining Light","floor":11,"gold_loss":0,"cards_upgraded":["Strike_R","Defend_R"]},{"cards_removed":["Strike_R"],"damage_healed":0,"gold_gain":0,"player_choice":"Card Removal","damage_taken":0,"max_hp_gain":0,"max_hp_loss":0,"event_name":"The Cleric","floor":13,"gold_loss":50}],"is_beta":false,"boss_relics":[],"items_purged_floors":[],"is_endless":false,"potions_floor_spawned":[4],"killed_by":"Hexaghost","ascension_level":5}