{"path_per_floor":["M","M","M","M","M","R","?","M","T","M","M","?","R","M","R","B",null,"M","?","$","T","M","R"],"character_chosen":"DEFECT","items_purchased":["Art of War","War Paint"],"gold_per_floor":[211,230,244,262,282,282,282,293,318,331,349,349,349,362,362,464,464,481,481,112,112,123,123,123],"floor_reached":24,"campfire_rested":1,"playtime":1299,"current_hp_per_floor":[75,73,73,61,47,47,40,34,34,34,28,28,28,22,44,26,75,48,39,39,39,30,30,0],"items_purged":["Strike_B"],"gold":123,"score":192,"play_id":"2ccdec59-f491-46bb-8401-8bea3b21f686","local_time":"20180501195824","is_prod":false,"is_daily":false,"chose_seed":false,"is_ascension_mode":false,"campfire_upgraded":3,"timestamp":1525219104,"path_taken":["M","M","M","M","M","R","?","M","T","M","M","?","R","?","R","BOSS","M","?","$","?","?","R","M"],"build_version":"2018-05-01","seed_source_timestamp":204733968318384,"purchased_purges":1,"victory":false,"master_deck":["Strike_B","Defend_B","Defend_B+1","Defend_B","Defend_B","Zap","Dualcast","Double Energy+1","Cold Snap","Hologram+1","White Noise+1","Capacitor","Cold Snap","Consume","Creative AI+1","Static Discharge+1","Capacitor+1"],"max_hp_per_floor":[75,75,75,75,75,75,75,75,75,75,75,75,75,75,75,75,75,75,75,75,75,75,75,75],"relics":["Cracked Core","Blood Vial","Snecko Eye","Art of War","War Paint","Omamori"],"card_choices":[{"not_picked":["Coolheaded","Sweeping Beam"],"picked":"Double Energy","floor":1},{"not_picked":["Scrape","Recycle"],"picked":"Cold Snap","floor":2},{"not_picked":["Stack","Go for the Eyes"],"picked":"Hologram","floor":4},{"not_picked":["Doom and Gloom","Barrage"],"picked":"White Noise","floor":5},{"not_picked":["Leap","Turbo"],"picked":"Capacitor","floor":10},{"not_picked":["Skim","Impulse"],"picked":"Cold Snap","floor":11},{"not_picked":["Multi-Cast","Thunder Strike"],"picked":"Creative AI","floor":16},{"not_picked":["Coolheaded","Chill"],"picked":"Static Discharge","floor":18},{"not_picked":["Self Repair","Turbo"],"picked":"Capacitor","floor":22}],"player_experience":179830,"potions_floor_usage":[10,11,16,18,18],"damage_taken":[{"damage":0,"enemies":"Small Slimes","floor":1,"turns":2},{"damage":2,"enemies":"2 Louse","floor":2,"turns":2},{"damage":0,"enemies":"Cultist","floor":3,"turns":3},{"damage":12,"enemies":"2 Fungi Beasts","floor":4,"turns":4},{"damage":14,"enemies":"Lots of Slimes","floor":5,"turns":4},{"damage":6,"enemies":"Looter","floor":8,"turns":3},{"damage":2,"enemies":"Gremlin Gang","floor":10,"turns":3},{"damage":8,"enemies":"Exordium Thugs","floor":11,"turns":3},{"damage":8,"enemies":"Lots of Slimes","floor":14,"turns":5},{"damage":20,"enemies":"Slime Boss","floor":16,"turns":19},{"damage":27,"enemies":"Shell Parasite","floor":18,"turns":9},{"damage":11,"enemies":"3 Byrds","floor":22,"turns":4},{"damage":34,"enemies":"3 Cultists","floor":24,"turns":5}],"event_choices":[{"event_name":"Golden Wing","player_choice":"Card Removal","floor":7,"damage_taken":0},{"event_name":"Transmorgrifier","player_choice":"Transform","floor":12,"damage_taken":0},{"event_name":"Cursed Tome","player_choice":"Stopped","floor":19,"damage_taken":0}],"boss_relics":[{"not_picked":["Pandora\u0027s Box","Astrolabe"],"picked":"Snecko Eye"}],"potions_floor_spawned":[1,5,8,10,16],"seed_played":"-566558611283963737","killed_by":"3 Cultists","ascension_level":0,"is_trial":false}