{"gold_per_floor":[119,132,132,132,144,144,173,199,211,237,249],"floor_reached":11,"playtime":808,"items_purged":[],"score":113,"play_id":"fdb9ec7a-16ed-491c-8249-12796b68b5a2","local_time":"20181219223455","is_ascension_mode":true,"campfire_choices":[{"floor":6,"key":"REST"}],"neow_cost":"NONE","seed_source_timestamp":525574553566,"circlet_count":0,"master_deck":["AscendersBane","Strike_B","Strike_B","Strike_B","Strike_B","Defend_B+1","Defend_B+1","Defend_B","Defend_B","Zap","Dualcast","Go for the Eyes","Melter","Beam Cell","Leap","Sunder","Cold Snap"],"relics":["Philosopher\u0027s Stone","MawBank","Gremlin Horn"],"potions_floor_usage":[7,11],"damage_taken":[{"damage":7,"enemies":"Small Slimes","floor":1,"turns":3},{"damage":0,"enemies":"Jaw Worm","floor":2,"turns":3},{"damage":5,"enemies":"Cultist","floor":5,"turns":4},{"damage":28,"enemies":"Lagavulin","floor":7,"turns":6},{"damage":6,"enemies":"Looter","floor":8,"turns":3},{"damage":17,"enemies":"Exordium Thugs","floor":10,"turns":4},{"damage":16,"enemies":"Lagavulin Event","floor":11,"turns":6}],"seed_played":"7750180296960468205","potions_obtained":[{"floor":5,"key":"Ancient Potion"},{"floor":8,"key":"Weak Potion"}],"is_trial":false,"path_per_floor":["M","M","?","?","M","R","E","M","T","M","?"],"character_chosen":"DEFECT","items_purchased":[],"campfire_rested":1,"item_purchase_floors":[],"current_hp_per_floor":[61,61,46,46,41,63,35,29,29,12,0],"gold":249,"neow_bonus":"BOSS_RELIC","is_prod":false,"is_daily":false,"chose_seed":false,"campfire_upgraded":0,"win_rate":0,"timestamp":1545258895,"path_taken":["M","M","?","?","M","R","E","M","T","?","?"],"build_version":"2018-12-13","purchased_purges":0,"victory":false,"max_hp_per_floor":[75,75,75,75,75,75,75,75,75,75,75],"card_choices":[{"not_picked":["Capacitor","Scrape"],"picked":"Go for the Eyes","floor":1},{"not_picked":["Sweeping Beam","Conserve Battery"],"picked":"Melter","floor":2},{"not_picked":["Rip and Tear","Hologram"],"picked":"Beam Cell","floor":5},{"not_picked":["Steam","Tempest"],"picked":"Leap","floor":7},{"not_picked":["Beam Cell","Turbo"],"picked":"Sunder","floor":8},{"not_picked":["Barrage","Turbo"],"picked":"Cold Snap","floor":10}],"player_experience":1068737,"relics_obtained":[{"floor":7,"key":"MawBank"},{"floor":9,"key":"Gremlin Horn"}],"event_choices":[{"damage_healed":0,"gold_gain":0,"player_choice":"Entered Light","damage_taken":15,"max_hp_gain":0,"max_hp_loss":0,"event_name":"Shining Light","floor":3,"gold_loss":0,"cards_upgraded":["Defend_B","Defend_B"]},{"damage_healed":0,"gold_gain":0,"player_choice":"Ignored","damage_taken":0,"max_hp_gain":0,"max_hp_loss":0,"event_name":"Liars Game","floor":4,"gold_loss":0},{"damage_healed":0,"gold_gain":0,"player_choice":"Searched \u00271\u0027 times","damage_taken":0,"max_hp_gain":0,"max_hp_loss":0,"event_name":"Dead Adventurer","floor":11,"gold_loss":0}],"is_beta":false,"boss_relics":[],"items_purged_floors":[],"is_endless":false,"potions_floor_spawned":[5,8],"killed_by":"Lagavulin Event","ascension_level":10}