{"gold_per_floor":[111,73,73,73,92,92,103,28,28,57,71,71],"floor_reached":12,"playtime":622,"items_purged":["Strike_R"],"score":86,"play_id":"8e14acb3-1179-4f24-8ce6-62a06ec1affb","local_time":"20190127152703","is_ascension_mode":true,"campfire_choices":[{"data":"Bash","floor":6,"key":"SMITH"}],"neow_cost":"PERCENT_DAMAGE","seed_source_timestamp":8877424050492,"circlet_count":0,"master_deck":["Strike_R","Strike_R","Strike_R","Strike_R","Defend_R","Defend_R","Defend_R","Defend_R","Bash+1","Feel No Pain","Intimidate","True Grit"],"relics":["Burning Blood","Unceasing Top","Oddly Smooth Stone","Pen Nib","Potion Belt"],"potions_floor_usage":[11,12,12],"damage_taken":[{"damage":0,"enemies":"Small Slimes","floor":1,"turns":3},{"damage":0,"enemies":"2 Louse","floor":5,"turns":4},{"damage":8,"enemies":"Jaw Worm","floor":7,"turns":4},{"damage":36,"enemies":"Gremlin Nob","floor":10,"turns":5},{"damage":0,"enemies":"Looter","floor":11,"turns":4},{"damage":45,"enemies":"Lagavulin","floor":12,"turns":9}],"seed_played":"1650283889535400911","potions_obtained":[{"floor":1,"key":"Swift Potion"},{"floor":7,"key":"Swift Potion"},{"floor":11,"key":"Fire Potion"}],"is_trial":false,"path_per_floor":["M","$","?","?","M","R","M","$","T","E","M","E"],"character_chosen":"IRONCLAD","items_purchased":["Feel No Pain"],"campfire_rested":0,"item_purchase_floors":[2],"current_hp_per_floor":[62,62,50,50,56,56,54,54,54,24,30,0],"gold":71,"neow_bonus":"ONE_RARE_RELIC","is_prod":false,"is_daily":false,"chose_seed":false,"campfire_upgraded":1,"win_rate":0,"timestamp":1548570423,"path_taken":["M","$","?","?","M","R","M","?","T","E","M","E"],"build_version":"2019-01-23","purchased_purges":1,"victory":false,"max_hp_per_floor":[80,80,80,80,80,80,80,80,80,80,80,80],"card_choices":[{"not_picked":["Metallicize","Warcry","Clothesline"],"picked":"SKIP","floor":1},{"not_picked":["Twin Strike","Carnage","Wild Strike"],"picked":"SKIP","floor":5},{"not_picked":["Clothesline","Heavy Blade"],"picked":"Intimidate","floor":7},{"not_picked":["Exhume","Flex","Dropkick"],"picked":"SKIP","floor":10},{"not_picked":["Armaments","Combust"],"picked":"True Grit","floor":11}],"player_experience":93702,"relics_obtained":[{"floor":9,"key":"Pen Nib"},{"floor":10,"key":"Potion Belt"}],"event_choices":[{"damage_healed":0,"gold_gain":0,"player_choice":"Success","damage_taken":12,"relics_obtained":["Oddly Smooth Stone"],"max_hp_gain":0,"max_hp_loss":0,"event_name":"Scrap Ooze","floor":3,"gold_loss":0},{"damage_healed":0,"gold_gain":0,"player_choice":"Ignored","damage_taken":0,"max_hp_gain":0,"max_hp_loss":0,"event_name":"Golden Idol","floor":4,"gold_loss":0}],"is_beta":false,"boss_relics":[],"items_purged_floors":[8],"is_endless":false,"potions_floor_spawned":[1,7,11],"killed_by":"Lagavulin","ascension_level":2}