{"gold_per_floor":[115,125,300,13,88,88,15,35,35,70,85,98,126,126,126,126],"floor_reached":16,"playtime":543,"items_purged":[],"score":138,"play_id":"e29df201-7494-45ad-9d9b-c18222a44881","local_time":"20190119185347","is_ascension_mode":true,"campfire_choices":[{"data":"Noxious Fumes","floor":6,"key":"SMITH"},{"floor":15,"key":"REST"}],"neow_cost":"NONE","seed_source_timestamp":1529474798414400,"circlet_count":0,"master_deck":["Defend_G","Defend_G","Defend_G","Defend_G","Defend_G","Strike_G","Strike_G+1","Strike_G","Strike_G","Strike_G+1","Survivor","Neutralize","Tools of the Trade","Deflect","Doubt","Noxious Fumes+1","Tactician","Footwork","Reflex","Concentrate"],"relics":["Ring of the Snake","Membership Card","Whetstone","Tingsha","PreservedInsect","Potion Belt"],"potions_floor_usage":[10,16,16],"damage_taken":[{"damage":0,"enemies":"Small Slimes","floor":1,"turns":4},{"damage":0,"enemies":"2 Louse","floor":2,"turns":4},{"damage":2,"enemies":"Jaw Worm","floor":8,"turns":4},{"damage":12,"enemies":"Lagavulin","floor":10,"turns":5},{"damage":7,"enemies":"3 Louse","floor":11,"turns":4},{"damage":0,"enemies":"2 Fungi Beasts","floor":12,"turns":5},{"damage":33,"enemies":"Gremlin Nob","floor":13,"turns":5},{"damage":52,"enemies":"Slime Boss","floor":16,"turns":10}],"seed_played":"6367327274690261622","potions_obtained":[{"floor":8,"key":"Fire Potion"},{"floor":12,"key":"Poison Potion"},{"floor":13,"key":"Regen Potion"}],"is_trial":false,"path_per_floor":["M","M","?","$","?","R","$","M","T","E","M","M","E","?","R","B"],"character_chosen":"THE_SILENT","items_purchased":["Noxious Fumes","Membership Card","Whetstone"],"campfire_rested":1,"item_purchase_floors":[4,4,7],"current_hp_per_floor":[70,70,70,70,59,59,59,57,57,45,38,38,5,10,32,0],"gold":126,"neow_bonus":"ONE_RANDOM_RARE_CARD","is_prod":false,"is_daily":false,"chose_seed":false,"campfire_upgraded":1,"win_rate":0,"timestamp":1547920427,"path_taken":["M","M","?","$","?","R","$","M","T","E","M","M","E","?","R","BOSS"],"build_version":"2019-01-17v2","purchased_purges":0,"victory":false,"max_hp_per_floor":[70,70,70,70,70,70,70,70,70,70,70,70,70,75,75,75],"card_choices":[{"not_picked":["Bane","Poisoned Stab"],"picked":"Deflect","floor":1},{"not_picked":["Quick Slash","Doppelganger","All Out Attack"],"picked":"SKIP","floor":2},{"not_picked":["Poisoned Stab","Infinite Blades","Cloak And Dagger"],"picked":"SKIP","floor":8},{"not_picked":["Poisoned Stab","Heel Hook"],"picked":"Tactician","floor":10},{"not_picked":["Dagger Spray","Flechettes"],"picked":"Footwork","floor":11},{"not_picked":["Quick Slash","Predator"],"picked":"Reflex","floor":12},{"not_picked":["PiercingWail","Venomology"],"picked":"Concentrate","floor":13}],"player_experience":843208,"relics_obtained":[{"floor":9,"key":"Tingsha"},{"floor":10,"key":"PreservedInsect"},{"floor":13,"key":"Potion Belt"}],"event_choices":[{"damage_healed":0,"gold_gain":175,"player_choice":"AGREE","damage_taken":0,"max_hp_gain":0,"max_hp_loss":0,"event_name":"Liars Game","floor":3,"gold_loss":0,"cards_obtained":["Doubt"]},{"damage_healed":0,"gold_gain":75,"player_choice":"Gather Gold","damage_taken":11,"max_hp_gain":0,"max_hp_loss":0,"event_name":"World of Goop","floor":5,"gold_loss":0},{"damage_healed":0,"gold_gain":0,"player_choice":"Donut","damage_taken":0,"max_hp_gain":5,"max_hp_loss":0,"event_name":"Big Fish","floor":14,"gold_loss":0}],"is_beta":false,"boss_relics":[],"items_purged_floors":[],"is_endless":false,"potions_floor_spawned":[8,12,13],"killed_by":"Slime Boss","ascension_level":5}