{"gold_per_floor":[117,77,90,40,57,57,85,85,85,85,85,100,131,147,147,267,267,280,280,293,307,321,364,388,414,414,14,34,49,65,79,79,210,210,225,241,241,262,278,313,313,336,336,51,51,110,148,23,23,23],"floor_reached":51,"playtime":5269,"items_purged":["Pain","Pain","Clumsy"],"score":768,"play_id":"bedb1e04-869f-4491-9157-21b6715ad053","local_time":"20180628000440","is_ascension_mode":false,"campfire_choices":[{"data":"Armaments","floor":6,"key":"SMITH"},{"data":"Heavy Blade","floor":8,"key":"SMITH"},{"data":"Dual Wield","floor":11,"key":"SMITH"},{"data":"Heavy Blade","floor":15,"key":"SMITH"},{"data":"Apotheosis","floor":32,"key":"SMITH"},{"floor":41,"key":"REST"},{"floor":45,"key":"REST"},{"floor":49,"key":"REST"}],"neow_cost":"NONE","seed_source_timestamp":836605513605696,"circlet_count":0,"master_deck":["Strike_R","Defend_R","Defend_R","Defend_R","Defend_R","Bash","Infernal Blade+1","Spot Weakness+1","Sever Soul+1","Flame Barrier","Armaments+1","Dual Wield+1","Heavy Blade+1","Headbutt","Dropkick","Heavy Blade+1","Reaper","Warcry+1","Metallicize","Warcry+1","Spot Weakness+1","Rage+1","Warcry","Twin Strike","Feel No Pain+1","Warcry","Apotheosis+1","Sword Boomerang","Metallicize+1","Pummel","Brutality+1","Rupture+1","Burning Pact","Blood for Blood+1","Spot Weakness","Rupture+1","Combust+1"],"relics":["Astrolabe","Gambling Chip","Letter Opener","Golden Idol","Pantograph","Cursed Key","Paper Frog","Orichalcum","Frozen Egg 2","Fusion Hammer","Gremlin Horn","Toolbox","Strawberry","Ginger","Kunai"],"potions_floor_usage":[16,16,28,29,33,33,39,50,50],"damage_taken":[{"damage":0,"enemies":"Jaw Worm","floor":1,"turns":2},{"damage":1,"enemies":"Cultist","floor":3,"turns":4},{"damage":0,"enemies":"2 Louse","floor":5,"turns":2},{"damage":23,"enemies":"Lagavulin","floor":7,"turns":9},{"damage":0,"enemies":"2 Fungi Beasts","floor":12,"turns":2},{"damage":3,"enemies":"3 Sentries","floor":13,"turns":6},{"damage":5,"enemies":"Looter","floor":14,"turns":2},{"damage":37,"enemies":"Hexaghost","floor":16,"turns":7},{"damage":7,"enemies":"Shell Parasite","floor":18,"turns":4},{"damage":4,"enemies":"3 Byrds","floor":20,"turns":5},{"damage":31,"enemies":"Cultist and Chosen","floor":21,"turns":4},{"damage":12,"enemies":"Centurion and Healer","floor":22,"turns":4},{"damage":7,"enemies":"Gremlin Leader","floor":23,"turns":5},{"damage":0,"enemies":"Sentry and Sphere","floor":24,"turns":3},{"damage":0,"enemies":"Snecko","floor":28,"turns":3},{"damage":27,"enemies":"Cultist and Chosen","floor":29,"turns":7},{"damage":0,"enemies":"Chosen and Byrds","floor":30,"turns":5},{"damage":0,"enemies":"Centurion and Healer","floor":31,"turns":3},{"damage":44,"enemies":"Automaton","floor":33,"turns":12},{"damage":0,"enemies":"Orb Walker","floor":35,"turns":2},{"damage":20,"enemies":"3 Darklings","floor":36,"turns":5},{"damage":20,"enemies":"4 Shapes","floor":38,"turns":4},{"damage":16,"enemies":"Maw","floor":39,"turns":5},{"damage":27,"enemies":"2 Orb Walkers","floor":40,"turns":5},{"damage":0,"enemies":"3 Darklings","floor":42,"turns":2},{"damage":24,"floor":46,"turns":5},{"damage":20,"enemies":"Nemesis","floor":47,"turns":5},{"damage":42,"enemies":"Donu and Deca","floor":50,"turns":4}],"seed_played":"-7340202963556987372","potions_obtained":[{"floor":2,"key":"Energy Potion"},{"floor":2,"key":"SpeedPotion"},{"floor":2,"key":"Regen Potion"},{"floor":3,"key":"EssenceOfSteel"},{"floor":16,"key":"BloodPotion"},{"floor":21,"key":"BloodPotion"},{"floor":23,"key":"AttackPotion"},{"floor":24,"key":"SkillPotion"},{"floor":28,"key":"Weak Potion"},{"floor":29,"key":"GamblersBrew"},{"floor":38,"key":"Regen Potion"},{"floor":39,"key":"FearPotion"},{"floor":40,"key":"AttackPotion"},{"floor":42,"key":"Swift Potion"},{"floor":47,"key":"PowerPotion"}],"is_trial":false,"path_per_floor":["M","?","M","?","M","R","E","R","T","?","R","M","E","M","R","B",null,"M","?","M","M","M","E","M","T","T","$","M","M","M","M","R","B",null,"M","M","?","M","M","E","R","M","T","$","R","?","E","$","R","B"],"character_chosen":"IRONCLAD","items_purchased":["Feel No Pain+1","Warcry","Apotheosis","Rupture+1","Strawberry"],"campfire_rested":3,"item_purchase_floors":[27,27,27,44,44],"current_hp_per_floor":[80,80,79,79,79,79,56,56,56,56,56,56,53,48,48,48,74,74,74,73,42,38,59,59,59,59,59,66,47,47,47,47,38,74,74,74,74,54,65,38,60,60,60,67,81,75,81,81,81,39],"gold":23,"neow_bonus":"BOSS_RELIC","is_prod":false,"is_daily":false,"chose_seed":false,"campfire_upgraded":5,"win_rate":0.0,"timestamp":1530158680,"path_taken":["M","?","M","?","M","R","E","R","T","?","R","M","E","M","R","BOSS","M","?","?","M","M","E","M","?","T","$","M","?","M","M","R","BOSS","M","M","?","M","M","E","R","M","T","$","R","?","E","$","R","BOSS"],"build_version":"2018-06-21v2","purchased_purges":3,"victory":true,"max_hp_per_floor":[80,80,80,80,80,80,80,80,80,74,74,74,74,74,74,74,74,74,74,74,74,74,74,74,74,74,74,74,74,74,74,74,74,74,74,74,74,74,74,74,74,74,74,81,81,81,81,81,81,81],"card_choices":[{"not_picked":["Sword Boomerang","Clothesline"],"picked":"Flame Barrier","floor":1},{"not_picked":["Clothesline","Perfected Strike"],"picked":"Armaments","floor":3},{"not_picked":["Flex","Thunderclap"],"picked":"Dual Wield","floor":5},{"not_picked":["True Grit","Shrug It Off"],"picked":"Heavy Blade","floor":7},{"not_picked":["Warcry","Brutality"],"picked":"Headbutt","floor":12},{"not_picked":["Clash","Headbutt"],"picked":"Dropkick","floor":13},{"not_picked":["Combust","Pommel Strike"],"picked":"Heavy Blade","floor":14},{"not_picked":["Barricade","Brutality"],"picked":"Reaper","floor":16},{"not_picked":["Headbutt","Sever Soul"],"picked":"Warcry+1","floor":18},{"not_picked":["Sword Boomerang","Perfected Strike"],"picked":"Warcry+1","floor":20},{"not_picked":["Thunderclap","Clothesline"],"picked":"Spot Weakness+1","floor":21},{"not_picked":["Perfected Strike","Dual Wield"],"picked":"Rage+1","floor":22},{"not_picked":["Reckless Charge","Clothesline"],"picked":"Warcry","floor":23},{"not_picked":["Brutality","Iron Wave"],"picked":"Twin Strike","floor":24},{"not_picked":["Flame Barrier","Entrench","Perfected Strike"],"picked":"SKIP","floor":28},{"not_picked":["Cleave","Twin Strike"],"picked":"Sword Boomerang","floor":29},{"not_picked":["Burning Pact","Heavy Blade"],"picked":"Metallicize+1","floor":30},{"not_picked":["True Grit","Armaments"],"picked":"Pummel","floor":31},{"not_picked":["Fiend Fire","Reaper"],"picked":"Brutality+1","floor":33},{"not_picked":["Battle Trance+1","Entrench+1"],"picked":"Rupture+1","floor":35},{"not_picked":["Body Slam","Shrug It Off","Flex+1"],"picked":"SKIP","floor":36},{"not_picked":["True Grit+1","Twin Strike+1"],"picked":"Burning Pact","floor":38},{"not_picked":["Warcry","Impervious"],"picked":"Blood for Blood+1","floor":39},{"not_picked":["Anger","Shockwave+1"],"picked":"Spot Weakness","floor":40},{"not_picked":["Bloodletting","Shrug It Off","Twin Strike+1"],"picked":"SKIP","floor":42},{"not_picked":["Battle Trance","Clash"],"picked":"Combust+1","floor":47}],"player_experience":22348,"relics_obtained":[{"floor":7,"key":"Gambling Chip"},{"floor":9,"key":"Letter Opener"},{"floor":13,"key":"Pantograph"},{"floor":23,"key":"Paper Frog"},{"floor":25,"key":"Orichalcum"},{"floor":26,"key":"Frozen Egg 2"},{"floor":40,"key":"Gremlin Horn"},{"floor":43,"key":"Toolbox"},{"floor":46,"key":"Ginger"},{"floor":47,"key":"Kunai"}],"event_choices":[{"event_name":"The Woman in Blue","player_choice":"Bought 3 Potions","floor":2,"damage_taken":0},{"event_name":"The Cleric","player_choice":"Card Removal","floor":4,"damage_taken":0},{"event_name":"Golden Idol","player_choice":"Lose Max HP","floor":10,"damage_taken":0},{"event_name":"The Library","player_choice":"Read","floor":19,"damage_taken":0},{"event_name":"Wheel of Change","player_choice":"Full Heal","floor":37,"damage_taken":0},{"event_name":"Mysterious Sphere","player_choice":"Fight","floor":46,"damage_taken":0}],"boss_relics":[{"not_picked":["Coffee Dripper","Runic Pyramid"],"picked":"Cursed Key"},{"not_picked":["Lizard Tail","Busted Crown"],"picked":"Fusion Hammer"}],"items_purged_floors":[27,44,48],"is_endless":false,"potions_floor_spawned":[3,13,14,16,21,23,24,28,29,38,39,40,42,47],"ascension_level":0}