{"gold_per_floor":[113,113,113,78,78,78,107,107,107,139,154,154,185,205,205,304,304,321,18,18,117,117,117],"floor_reached":23,"playtime":890,"items_purged":[],"score":330,"play_id":"5c5dcef3-2600-40a2-8edf-4fcb8ae1b6a2","local_time":"20181221143154","is_ascension_mode":true,"campfire_choices":[{"data":"Uppercut","floor":6,"key":"SMITH"},{"floor":8,"key":"REST"},{"data":"Bash","floor":12,"key":"SMITH"},{"floor":15,"key":"REST"}],"neow_cost":"PERCENT_DAMAGE","seed_source_timestamp":678807504731184,"circlet_count":0,"master_deck":["AscendersBane","Strike_R","Strike_R","Strike_R","Strike_R","Strike_R","Defend_R","Defend_R","Defend_R","Defend_R","Bash+1","Uppercut+1","Body Slam","Warcry","Shrug It Off","Armaments","Wild Strike","Bludgeon","Headbutt","Shrug It Off"],"relics":["Burning Blood","Mango","Happy Flower","FaceOfCleric","Bag of Marbles","Juzu Bracelet","Bottled Flame","Omamori","Velvet Choker","Dead Branch"],"potions_floor_usage":[10,10,13,16,16,16,16,23,23],"damage_taken":[{"damage":15,"enemies":"Cultist","floor":1,"turns":5},{"damage":37,"enemies":"3 Sentries","floor":7,"turns":9},{"damage":25,"enemies":"Lagavulin","floor":10,"turns":5},{"damage":0,"enemies":"Small Slimes","floor":11,"turns":2},{"damage":19,"enemies":"3 Sentries","floor":13,"turns":7},{"damage":0,"enemies":"2 Louse","floor":14,"turns":2},{"damage":57,"enemies":"Slime Boss","floor":16,"turns":13},{"damage":6,"enemies":"Spheric Guardian","floor":18,"turns":3},{"damage":90,"enemies":"Gremlin Leader","floor":23,"turns":6}],"seed_played":"8851937423226653228","potions_obtained":[{"floor":1,"key":"EntropicBrew"},{"floor":10,"key":"PowerPotion"},{"floor":14,"key":"Weak Potion"},{"floor":18,"key":"Energy Potion"}],"is_trial":false,"path_per_floor":["M","?","?","?","?","R","E","R","T","E","M","R","E","M","R","B",null,"M","$","?","?","?","E"],"character_chosen":"IRONCLAD","items_purchased":["Dead Branch"],"campfire_rested":2,"item_purchase_floors":[19],"current_hp_per_floor":[56,31,31,54,54,54,24,52,52,34,41,41,29,36,65,15,79,80,80,80,80,80,0],"gold":117,"neow_bonus":"ONE_RARE_RELIC","is_prod":false,"is_daily":false,"chose_seed":false,"campfire_upgraded":2,"win_rate":0,"timestamp":1545420714,"path_taken":["M","?","?","?","?","R","E","R","T","E","M","R","E","M","R","BOSS","M","$","?","?","?","E"],"build_version":"2018-12-20","purchased_purges":0,"victory":false,"max_hp_per_floor":[94,94,94,94,94,94,95,95,95,96,97,97,98,99,99,100,100,101,101,101,101,101,101],"card_choices":[{"not_picked":["Shockwave","Clothesline"],"picked":"Uppercut","floor":1},{"not_picked":["Headbutt","Armaments"],"picked":"Body Slam","floor":7},{"not_picked":["Wild Strike","Headbutt"],"picked":"Warcry","floor":10},{"not_picked":["Fire Breathing","Sever Soul"],"picked":"Shrug It Off","floor":11},{"not_picked":["Sword Boomerang","Sever Soul"],"picked":"Armaments","floor":13},{"not_picked":["Fire Breathing","Heavy Blade"],"picked":"Wild Strike","floor":14},{"not_picked":["Juggernaut","Berserk"],"picked":"Bludgeon","floor":16},{"not_picked":["Infernal Blade","Havoc"],"picked":"Headbutt","floor":18}],"player_experience":417570,"relics_obtained":[{"floor":7,"key":"Bag of Marbles"},{"floor":9,"key":"Juzu Bracelet"},{"floor":10,"key":"Bottled Flame"},{"floor":13,"key":"Omamori"}],"event_choices":[{"damage_healed":0,"gold_gain":0,"player_choice":"Success","damage_taken":25,"relics_obtained":["Happy Flower"],"max_hp_gain":0,"max_hp_loss":0,"event_name":"Scrap Ooze","floor":2,"gold_loss":0},{"damage_healed":0,"gold_gain":0,"player_choice":"Ignored","damage_taken":0,"max_hp_gain":0,"max_hp_loss":0,"event_name":"Liars Game","floor":3,"gold_loss":0},{"damage_healed":23,"gold_gain":0,"player_choice":"Healed","damage_taken":0,"max_hp_gain":0,"max_hp_loss":0,"event_name":"The Cleric","floor":4,"gold_loss":35},{"damage_healed":0,"gold_gain":0,"player_choice":"Trade","damage_taken":0,"relics_obtained":["FaceOfCleric"],"max_hp_gain":0,"max_hp_loss":0,"event_name":"FaceTrader","floor":5,"gold_loss":0},{"damage_healed":0,"gold_gain":0,"player_choice":"Ignored","damage_taken":0,"max_hp_gain":0,"max_hp_loss":0,"event_name":"N\u0027loth","floor":20,"gold_loss":0},{"damage_healed":0,"gold_gain":99,"player_choice":"Stole From Cult","damage_taken":0,"max_hp_gain":0,"max_hp_loss":0,"event_name":"Nest","floor":21,"gold_loss":0},{"damage_healed":0,"gold_gain":0,"player_choice":"Read","damage_taken":0,"max_hp_gain":0,"max_hp_loss":0,"event_name":"The Library","floor":22,"gold_loss":0,"cards_obtained":["Shrug It Off"]}],"is_beta":false,"boss_relics":[{"not_picked":["Runic Dome","Astrolabe"],"picked":"Velvet Choker"}],"items_purged_floors":[],"is_endless":false,"potions_floor_spawned":[1,10,14,18],"killed_by":"Gremlin Leader","ascension_level":10}