{"gold_per_floor":[118,193,193,213,228,228,103,103,127,153,172,198,198,212,212,314,314,329,341,264,280,139,139],"floor_reached":23,"playtime":2191,"items_purged":["Strike_R","Writhe"],"score":276,"play_id":"e9f7c081-cc44-49b7-8c62-f0f6e7d2543b","local_time":"20180627200337","is_ascension_mode":false,"campfire_choices":[{"data":"True Grit","floor":6,"key":"SMITH"},{"data":"Armaments","floor":8,"key":"SMITH"},{"data":"Juggernaut","floor":13,"key":"SMITH"},{"data":"Bash","floor":15,"key":"SMITH"}],"neow_cost":"NONE","seed_source_timestamp":825235062419097,"circlet_count":0,"master_deck":["Strike_R","Strike_R","Strike_R","Strike_R+1","Defend_R","Defend_R","Defend_R","Defend_R","Bash+1","Iron Wave","True Grit+1","Cleave","Armaments+1","Iron Wave","Juggernaut+1","Feed+1","Cleave","Barricade","Injury","Doubt","Spot Weakness","Cleave+1","J.A.X.","Armaments","Spot Weakness"],"special_seed":17709,"relics":["Runic Pyramid","Happy Flower","Toolbox","Whetstone","Calling Bell","Boot","Darkstone Periapt","Bird Faced Urn"],"potions_floor_usage":[21,23],"damage_taken":[{"damage":4,"enemies":"Cultist","floor":1,"turns":4},{"damage":1,"enemies":"2 Louse","floor":4,"turns":3},{"damage":0,"enemies":"Small Slimes","floor":5,"turns":3},{"damage":0,"enemies":"3 Sentries","floor":10,"turns":7},{"damage":2,"enemies":"Exordium Thugs","floor":11,"turns":4},{"damage":0,"enemies":"Lagavulin","floor":12,"turns":7},{"damage":2,"enemies":"Gremlin Gang","floor":14,"turns":3},{"damage":5,"enemies":"Slime Boss","floor":16,"turns":12},{"damage":17,"enemies":"Chosen","floor":18,"turns":6},{"damage":38,"enemies":"Spheric Guardian","floor":19,"turns":6},{"damage":24,"enemies":"Snake Plant","floor":21,"turns":5},{"damage":30,"enemies":"Gremlin Leader","floor":23,"turns":3}],"seed_played":"8101079258210190797","potions_obtained":[{"floor":1,"key":"SpeedPotion"},{"floor":14,"key":"EssenceOfSteel"},{"floor":16,"key":"Strength Potion"},{"floor":19,"key":"Swift Potion"}],"is_trial":false,"path_per_floor":["M","?","?","M","M","R","$","R","T","E","M","E","R","M","R","B",null,"M","M","?","M","$"],"character_chosen":"IRONCLAD","items_purchased":["Armaments","Spot Weakness"],"campfire_rested":0,"item_purchase_floors":[7,22],"current_hp_per_floor":[76,65,70,69,69,69,69,69,69,69,67,67,67,69,69,64,89,76,44,44,30,30,0],"gold":139,"neow_bonus":"BOSS_RELIC","is_prod":false,"is_daily":false,"chose_seed":false,"campfire_upgraded":4,"win_rate":0.0,"timestamp":1530144217,"path_taken":["M","?","?","?","M","R","?","R","T","E","M","E","R","M","R","BOSS","M","M","?","M","$","E"],"build_version":"2018-06-21v2","purchased_purges":2,"victory":false,"max_hp_per_floor":[80,80,85,85,85,85,85,85,85,85,85,85,85,89,89,89,89,93,97,97,101,101,101],"card_choices":[{"not_picked":["Dual Wield","Sword Boomerang"],"picked":"Iron Wave","floor":1},{"not_picked":["Iron Wave","Combust"],"picked":"True Grit","floor":4},{"not_picked":["Sever Soul","Carnage"],"picked":"Cleave","floor":5},{"not_picked":["Cleave","True Grit"],"picked":"Iron Wave","floor":10},{"not_picked":["Searing Blow","Reckless Charge"],"picked":"Juggernaut","floor":11},{"not_picked":["Reckless Charge","Pommel Strike"],"picked":"Feed","floor":12},{"not_picked":["Anger","Clothesline"],"picked":"Cleave","floor":14},{"not_picked":["Brutality","Limit Break"],"picked":"Barricade","floor":16},{"not_picked":["Sword Boomerang","Clothesline"],"picked":"Spot Weakness","floor":18},{"not_picked":["Heavy Blade","Perfected Strike+1"],"picked":"Cleave+1","floor":19},{"not_picked":["Clash+1","Sword Boomerang"],"picked":"Armaments","floor":21}],"player_experience":20019,"relics_obtained":[{"floor":9,"key":"Happy Flower"},{"floor":10,"key":"Toolbox"},{"floor":12,"key":"Whetstone"},{"floor":17,"key":"Boot"},{"floor":17,"key":"Darkstone Periapt"},{"floor":17,"key":"Bird Faced Urn"}],"event_choices":[{"event_name":"World of Goop","player_choice":"Gather Gold","floor":2,"damage_taken":0},{"event_name":"Big Fish","player_choice":"Donut","floor":3,"damage_taken":0},{"event_name":"Drug Dealer","player_choice":"Got JAXXED","floor":20,"damage_taken":0}],"boss_relics":[{"not_picked":["Snecko Eye","White Beast Statue"],"picked":"Calling Bell"}],"items_purged_floors":[7,22],"is_endless":false,"potions_floor_spawned":[1,14,16,19],"killed_by":"Gremlin Leader","ascension_level":0}