{"gold_per_floor":[368,368,388,76,76,123,155,155,155,155,185,20,20,71,71,71],"floor_reached":16,"playtime":339,"items_purged":["Parasite"],"score":186,"play_id":"1ca76fb4-abf7-4c3c-a2e0-d400772967d9","local_time":"20190208200535","is_ascension_mode":true,"campfire_choices":[{"data":"True Grit","floor":8.0,"key":"SMITH"},{"data":"Whirlwind","floor":10.0,"key":"SMITH"},{"floor":13.0,"key":"REST"},{"floor":15.0,"key":"REST"}],"neow_cost":"TEN_PERCENT_HP_LOSS","seed_source_timestamp":1689733397015847,"circlet_count":0,"master_deck":["AscendersBane","Strike_R","Strike_R","Strike_R","Strike_R","Strike_R","Defend_R","Defend_R","Defend_R","Defend_R","Bash","Clash","Demon Form","True Grit+1","HandOfGreed","Whirlwind+1","Pommel Strike","Anger"],"special_seed":0,"relics":["Burning Blood","The Courier","Frozen Egg 2","Kunai","Gremlin Horn","Chemical X","Mummified Hand"],"potions_floor_usage":[16],"damage_taken":[{"damage":12.0,"enemies":"Jaw Worm","floor":1.0,"turns":3.0},{"damage":0.0,"enemies":"Cultist","floor":3.0,"turns":4.0},{"damage":46.0,"enemies":"Gremlin Nob","floor":6.0,"turns":5.0},{"damage":10.0,"enemies":"Small Slimes","floor":7.0,"turns":6.0},{"damage":21.0,"enemies":"Lagavulin","floor":14.0,"turns":6.0},{"damage":46,"enemies":"The Guardian","floor":16,"turns":6}],"seed_played":"7248632022417741800","potions_obtained":[{"floor":7.0,"key":"EssenceOfSteel"}],"is_trial":false,"path_per_floor":["M","?","M","$","T","E","M","R","T","R","?","$","R","E","R","B"],"character_chosen":"IRONCLAD","items_purchased":["HandOfGreed","Whirlwind","Chemical X"],"campfire_rested":2,"item_purchase_floors":[4,4,12],"current_hp_per_floor":[62,62,68,65,65,25,21,21,21,21,21,21,40,25,44,0],"gold":71,"neow_bonus":"TWO_FIFTY_GOLD","is_prod":false,"is_daily":false,"chose_seed":false,"campfire_upgraded":2,"win_rate":0,"timestamp":1549674335,"path_taken":["M","?","M","$","?","E","M","R","T","R","?","$","R","E","R","BOSS"],"build_version":"2019-02-06","purchased_purges":1,"victory":false,"max_hp_per_floor":[68,68,68,65,65,65,65,65,65,65,65,65,65,65,65,65],"card_choices":[{"not_picked":["Sword Boomerang","Iron Wave"],"picked":"Clash","floor":1.0},{"not_picked":["Searing Blow","Shrug It Off"],"picked":"True Grit","floor":3.0},{"not_picked":["Headbutt","Fire Breathing"],"picked":"Pommel Strike","floor":6.0},{"not_picked":["Iron Wave","Entrench"],"picked":"Anger","floor":7.0},{"not_picked":["Disarm","Rage","Headbutt"],"picked":"SKIP","floor":14.0}],"player_experience":643247,"relics_obtained":[{"floor":5.0,"key":"The Courier"},{"floor":6.0,"key":"Frozen Egg 2"},{"floor":9.0,"key":"Kunai"},{"floor":14.0,"key":"Mummified Hand"}],"event_choices":[{"damage_healed":0.0,"max_hp_gain":0.0,"max_hp_loss":0.0,"gold_gain":0.0,"event_name":"Match and Keep!","player_choice":"2 cards matched","floor":2.0,"gold_loss":0.0,"damage_taken":0.0,"cards_obtained":["Parasite","Demon Form"]},{"damage_healed":0.0,"max_hp_gain":0.0,"max_hp_loss":0.0,"gold_gain":30.0,"event_name":"Dead Adventurer","player_choice":"Searched \u00272\u0027 times","floor":11.0,"gold_loss":0.0,"damage_taken":0.0,"relics_obtained":["Gremlin Horn"]}],"is_beta":true,"boss_relics":[],"items_purged_floors":[4],"is_endless":false,"potions_floor_spawned":[7],"killed_by":"The Guardian","ascension_level":15}