{"gold_per_floor":[113,128,146,162,178,178,178,68,68,68,88,88,88,106,106,205,205,220,220,240,250,150,150,160,160,160,35,50,50,50,66,66,163,163,175,185,202,215,230,230,330,340,340,340,340,340,351,369,369,369],"floor_reached":51,"playtime":2815,"items_purged":["Strike_B","Strike_B","Strike_B"],"score":771,"play_id":"a16968cc-42a9-4295-bab2-24f635bf9902","local_time":"20181228221308","is_ascension_mode":true,"campfire_choices":[{"data":"Zap","floor":6.0,"key":"SMITH"},{"data":"Dualcast","floor":10.0,"key":"SMITH"},{"data":"Sunder","floor":13.0,"key":"SMITH"},{"data":"Glacier","floor":15.0,"key":"SMITH"},{"data":"Darkness","floor":23.0,"key":"SMITH"},{"data":"Self Repair","floor":29,"key":"SMITH"},{"data":"Hologram","floor":32,"key":"SMITH"},{"data":"Steam","floor":40,"key":"SMITH"},{"data":"Auto Shields","floor":44,"key":"SMITH"},{"data":"Finesse","floor":46,"key":"SMITH"},{"data":"Echo Form","floor":49,"key":"SMITH"}],"neow_cost":"NONE","seed_source_timestamp":72781298499226,"circlet_count":0,"master_deck":["Defend_B","Defend_B","Defend_B","Zap+1","Dualcast+1","Sunder+1","Auto Shields+1","Ball Lightning","Steam+1","Flash of Steel+1","FTL","Glacier+1","Self Repair+1","All For One","Finesse+1","Darkness+1","Hologram+1","Echo Form+1","Steam+1","Parasite","Hologram+1","Go for the Eyes+1"],"special_seed":0,"relics":["Empty Cage","Shuriken","Coffee Dripper","Molten Egg 2","Letter Opener","Cursed Key","Prayer Wheel"],"potions_floor_usage":[50,50,50],"damage_taken":[{"damage":1.0,"enemies":"Cultist","floor":1.0,"turns":3.0},{"damage":0.0,"enemies":"Small Slimes","floor":2.0,"turns":2.0},{"damage":3.0,"enemies":"Jaw Worm","floor":3.0,"turns":4.0},{"damage":9.0,"enemies":"Red Slaver","floor":4.0,"turns":4.0},{"damage":2.0,"enemies":"Blue Slaver","floor":5.0,"turns":3.0},{"damage":0.0,"enemies":"Gremlin Gang","floor":11.0,"turns":3.0},{"damage":1.0,"enemies":"Large Slime","floor":14.0,"turns":4.0},{"damage":38.0,"enemies":"Slime Boss","floor":16.0,"turns":6.0},{"damage":7.0,"enemies":"Shell Parasite","floor":18.0,"turns":3.0},{"damage":0.0,"enemies":"Spheric Guardian","floor":20.0,"turns":3.0},{"damage":13.0,"enemies":"Snake Plant","floor":21.0,"turns":3.0},{"damage":9.0,"enemies":"Centurion and Healer","floor":24.0,"turns":5.0},{"damage":0.0,"enemies":"3 Cultists","floor":28.0,"turns":4.0},{"damage":11,"enemies":"Chosen and Byrds","floor":31,"turns":3},{"damage":25,"enemies":"Collector","floor":33,"turns":6},{"damage":0,"enemies":"3 Shapes","floor":35,"turns":3},{"damage":3,"enemies":"3 Darklings","floor":36,"turns":3},{"damage":29,"enemies":"Maw","floor":37,"turns":7},{"damage":0,"enemies":"Writhing Mass","floor":38,"turns":5},{"damage":29,"enemies":"Spire Growth","floor":39,"turns":5},{"damage":0,"enemies":"Mind Bloom Boss Battle","floor":41,"turns":6},{"damage":4,"enemies":"Maw","floor":42,"turns":8},{"damage":13,"enemies":"4 Shapes","floor":47,"turns":6},{"damage":1,"enemies":"Transient","floor":48,"turns":5},{"damage":18,"enemies":"Awakened One","floor":50,"turns":10}],"seed_played":"5979663382815740831","potions_obtained":[{"floor":1.0,"key":"LiquidBronze"},{"floor":11.0,"key":"Strength Potion"},{"floor":16.0,"key":"FocusPotion"},{"floor":28.0,"key":"SteroidPotion"},{"floor":39,"key":"Dexterity Potion"}],"is_trial":false,"path_per_floor":["M","M","M","M","M","R","?","$","T","R","M","?","R","M","R","B",null,"M","?","M","M","$","R","M","?","T","$","M","R","?","M","R","B",null,"M","M","M","M","M","R","?","M","T","R","?","R","M","M","R","B",null],"character_chosen":"DEFECT","items_purchased":["FTL"],"campfire_rested":0,"item_purchase_floors":[8],"current_hp_per_floor":[74,74,71,62,60,60,60,60,60,60,60,60,60,59,59,28,63,63,63,70,57,57,57,55,55,55,55,62,62,62,61,61,46,68,75,75,66,75,56,56,66,72,72,72,72,72,59,68,68,60],"gold":369,"neow_bonus":"BOSS_RELIC","is_prod":false,"is_daily":false,"chose_seed":false,"campfire_upgraded":11,"win_rate":0,"timestamp":1546056788,"path_taken":["M","M","M","M","M","R","?","?","T","R","M","?","R","M","R","BOSS","M","?","M","?","$","R","M","?","T","$","?","R","?","M","R","BOSS","M","M","?","M","M","R","?","M","T","R","?","R","M","M","R","BOSS"],"build_version":"2018-12-20","purchased_purges":3,"victory":true,"max_hp_per_floor":[75,75,75,75,75,75,75,75,75,75,75,75,75,75,75,75,75,75,75,75,75,75,75,75,75,75,75,75,75,75,75,75,75,75,75,75,75,75,75,75,75,75,75,75,75,75,75,75,75,75],"card_choices":[{"not_picked":["Consume","Go for the Eyes"],"picked":"Sunder","floor":1.0},{"not_picked":["Sunder","Hologram"],"picked":"Auto Shields","floor":2.0},{"not_picked":["Recycle","Darkness"],"picked":"Ball Lightning","floor":3.0},{"not_picked":["Rebound","Turbo"],"picked":"Steam","floor":4.0},{"not_picked":["Sweeping Beam","Recycle","Sunder"],"picked":"SKIP","floor":5.0},{"not_picked":["Sweeping Beam","Recycle","Sunder"],"picked":"SKIP","floor":5.0},{"not_picked":["Buffer","Darkness"],"picked":"Glacier","floor":11.0},{"not_picked":["Beam Cell","Redo"],"picked":"Self Repair","floor":14.0},{"not_picked":["Machine Learning","Rainbow"],"picked":"All For One","floor":16.0},{"not_picked":["Aggregate","Steam+1","Rebound"],"picked":"SKIP","floor":18.0},{"not_picked":["Stack","All For One","Storm"],"picked":"SKIP","floor":20.0},{"not_picked":["Cold Snap","Lockon","Sweeping Beam+1"],"picked":"SKIP","floor":21.0},{"not_picked":["Genetic Algorithm","Coolheaded","Barrage"],"picked":"SKIP","floor":24.0},{"not_picked":["Tempest+1","White Noise","Coolheaded+1"],"picked":"SKIP","floor":28.0},{"not_picked":["Redo","Steam"],"picked":"Hologram","floor":31},{"not_picked":["Reboot","Machine Learning"],"picked":"Echo Form","floor":33},{"not_picked":["Cold Snap+1","Storm"],"picked":"Steam+1","floor":35},{"not_picked":["Coolheaded+1","Static Discharge+1","Loop+1"],"picked":"SKIP","floor":36},{"not_picked":["Streamline+1","Aggregate","Steam"],"picked":"SKIP","floor":37},{"not_picked":["Rebound+1","Compile Driver+1","Ball Lightning+1"],"picked":"SKIP","floor":38},{"not_picked":["Rebound+1","Double Energy","Fusion+1"],"picked":"SKIP","floor":39},{"not_picked":["Stack+1","Ball Lightning+1"],"picked":"Go for the Eyes+1","floor":42},{"not_picked":["Conserve Battery","Streamline+1","Barrage+1"],"picked":"SKIP","floor":42},{"not_picked":["Stack","Multi-Cast"],"picked":"Hologram+1","floor":47},{"not_picked":["Compile Driver+1","Go for the Eyes+1","Hologram"],"picked":"SKIP","floor":47},{"not_picked":["Compile Driver+1","Hologram"],"picked":"Go for the Eyes+1","floor":47},{"not_picked":["Cold Snap+1","Turbo+1","Barrage+1"],"picked":"SKIP","floor":48},{"not_picked":["Turbo","Hello World+1","Cold Snap+1"],"picked":"SKIP","floor":48}],"player_experience":99063,"relics_obtained":[{"floor":9.0,"key":"Shuriken"},{"floor":26.0,"key":"Letter Opener"},{"floor":41,"key":"Prayer Wheel"}],"event_choices":[{"damage_healed":0.0,"max_hp_gain":0.0,"max_hp_loss":0.0,"gold_gain":0.0,"event_name":"Match and Keep!","player_choice":"1 cards matched","floor":7.0,"gold_loss":0.0,"damage_taken":0.0,"cards_obtained":["Flash of Steel"]},{"damage_healed":0.0,"max_hp_gain":0.0,"max_hp_loss":0.0,"gold_gain":0.0,"event_name":"Liars Game","player_choice":"Ignored","floor":12.0,"gold_loss":0.0,"damage_taken":0.0},{"damage_healed":0.0,"max_hp_gain":0.0,"max_hp_loss":0.0,"gold_gain":0.0,"event_name":"Match and Keep!","player_choice":"2 cards matched","floor":19.0,"gold_loss":0.0,"damage_taken":0.0,"cards_obtained":["Finesse","Darkness"]},{"damage_healed":0.0,"max_hp_gain":0.0,"max_hp_loss":0.0,"gold_gain":0.0,"event_name":"WeMeetAgain","player_choice":"Gave Potion","floor":25.0,"gold_loss":0.0,"damage_taken":0.0,"relics_obtained":["Molten Egg 2"]},{"damage_healed":0,"gold_gain":0,"player_choice":"Upgraded","damage_taken":0,"max_hp_gain":0,"max_hp_loss":0,"event_name":"Upgrade Shrine","floor":30,"gold_loss":0,"cards_upgraded":["Flash of Steel"]},{"damage_healed":0,"gold_gain":0,"player_choice":"Fight","damage_taken":0,"max_hp_gain":0,"max_hp_loss":0,"event_name":"MindBloom","floor":41,"gold_loss":0},{"cards_removed":["Go for the Eyes"],"damage_healed":0,"gold_gain":0,"player_choice":"Removed Attack","damage_taken":0,"max_hp_gain":0,"max_hp_loss":0,"event_name":"Falling","floor":45,"gold_loss":0}],"is_beta":false,"boss_relics":[{"not_picked":["Tiny House","Astrolabe"],"picked":"Coffee Dripper"},{"not_picked":["Pandora\u0027s Box","Lizard Tail"],"picked":"Cursed Key"}],"items_purged_floors":[8,22,27],"is_endless":false,"potions_floor_spawned":[1,11,16,21,24,28,38,39,41,42],"ascension_level":5}