{"gold_per_floor":[109,56,74,224,224,255,255,291,291,6,27,52,77,90,90,179,179,197,210,210,210,210,210,283,131,131,167,54,73,87,128,128,217,217,236,93,218,218,440,440,481,481,481,504,504,525,122,138,138,138],"floor_reached":50,"playtime":1574,"items_purged":["Doubt","Shame","Writhe","Bash"],"score":1072,"play_id":"94631f11-b117-4c5c-bd43-aae8e330b582","local_time":"20190208205854","is_ascension_mode":true,"campfire_choices":[{"data":"Perfected Strike","floor":7,"key":"SMITH"},{"data":"Armaments","floor":15,"key":"SMITH"},{"data":"True Grit","floor":23,"key":"SMITH"},{"floor":32,"key":"REST"},{"data":"Trip","floor":40,"key":"SMITH"},{"data":"Limit Break","floor":42,"key":"SMITH"},{"data":"Madness","floor":49,"key":"SMITH"}],"neow_cost":"NONE","seed_source_timestamp":1691802761851686,"circlet_count":0,"master_deck":["AscendersBane","Strike_R","Strike_R","Strike_R","Strike_R","Strike_R","Defend_R","Perfected Strike+1","Thunderclap","Pommel Strike","Pommel Strike","Armaments+1","Battle Trance","True Grit+1","Reaper","Whirlwind+1","Ghostly Armor+1","Shockwave+1","Pommel Strike","Wild Strike","Offering","Reaper","Twin Strike","Limit Break+1","Twin Strike+1","Trip+1","Sword Boomerang+1","Whirlwind+1","Madness","Madness+1","Twin Strike"],"relics":["Burning Blood","NeowsBlessing","Golden Idol","Kunai","Ancient Tea Set","Happy Flower","Sling","Red Skull","Astrolabe","Thread and Needle","Potion Belt","Tiny Chest","MawBank","Red Mask","Mark of Pain","Magic Flower","Bronze Scales","Art of War","Lantern"],"potions_floor_usage":[8,16,18,27,31,31,33,33,41,48,50,50,50],"damage_taken":[{"damage":0,"enemies":"Jaw Worm","floor":1,"turns":1},{"damage":0,"enemies":"Small Slimes","floor":3,"turns":1},{"damage":0,"enemies":"Lagavulin","floor":6,"turns":1},{"damage":38,"enemies":"Gremlin Nob","floor":8,"turns":5},{"damage":1,"enemies":"Cultist","floor":11,"turns":3},{"damage":6,"enemies":"Looter","floor":12,"turns":2},{"damage":0,"enemies":"3 Louse","floor":14,"turns":2},{"damage":0,"enemies":"Slime Boss","floor":16,"turns":5},{"damage":21,"enemies":"Spheric Guardian","floor":18,"turns":4},{"damage":3,"enemies":"3 Byrds","floor":19,"turns":5},{"damage":0,"enemies":"Gremlin Leader","floor":24,"turns":4},{"damage":0,"enemies":"Snake Plant","floor":27,"turns":3},{"damage":17,"enemies":"3 Cultists","floor":29,"turns":4},{"damage":8,"enemies":"Centurion and Healer","floor":30,"turns":8},{"damage":26,"enemies":"Masked Bandits","floor":31,"turns":5},{"damage":69,"enemies":"Automaton","floor":33,"turns":12},{"damage":6,"enemies":"Orb Walker","floor":35,"turns":2},{"damage":4,"enemies":"Mind Bloom Boss Battle","floor":37,"turns":8},{"damage":29,"enemies":"Reptomancer","floor":41,"turns":6},{"damage":50,"enemies":"3 Shapes","floor":44,"turns":7},{"damage":26,"enemies":"Spire Growth","floor":46,"turns":5},{"damage":6,"enemies":"3 Darklings","floor":48,"turns":4},{"damage":88,"enemies":"Time Eater","floor":50,"turns":7}],"seed_played":"-6773539259871992400","potions_obtained":[{"floor":3,"key":"Weak Potion"},{"floor":11,"key":"Strength Potion"},{"floor":12,"key":"SkillPotion"},{"floor":16,"key":"Block Potion"},{"floor":18,"key":"Swift Potion"},{"floor":27,"key":"Ancient Potion"},{"floor":29,"key":"FearPotion"},{"floor":30,"key":"FearPotion"},{"floor":31,"key":"PowerPotion"},{"floor":37,"key":"Swift Potion"},{"floor":44,"key":"Dexterity Potion"}],"is_trial":false,"path_per_floor":["M","$","M","?","?","E","R","E","T","$","M","M","T","M","R","B",null,"M","M","?","?","?","R","E","$","T","M","$","M","M","?","R","B",null,"M","$","?","?","?","R","E","R","T","M","?","M","$","M","R","B"],"character_chosen":"IRONCLAD","items_purchased":["Thunderclap","Sling","Wild Strike","Limit Break","Lantern","FearPotion","Dexterity Potion"],"campfire_rested":1,"item_purchase_floors":[2,10,25,36,47,47,47],"current_hp_per_floor":[74,74,75,75,49,55,55,23,23,23,28,28,28,34,34,40,66,51,63,63,63,63,63,69,69,69,75,75,64,67,47,69,18,61,61,61,75,75,75,75,55,55,55,71,57,40,40,75,75,0],"gold":138,"neow_bonus":"THREE_ENEMY_KILL","is_prod":false,"is_daily":false,"chose_seed":false,"campfire_upgraded":6,"win_rate":0,"timestamp":1549677534,"path_taken":["M","$","M","?","?","E","R","E","T","$","M","M","?","?","R","BOSS","M","M","?","?","?","R","E","$","T","M","$","?","M","?","R","BOSS","M","$","?","?","?","R","E","R","T","?","?","M","$","M","R","BOSS"],"build_version":"2019-02-06","purchased_purges":4,"victory":false,"max_hp_per_floor":[75,75,75,75,75,75,75,75,75,75,75,75,75,75,75,75,75,75,75,75,75,75,75,75,75,75,75,75,75,75,75,75,75,75,75,75,75,75,75,75,75,75,75,75,75,75,75,75,75,75],"card_choices":[{"not_picked":["True Grit","Seeing Red"],"picked":"Perfected Strike","floor":1},{"not_picked":["Ghostly Armor","Shockwave"],"picked":"Pommel Strike","floor":3},{"not_picked":["Bloodletting","Rage"],"picked":"Pommel Strike","floor":6},{"not_picked":["Power Through","Clash"],"picked":"Armaments","floor":8},{"not_picked":["Blood for Blood","Cleave","Inflame"],"picked":"SKIP","floor":11},{"not_picked":["Rupture","Reckless Charge"],"picked":"Battle Trance","floor":12},{"not_picked":["Rupture","Combust"],"picked":"True Grit","floor":14},{"not_picked":["Barricade","Fiend Fire"],"picked":"Reaper","floor":16},{"not_picked":["Heavy Blade","Spot Weakness"],"picked":"Pommel Strike","floor":18},{"not_picked":["Sever Soul","Reckless Charge","Sentinel+1"],"picked":"SKIP","floor":19},{"not_picked":["Rampage","Combust","Blood for Blood"],"picked":"SKIP","floor":24},{"not_picked":["Reckless Charge","Combust","Searing Blow"],"picked":"SKIP","floor":27},{"not_picked":["Rampage","Armaments","Flex"],"picked":"SKIP","floor":29},{"not_picked":["Whirlwind","Warcry+1","Infernal Blade"],"picked":"SKIP","floor":30},{"not_picked":["Warcry","Shrug It Off"],"picked":"Offering","floor":31},{"not_picked":["Berserk","Brutality"],"picked":"Reaper","floor":33},{"not_picked":["Spot Weakness+1","Flex"],"picked":"Twin Strike","floor":35},{"not_picked":["Heavy Blade","Fire Breathing"],"picked":"Twin Strike+1","floor":37},{"not_picked":["Finesse","Panacea"],"picked":"Trip","floor":38},{"not_picked":["Clash","Warcry+1"],"picked":"Sword Boomerang+1","floor":41},{"not_picked":["Power Through","Armaments"],"picked":"Whirlwind+1","floor":44},{"not_picked":["Pommel Strike","Iron Wave+1","Flex"],"picked":"SKIP","floor":46},{"not_picked":["Hemokinesis","Rampage+1"],"picked":"Twin Strike","floor":48}],"player_experience":645131,"relics_obtained":[{"floor":6,"key":"Kunai"},{"floor":8,"key":"Ancient Tea Set"},{"floor":9,"key":"Happy Flower"},{"floor":13,"key":"Red Skull"},{"floor":24,"key":"Tiny Chest"},{"floor":26,"key":"MawBank"},{"floor":31,"key":"Red Mask"},{"floor":37,"key":"Magic Flower"},{"floor":41,"key":"Bronze Scales"},{"floor":43,"key":"Art of War"}],"event_choices":[{"damage_healed":0,"gold_gain":150,"player_choice":"AGREE","damage_taken":0,"max_hp_gain":0,"max_hp_loss":0,"event_name":"Liars Game","floor":4,"gold_loss":0,"cards_obtained":["Doubt"]},{"damage_healed":0,"gold_gain":0,"player_choice":"Take Damage","damage_taken":26,"relics_obtained":["Golden Idol"],"max_hp_gain":0,"max_hp_loss":0,"event_name":"Golden Idol","floor":5,"gold_loss":0},{"damage_healed":0,"gold_gain":0,"player_choice":"Ignored","damage_taken":0,"max_hp_gain":0,"max_hp_loss":0,"event_name":"Vampires","floor":20,"gold_loss":0},{"damage_healed":0,"gold_gain":0,"player_choice":"Opened","damage_taken":0,"relics_obtained":["Thread and Needle"],"max_hp_gain":0,"max_hp_loss":0,"event_name":"The Mausoleum","floor":21,"gold_loss":0,"cards_obtained":["Writhe"]},{"damage_healed":0,"gold_gain":0,"player_choice":"Stole Relic","damage_taken":0,"relics_obtained":["Potion Belt"],"max_hp_gain":0,"max_hp_loss":0,"event_name":"Addict","floor":22,"gold_loss":0,"cards_obtained":["Shame"]},{"damage_healed":0,"gold_gain":0,"player_choice":"Fought Bandits","damage_taken":0,"max_hp_gain":0,"max_hp_loss":0,"event_name":"Masked Bandits","floor":31,"gold_loss":0},{"damage_healed":0,"gold_gain":0,"player_choice":"Fight","damage_taken":0,"max_hp_gain":0,"max_hp_loss":0,"event_name":"MindBloom","floor":37,"gold_loss":0},{"damage_healed":0,"gold_gain":0,"player_choice":"Memory 1","damage_taken":0,"max_hp_gain":0,"max_hp_loss":0,"event_name":"SensoryStone","floor":38,"gold_loss":0},{"damage_healed":0,"gold_gain":222,"player_choice":"Wore Mask","damage_taken":0,"max_hp_gain":0,"max_hp_loss":0,"event_name":"Tomb of Lord Red Mask","floor":39,"gold_loss":0},{"damage_healed":0,"gold_gain":0,"player_choice":"Embrace Madness","damage_taken":14,"max_hp_gain":0,"max_hp_loss":0,"event_name":"Winding Halls","floor":45,"gold_loss":0,"cards_obtained":["Madness","Madness"]}],"is_beta":true,"boss_relics":[{"not_picked":["Velvet Choker","Runic Pyramid"],"picked":"Astrolabe"},{"not_picked":["Runic Dome","Lizard Tail"],"picked":"Mark of Pain"}],"items_purged_floors":[10,25,28,47],"is_endless":false,"potions_floor_spawned":[3,11,12,16,18,27,29,30,31,37,44],"killed_by":"Time Eater","ascension_level":15}