{"gold_per_floor":[111,36,36,52,72,102,102,132,132,132,132,144,169,196,196,299,299,313,332,43,58,58,86,86,97,97,111,111,131,147,62,62,159,159,171,0,0,0,14,14,14,40,66,66,76,76,105,116,116,116],"floor_reached":50,"playtime":14848,"items_purged":["Strike_R","Strike_R"],"score":592,"play_id":"fa2eb5c2-ae6f-4567-a377-4169186a4682","local_time":"20190206195724","is_ascension_mode":true,"campfire_choices":[{"floor":7.0,"key":"REST"},{"floor":11.0,"key":"REST"},{"floor":15.0,"key":"RECALL"},{"floor":24.0,"key":"REST"},{"floor":28.0,"key":"REST"},{"floor":32.0,"key":"REST"},{"data":"Rupture","floor":40.0,"key":"SMITH"},{"data":"Barricade","floor":44.0,"key":"SMITH"},{"data":"Rage","floor":46.0,"key":"SMITH"},{"floor":49.0,"key":"REST"}],"neow_cost":"PERCENT_DAMAGE","seed_source_timestamp":0,"circlet_count":0,"master_deck":["Strike_R","Strike_R","Defend_R","Defend_R","Defend_R","Bash","Armaments+1","Reckless Charge+1","Infernal Blade+1","Anger","Combust+1","Pummel","Reaper","Rupture+1","Barricade+1","Rage+1","Whirlwind","Juggernaut","Brutality","Iron Wave+1","Iron Wave+1","Brutality","Bludgeon+1","Burning Pact+1","Cleave+1","Uppercut+1","Writhe","Dual Wield+1","Anger+1","Combust","Inflame"],"special_seed":0,"relics":["Burning Blood","Bottled Flame","Blood Vial","War Paint","Bag of Preparation","Runic Cube","Centennial Puzzle","Molten Egg 2","Magic Flower","Bottled Tornado","Strawberry","Astrolabe","Red Mask","Red Skull","Omamori","Smiling Mask"],"potions_floor_usage":[50],"damage_taken":[{"damage":3.0,"enemies":"2 Louse","floor":1.0,"turns":4.0},{"damage":7.0,"enemies":"Small Slimes","floor":4.0,"turns":4.0},{"damage":8.0,"enemies":"Jaw Worm","floor":5.0,"turns":4.0},{"damage":21.0,"enemies":"Lagavulin","floor":6.0,"turns":5.0},{"damage":26.0,"enemies":"Gremlin Nob","floor":8.0,"turns":4.0},{"damage":13.0,"enemies":"Gremlin Gang","floor":12.0,"turns":4.0},{"damage":12.0,"enemies":"3 Sentries","floor":13.0,"turns":5.0},{"damage":53.0,"enemies":"The Guardian","floor":16.0,"turns":10.0},{"damage":3.0,"enemies":"Chosen","floor":18.0,"turns":6.0},{"damage":14.0,"enemies":"3 Byrds","floor":19.0,"turns":4.0},{"damage":23.0,"enemies":"Shelled Parasite and Fungi","floor":21.0,"turns":5.0},{"damage":28.0,"enemies":"Gremlin Leader","floor":23.0,"turns":5.0},{"damage":18.0,"enemies":"Centurion and Healer","floor":25.0,"turns":6.0},{"damage":25.0,"enemies":"Sentry and Sphere","floor":27.0,"turns":5.0},{"damage":25.0,"enemies":"Shelled Parasite and Fungi","floor":29.0,"turns":4.0},{"damage":32.0,"enemies":"Snecko","floor":30.0,"turns":5.0},{"damage":52.0,"enemies":"Champ","floor":33.0,"turns":8.0},{"damage":19.0,"enemies":"Orb Walker","floor":35.0,"turns":4.0},{"damage":10.0,"enemies":"3 Shapes","floor":39.0,"turns":4.0},{"damage":37.0,"enemies":"Giant Head","floor":42.0,"turns":7.0},{"damage":20.0,"enemies":"Sphere and 2 Shapes","floor":45.0,"turns":4.0},{"damage":34.0,"enemies":"Reptomancer","floor":47.0,"turns":4.0},{"damage":19.0,"enemies":"3 Darklings","floor":48.0,"turns":4.0},{"damage":143,"enemies":"Awakened One","floor":50,"turns":11}],"seed_played":"7727693297013564836","potions_obtained":[{"floor":4.0,"key":"Fire Potion"},{"floor":5.0,"key":"SteroidPotion"},{"floor":8.0,"key":"Block Potion"},{"floor":12.0,"key":"Fire Potion"},{"floor":13.0,"key":"Poison Potion"},{"floor":19.0,"key":"Block Potion"},{"floor":21.0,"key":"Block Potion"},{"floor":25.0,"key":"Ancient Potion"},{"floor":30.0,"key":"SteroidPotion"},{"floor":33.0,"key":"Dexterity Potion"},{"floor":35.0,"key":"Swift Potion"},{"floor":42.0,"key":"AttackPotion"},{"floor":47.0,"key":"SmokeBomb"},{"floor":48.0,"key":"BloodPotion"}],"is_trial":false,"path_per_floor":["M","$","?","M","M","E","R","E","T","?","R","M","E","T","R","B",null,"M","M","$","M","T","E","R","M","T","M","R","M","M","?","R","B",null,"M","?","?","?","M","R","$","E","T","R","M","R","E","M","R","B"],"character_chosen":"IRONCLAD","items_purchased":["Centennial Puzzle","Rage"],"campfire_rested":6,"item_purchase_floors":[20,20],"current_hp_per_floor":[75,75,75,74,72,57,85,65,65,46,74,69,75,75,75,39,96,96,94,94,79,79,59,87,81,81,68,96,94,73,80,103,60,103,93,93,93,103,102,102,102,103,103,103,92,92,70,78,103,0],"gold":116,"neow_bonus":"TWENTY_PERCENT_HP_BONUS","is_prod":false,"is_daily":false,"chose_seed":false,"campfire_upgraded":3,"win_rate":0,"timestamp":1549479444,"path_taken":["M","$","?","M","M","E","R","E","T","?","R","M","E","?","R","BOSS","M","?","?","M","?","E","R","M","T","M","R","M","M","?","R","BOSS","M","?","?","?","M","R","?","E","T","R","M","R","E","M","R","BOSS"],"build_version":"2019-01-23","purchased_purges":2,"victory":false,"max_hp_per_floor":[96,96,96,96,96,96,96,96,96,96,96,96,96,96,96,96,96,96,96,96,96,96,96,96,96,96,96,96,96,96,103,103,103,103,103,103,103,103,103,103,103,103,103,103,103,103,103,103,103,103],"card_choices":[{"not_picked":["True Grit","Thunderclap"],"picked":"Armaments","floor":1.0},{"not_picked":["Iron Wave","Wild Strike"],"picked":"Infernal Blade","floor":4.0},{"not_picked":["Second Wind","Heavy Blade"],"picked":"Anger","floor":5.0},{"not_picked":["Body Slam","Heavy Blade"],"picked":"Combust","floor":6.0},{"not_picked":["Heavy Blade","Flex"],"picked":"Pummel","floor":8.0},{"not_picked":["Searing Blow","Warcry"],"picked":"Reaper","floor":12.0},{"not_picked":["Demon Form","Rage"],"picked":"Rupture","floor":13.0},{"not_picked":["Dark Embrace","Berserk"],"picked":"Barricade","floor":16.0},{"not_picked":["Cleave","Warcry"],"picked":"Headbutt","floor":18.0},{"not_picked":["Cleave+1","Dropkick"],"picked":"Warcry","floor":19.0},{"not_picked":["Body Slam","Thunderclap"],"picked":"Whirlwind","floor":21.0},{"not_picked":["Berserk","Infernal Blade+1"],"picked":"Juggernaut","floor":23.0},{"not_picked":["Sword Boomerang+1","Perfected Strike+1"],"picked":"Flex+1","floor":25.0},{"not_picked":["Pommel Strike+1","Seeing Red"],"picked":"Brutality","floor":27.0},{"not_picked":["Wild Strike+1","Twin Strike+1"],"picked":"Iron Wave+1","floor":29.0},{"not_picked":["Perfected Strike+1","Burning Pact+1"],"picked":"Iron Wave+1","floor":30.0},{"not_picked":["Bludgeon+1","Barricade"],"picked":"Brutality","floor":33.0},{"not_picked":["Iron Wave+1","Twin Strike+1"],"picked":"Uppercut+1","floor":35.0},{"not_picked":["Sword Boomerang+1","Dropkick+1","Thunderclap+1"],"picked":"SKIP","floor":39.0},{"not_picked":["Burning Pact","Brutality"],"picked":"Dual Wield+1","floor":42.0},{"not_picked":["Uppercut+1","Burning Pact+1"],"picked":"Anger+1","floor":45.0},{"not_picked":["Blood for Blood+1","Wild Strike+1"],"picked":"Combust","floor":47.0},{"not_picked":["Feel No Pain","Iron Wave+1"],"picked":"Inflame","floor":48.0}],"player_experience":176669,"relics_obtained":[{"floor":6.0,"key":"Bottled Flame"},{"floor":8.0,"key":"Blood Vial"},{"floor":13.0,"key":"War Paint"},{"floor":14.0,"key":"Bag of Preparation"},{"floor":22.0,"key":"Molten Egg 2"},{"floor":23.0,"key":"Magic Flower"},{"floor":26.0,"key":"Bottled Tornado"},{"floor":42.0,"key":"Red Skull"},{"floor":43.0,"key":"Omamori"},{"floor":47.0,"key":"Smiling Mask"}],"event_choices":[{"damage_healed":0.0,"max_hp_gain":0.0,"max_hp_loss":0.0,"gold_gain":0.0,"cards_transformed":["Defend_R"],"event_name":"Living Wall","player_choice":"Change","floor":3.0,"gold_loss":0.0,"damage_taken":0.0,"cards_obtained":["Reckless Charge"]},{"damage_healed":0.0,"max_hp_gain":0.0,"max_hp_loss":0.0,"gold_gain":0.0,"event_name":"Shining Light","player_choice":"Entered Light","floor":10.0,"gold_loss":0.0,"damage_taken":19.0,"cards_upgraded":["Reckless Charge","Combust"]},{"damage_healed":0.0,"max_hp_gain":0.0,"max_hp_loss":0.0,"gold_gain":0.0,"event_name":"Addict","player_choice":"Obtained Relic","floor":31.0,"gold_loss":85.0,"damage_taken":0.0,"relics_obtained":["Strawberry"]},{"damage_healed":0.0,"max_hp_gain":0.0,"max_hp_loss":0.0,"gold_gain":0.0,"event_name":"Tomb of Lord Red Mask","player_choice":"Paid","floor":36.0,"gold_loss":171.0,"damage_taken":0.0,"relics_obtained":["Red Mask"]},{"cards_removed":["Flex"],"damage_healed":0.0,"max_hp_gain":0.0,"max_hp_loss":0.0,"gold_gain":0.0,"event_name":"Falling","player_choice":"Removed Skill","floor":37.0,"gold_loss":0.0,"damage_taken":0.0},{"damage_healed":26.0,"max_hp_gain":0.0,"max_hp_loss":0.0,"gold_gain":0.0,"event_name":"Winding Halls","player_choice":"Writhe","floor":38.0,"gold_loss":0.0,"damage_taken":0.0,"cards_obtained":["Writhe"]}],"is_beta":false,"boss_relics":[{"not_picked":["Black Blood","Philosopher\u0027s Stone"],"picked":"Runic Cube"},{"not_picked":["Pandora\u0027s Box","Busted Crown"],"picked":"Astrolabe"}],"items_purged_floors":[2,20],"is_endless":false,"potions_floor_spawned":[4,5,8,12,13,19,21,25,30,33,35,42,47,48],"killed_by":"Awakened One","ascension_level":1}