{"gold_per_floor":[113,132,132,142,44,44,78,93,148,148,161,161,174,46,46,143,143,161,173,173,173,191,191],"floor_reached":23,"playtime":1442,"items_purged":["Strike_B"],"score":237,"play_id":"aa927d3b-ac6f-49dc-89ba-39d81ae9ee54","local_time":"20181104043713","is_ascension_mode":true,"campfire_choices":[{"data":"Defragment","floor":6,"key":"SMITH"},{"floor":10,"key":"REST"},{"floor":15,"key":"REST"}],"neow_cost":"TEN_PERCENT_HP_LOSS","seed_source_timestamp":309741974566845,"circlet_count":0,"master_deck":["Defend_B","Defend_B","Defend_B","Zap","Dualcast","Panacea","Secret Technique","Auto Shields","Sweeping Beam","Defragment+1","Hologram","Streamline","Steam","Steam","Storm","Steam","Defragment","Creative AI","Heatsinks+1","Thunder Strike+1","Force Field+1","Steam","Hologram+1","Turbo"],"relics":["Cracked Core","Pantograph","Lantern","Astrolabe","GremlinMask"],"potions_floor_usage":[11,16,23,23,23],"damage_taken":[{"damage":12,"enemies":"Small Slimes","floor":1,"turns":2},{"damage":1,"enemies":"Cultist","floor":2,"turns":3},{"damage":1,"enemies":"Jaw Worm","floor":4,"turns":3},{"damage":36,"enemies":"3 Sentries","floor":7,"turns":6},{"damage":13,"enemies":"Lots of Slimes","floor":8,"turns":3},{"damage":5,"enemies":"Exordium Thugs","floor":11,"turns":5},{"damage":11,"enemies":"Gremlin Gang","floor":13,"turns":4},{"damage":21,"enemies":"The Guardian","floor":16,"turns":10},{"damage":25,"enemies":"Spheric Guardian","floor":18,"turns":5},{"damage":20,"enemies":"Chosen","floor":19,"turns":7},{"damage":22,"enemies":"Snecko","floor":22,"turns":5},{"damage":5,"enemies":"Snake Plant","floor":23,"turns":1}],"seed_played":"3007991269896452250","potions_obtained":[{"floor":4,"key":"Ancient Potion"},{"floor":7,"key":"Weak Potion"},{"floor":13,"key":"LiquidBronze"},{"floor":16,"key":"LiquidBronze"},{"floor":19,"key":"Dexterity Potion"},{"floor":22,"key":"Ancient Potion"}],"is_trial":false,"path_per_floor":["M","M","?","M","$","R","E","M","T","R","M","?","M","$","R","B",null,"M","M","$","?","M","M"],"character_chosen":"DEFECT","items_purchased":["Streamline","Defragment","SkillPotion"],"campfire_rested":2,"item_purchase_floors":[5,14,14],"current_hp_per_floor":[56,55,55,54,54,54,18,5,5,25,20,20,9,9,29,33,68,43,23,23,23,1,0],"gold":191,"neow_bonus":"RANDOM_COLORLESS_2","is_prod":false,"is_daily":false,"chose_seed":false,"campfire_upgraded":1,"win_rate":0,"timestamp":1541324233,"path_taken":["M","M","?","M","?","R","E","M","T","R","?","?","?","$","R","BOSS","M","M","$","?","M","?"],"build_version":"2018-11-01","purchased_purges":1,"victory":false,"max_hp_per_floor":[68,68,68,68,68,68,68,68,68,68,68,68,68,68,68,68,68,68,68,68,68,68,68],"card_choices":[{"not_picked":["Ball Lightning","Beam Cell"],"picked":"Auto Shields","floor":1},{"not_picked":["Hologram","Lockon"],"picked":"Sweeping Beam","floor":2},{"not_picked":["Coolheaded","Stack"],"picked":"Hologram","floor":4},{"not_picked":["All For One","Beam Cell"],"picked":"Steam","floor":7},{"not_picked":["Fusion","Beam Cell"],"picked":"Steam","floor":8},{"not_picked":["Leap","Redo"],"picked":"Storm","floor":11},{"not_picked":["Chill","Leap"],"picked":"Steam","floor":13},{"not_picked":["Buffer","Meteor Strike"],"picked":"Creative AI","floor":16},{"not_picked":["FTL","Sweeping Beam"],"picked":"Steam","floor":18},{"not_picked":["Beam Cell","Scrape"],"picked":"Hologram+1","floor":19},{"not_picked":["Coolheaded","Sweeping Beam"],"picked":"Turbo","floor":22}],"player_experience":226958,"relics_obtained":[{"floor":7,"key":"Pantograph"},{"floor":9,"key":"Lantern"}],"event_choices":[{"damage_healed":0,"gold_gain":0,"player_choice":"1 cards matched","damage_taken":0,"max_hp_gain":0,"max_hp_loss":0,"event_name":"Match and Keep!","floor":3,"gold_loss":0,"cards_obtained":["Defragment"]},{"cards_removed":["Strike_B"],"damage_healed":0,"gold_gain":0,"player_choice":"Purged","damage_taken":0,"max_hp_gain":0,"max_hp_loss":0,"event_name":"Purifier","floor":12,"gold_loss":0},{"damage_healed":0,"gold_gain":0,"player_choice":"Trade","damage_taken":0,"relics_obtained":["GremlinMask"],"max_hp_gain":0,"max_hp_loss":0,"event_name":"FaceTrader","floor":21,"gold_loss":0}],"is_beta":false,"boss_relics":[{"not_picked":["Cursed Key","Lizard Tail"],"picked":"Astrolabe"}],"items_purged_floors":[5],"is_endless":false,"potions_floor_spawned":[4,7,13,16,19,22],"killed_by":"Snake Plant","ascension_level":2}