{"path_per_floor":["M","$","?","$","?","R","E","R","T","$","M","E","?","M","R","B",null,"M","M","?","?","M","R","E","R","T","M","$","E","R","M","R","B",null,"M","M","M","M","?","R","?","R","T","E","T","$","E","M","R"],"character_chosen":"IRONCLAD","items_purchased":["Battle Trance","Secret Weapon","Omamori"],"gold_per_floor":[111,36,36,36,36,36,65,65,65,15,28,59,59,74,74,170,170,185,199,199,199,212,212,246,246,299,318,2,33,33,45,45,149,149,164,178,193,203,203,203,253,253,253,281,307,101,135,148,148],"floor_reached":50,"campfire_rested":4,"playtime":2816,"current_hp_per_floor":[80,80,80,80,80,80,40,40,40,40,46,28,28,34,58,63,80,68,64,64,48,32,56,31,31,31,31,31,21,60,64,64,11,80,67,71,56,32,32,32,33,72,72,66,66,66,74,74,74],"items_purged":["Defend_R","Defend_R","Strike_R","Defend_R"],"gold":148,"score":547,"play_id":"8c8aaae8-fcfb-49d4-b9c5-72ac3ea73c55","is_prod":false,"is_daily":false,"is_ascension_mode":true,"campfire_upgraded":6,"path_taken":["M","$","?","$","?","R","E","R","T","?","M","E","?","M","R","BOSS","M","M","?","?","?","R","E","R","T","M","$","E","R","?","R","BOSS","M","?","M","?","?","R","?","R","T","E","?","?","E","M","R","BOSS"],"build_version":"2018-02-12-PROD1","purchased_purges":4,"victory":false,"master_deck":["Strike_R","Strike_R","Strike_R+1","Strike_R","Bash+1","Heavy Blade+1","Twin Strike","Double Tap+1","Rampage+1","Inflame+1","Necronomicurse","Pummel+1","Battle Trance","Secret Weapon","Flex","Twin Strike+1","Flex+1","Seeing Red+1"],"max_hp_per_floor":[80,80,80,80,80,80,80,80,80,80,80,80,80,80,80,80,80,80,80,80,80,80,80,80,80,80,80,80,80,80,80,80,80,80,80,80,80,80,80,80,80,80,80,80,80,80,80,80,80],"relics":["Burning Blood","Smiling Mask","Orichalcum","Blood Vial","Black Star","Necronomicon","Regal Pillow","Bag of Marbles","Bag of Preparation","Toolbox","Bottled Tornado","Mark of Pain","Shovel","Pen Nib","Letter Opener","Vajra","Omamori","Kunai","Matryoshka"],"card_choices":[{"not_picked":["Barricade","True Grit"],"picked":"Heavy Blade"},{"not_picked":["Burning Pact","Feed"],"picked":"Twin Strike"},{"not_picked":["Brutality","Fiend Fire"],"picked":"Double Tap"},{"not_picked":["Perfected Strike","Corruption"],"picked":"Rampage"},{"not_picked":["True Grit","Thunderclap"],"picked":"Pummel"},{"not_picked":["Iron Wave","Sever Soul"],"picked":"Flex"},{"not_picked":["Clash","Cleave"],"picked":"Twin Strike"},{"not_picked":["Thunderclap","Spot Weakness"],"picked":"Flex"},{"not_picked":["Intimidate","Shrug It Off"],"picked":"Seeing Red"}],"player_experience":60218,"potions_floor_usage":[14,16,16,16,24,24,27,33,33,50,50],"damage_taken":[{"damage":6,"enemies":"2 Louse","floor":1,"turns":3},{"damage":46,"enemies":"3 Sentries","floor":7,"turns":9},{"damage":0,"enemies":"Small Slimes","floor":11,"turns":3},{"damage":24,"enemies":"Lagavulin","floor":12,"turns":6},{"damage":2,"enemies":"Blue Slaver","floor":14,"turns":3},{"damage":3,"enemies":"Slime Boss","floor":16,"turns":7},{"damage":18,"enemies":"Shell Parasite","floor":18,"turns":5},{"damage":12,"enemies":"3 Byrds","floor":19,"turns":6},{"damage":24,"enemies":"3 Cultists","floor":22,"turns":5},{"damage":33,"enemies":"Slavers","floor":24,"turns":4},{"damage":8,"enemies":"Centurion and Healer","floor":27,"turns":4},{"damage":18,"enemies":"Book of Stabbing","floor":29,"turns":3},{"damage":4,"enemies":"Cultist and Chosen","floor":31,"turns":3},{"damage":64,"enemies":"Champ","floor":33,"turns":7},{"damage":19,"enemies":"3 Shapes","floor":35,"turns":3},{"damage":4,"enemies":"Orb Walker","floor":36,"turns":2},{"damage":23,"enemies":"Maw","floor":37,"turns":4},{"damage":32,"enemies":"4 Shapes","floor":38,"turns":5},{"damage":7,"enemies":"Mysterious Sphere","floor":41,"turns":2},{"damage":14,"enemies":"Giant Head","floor":44,"turns":4},{"damage":0,"enemies":"Nemesis","floor":47,"turns":1},{"damage":8,"enemies":"Sphere and 2 Shapes","floor":48,"turns":2},{"damage":98,"enemies":"Awakened One","floor":50,"turns":6}],"event_choices":[{"event_name":"The Cleric","player_choice":"Leave","floor":3,"damage_taken":0},{"event_name":"Upgrade Shrine","player_choice":"Upgraded","floor":5,"damage_taken":0},{"event_name":"The Lab","player_choice":"Got Potions","floor":13,"damage_taken":0},{"event_name":"The Library","player_choice":"Read","floor":20,"damage_taken":0},{"event_name":"Cursed Tome","player_choice":"Obtained Book","floor":21,"damage_taken":0},{"event_name":"Mysterious Sphere","player_choice":"Fight","floor":41,"damage_taken":0}],"boss_relics":[{"not_picked":["Philosopher\u0027s Stone","Cursed Key"],"picked":"Black Star"},{"not_picked":["Runic Cube","Runic Dome"],"picked":"Mark of Pain"}],"potions_floor_spawned":[7,14,16,19,24,29,31,38,41,44],"seed_played":"6096629168628104164","killed_by":"Awakened One","ascension_level":1,"is_trial":false}