{"gold_per_floor":[110,127,127,302,16,16,42,42,42,57,57,88,106,121,121,225,275,290,307,320,320,320,351,107,107,188,218,218,253,253,168,168,263,263,274,274,287,304,319,319,372,405,405,439,439,290,290,290,290,290,290,290,12,45,45],"floor_reached":55,"playtime":5606,"items_purged":[],"score":878,"play_id":"48d6d040-4352-4e93-a01f-b3d36d6f2e03","local_time":"20190118185729","is_ascension_mode":true,"campfire_choices":[{"data":"Noxious Fumes","floor":6,"key":"SMITH"},{"data":"Poisoned Stab","floor":8,"key":"SMITH"},{"data":"Neutralize","floor":11,"key":"SMITH"},{"floor":15,"key":"REST"},{"data":"Predator","floor":25,"key":"SMITH"},{"floor":30,"key":"REST"},{"data":"Survivor","floor":32,"key":"SMITH"},{"data":"Acrobatics","floor":40,"key":"SMITH"},{"floor":45,"key":"RECALL"},{"data":"Accuracy","floor":47,"key":"SMITH"},{"data":"Dagger Throw","floor":49,"key":"SMITH"},{"data":"Defend_G","floor":52,"key":"SMITH"}],"neow_cost":"NONE","seed_source_timestamp":768721209271645,"circlet_count":0,"master_deck":["Defend_G","Defend_G+1","Defend_G+1","Defend_G","Defend_G","Strike_G","Strike_G","Strike_G","Survivor+1","Neutralize+1","Dagger Throw+1","Acrobatics+1","Noxious Fumes+1","Poisoned Stab+1","Crippling Poison+1","Backflip+1","Storm of Steel+1","Prepared+1","Poisoned Stab+1","Escape Plan+1","Parasite","Predator+1","Dark Shackles+1","Blade Dance+1","Ghostly+1","Ghostly+1","Ghostly+1","Ghostly+1","Ghostly+1","Deadly Poison+1","Adrenaline+1","Setup+1","Backflip+1","Accuracy+1","Blur+1","Madness+1","Madness+1","Infinite Blades","Infinite Blades"],"relics":["Busted Crown","Smiling Mask","Matryoshka","Vajra","PreservedInsect","Toxic Egg 2","Tiny House","Juzu Bracelet","Regal Pillow","Blood Vial","Kunai","Pocketwatch","Singing Bowl","Tough Bandages","Lizard Tail","FossilizedHelix","Strawberry","Bag of Preparation","Happy Flower","DollysMirror","Mummified Hand"],"potions_floor_usage":[13,14,19,20,20,29,55,55,55],"damage_taken":[{"damage":0,"enemies":"Jaw Worm","floor":1,"turns":4},{"damage":0,"enemies":"Small Slimes","floor":2,"turns":3},{"damage":29,"enemies":"3 Sentries","floor":7,"turns":9},{"damage":1,"enemies":"Cultist","floor":10,"turns":3},{"damage":25,"enemies":"Lagavulin","floor":12,"turns":6},{"damage":6,"enemies":"Gremlin Gang","floor":13,"turns":6},{"damage":1,"enemies":"Exordium Thugs","floor":14,"turns":4},{"damage":18,"enemies":"The Guardian","floor":16,"turns":10},{"damage":7,"enemies":"3 Byrds","floor":18,"turns":5},{"damage":10,"enemies":"Shell Parasite","floor":19,"turns":6},{"damage":14,"enemies":"Centurion and Healer","floor":20,"turns":5},{"damage":14,"enemies":"Gremlin Leader","floor":23,"turns":6},{"damage":32,"enemies":"Slavers","floor":27,"turns":4},{"damage":4,"enemies":"Book of Stabbing","floor":29,"turns":5},{"damage":23,"enemies":"Collector","floor":33,"turns":8},{"damage":0,"enemies":"3 Shapes","floor":35,"turns":6},{"damage":0,"enemies":"3 Darklings","floor":37,"turns":5},{"damage":2,"enemies":"Writhing Mass","floor":38,"turns":6},{"damage":11,"enemies":"Jaw Worm Horde","floor":39,"turns":4},{"damage":0,"enemies":"2 Orb Walkers","floor":41,"turns":6},{"damage":2,"enemies":"Reptomancer","floor":42,"turns":5},{"damage":0,"enemies":"Giant Head","floor":44,"turns":7},{"damage":41,"enemies":"Donu and Deca","floor":50,"turns":11},{"damage":0,"enemies":"Shield and Spear","floor":54,"turns":5},{"damage":106,"enemies":"The Heart","floor":55,"turns":11}],"seed_played":"-6066909573732047458","potions_obtained":[{"floor":2,"key":"Dexterity Potion"},{"floor":13,"key":"Explosive Potion"},{"floor":14,"key":"Ancient Potion"},{"floor":16,"key":"GamblersBrew"},{"floor":17,"key":"Fruit Juice"},{"floor":19,"key":"Fire Potion"},{"floor":23,"key":"SmokeBomb"},{"floor":27,"key":"Strength Potion"},{"floor":37,"key":"EntropicBrew"},{"floor":39,"key":"FairyPotion"},{"floor":54,"key":"SpeedPotion"}],"is_trial":false,"path_per_floor":["M","M","?","?","$","R","E","R","T","M","R","E","M","M","R","B",null,"M","M","M","?","?","E","$","R","T","E","?","E","R","?","R","B",null,"M","?","M","M","M","R","?","E","T","E","R","$","R","?","R","B",null,"R","$","E","B"],"character_chosen":"THE_SILENT","items_purchased":["Matryoshka","Noxious Fumes","Regal Pillow","Dark Shackles+1","Accuracy","Blur+1","Infinite Blades","DollysMirror"],"campfire_rested":2,"item_purchase_floors":[5,5,24,24,46,46,53,53],"current_hp_per_floor":[70,70,70,70,70,70,41,41,41,40,40,15,9,8,29,11,75,68,63,49,49,49,35,35,35,35,5,5,3,30,30,30,9,40,42,42,44,44,37,37,39,48,48,50,50,50,50,43,43,4,57,57,57,59,0],"gold":45,"neow_bonus":"BOSS_RELIC","is_prod":false,"is_daily":false,"chose_seed":false,"campfire_upgraded":9,"win_rate":0,"timestamp":1547859449,"path_taken":["M","M","?","?","?","R","E","R","T","M","R","E","?","M","R","BOSS","M","M","?","?","?","E","$","R","T","E","?","E","R","?","R","BOSS","M","?","M","M","M","R","?","E","T","E","R","$","R","?","R","BOSS","R","$","E","BOSS"],"build_version":"2019-01-17v2","purchased_purges":0,"victory":false,"max_hp_per_floor":[70,70,70,70,70,70,70,70,70,70,70,70,70,70,70,70,75,75,80,80,80,80,80,80,80,80,80,40,40,40,40,40,40,40,42,42,44,46,48,48,48,57,57,57,57,57,57,57,57,57,57,57,57,59,59],"card_choices":[{"not_picked":[],"picked":"Dagger Throw","floor":1},{"not_picked":[],"picked":"Acrobatics","floor":2},{"not_picked":[],"picked":"Poisoned Stab","floor":7},{"not_picked":["Setup"],"picked":"SKIP","floor":10},{"not_picked":["Dagger Throw"],"picked":"SKIP","floor":12},{"not_picked":[],"picked":"Crippling Poison+1","floor":13},{"not_picked":[],"picked":"Backflip+1","floor":14},{"not_picked":[],"picked":"Storm of Steel+1","floor":16},{"not_picked":[],"picked":"Prepared+1","floor":18},{"not_picked":[],"picked":"Poisoned Stab+1","floor":19},{"not_picked":[],"picked":"Escape Plan+1","floor":20},{"not_picked":["Dodge and Roll+1"],"picked":"SKIP","floor":23},{"not_picked":[],"picked":"Blade Dance+1","floor":27},{"not_picked":[],"picked":"Deadly Poison+1","floor":29},{"not_picked":[],"picked":"Adrenaline+1","floor":33},{"not_picked":["Crippling Poison+1"],"picked":"Singing Bowl","floor":35},{"not_picked":["Finisher"],"picked":"Singing Bowl","floor":37},{"not_picked":["Flying Knee+1"],"picked":"Singing Bowl","floor":38},{"not_picked":["Bane"],"picked":"Singing Bowl","floor":39},{"not_picked":[],"picked":"Setup+1","floor":41},{"not_picked":["Dodge and Roll+1"],"picked":"Singing Bowl","floor":42},{"not_picked":[],"picked":"Backflip+1","floor":44},{"not_picked":["Die Die Die"],"picked":"Singing Bowl","floor":54}],"player_experience":250619,"relics_obtained":[{"floor":7,"key":"Vajra"},{"floor":9,"key":"PreservedInsect"},{"floor":12,"key":"Toxic Egg 2"},{"floor":23,"key":"Juzu Bracelet"},{"floor":26,"key":"Blood Vial"},{"floor":26,"key":"Kunai"},{"floor":27,"key":"Pocketwatch"},{"floor":29,"key":"Singing Bowl"},{"floor":41,"key":"FossilizedHelix"},{"floor":42,"key":"Strawberry"},{"floor":43,"key":"Bag of Preparation"},{"floor":44,"key":"Happy Flower"},{"floor":54,"key":"Mummified Hand"}],"event_choices":[{"damage_healed":0,"gold_gain":0,"player_choice":"Box","damage_taken":0,"relics_obtained":["Smiling Mask"],"max_hp_gain":0,"max_hp_loss":0,"event_name":"Big Fish","floor":3,"gold_loss":0,"cards_obtained":["Regret"]},{"damage_healed":0,"gold_gain":175,"player_choice":"AGREE","damage_taken":0,"max_hp_gain":0,"max_hp_loss":0,"event_name":"Liars Game","floor":4,"gold_loss":0,"cards_obtained":["Doubt"]},{"cards_removed":["Regret"],"damage_healed":0,"gold_gain":0,"player_choice":"Elegance","damage_taken":0,"max_hp_gain":0,"max_hp_loss":0,"event_name":"Back to Basics","floor":21,"gold_loss":0},{"damage_healed":0,"gold_gain":0,"cards_transformed":["Doubt","Strike_G"],"player_choice":"Became Test Subject","damage_taken":0,"max_hp_gain":0,"max_hp_loss":0,"event_name":"Drug Dealer","floor":22,"gold_loss":0,"cards_obtained":["Parasite","Predator"]},{"damage_healed":0,"gold_gain":0,"player_choice":"Became a Ghost","damage_taken":0,"max_hp_gain":0,"max_hp_loss":40,"event_name":"Ghosts","floor":28,"gold_loss":0,"cards_obtained":["Ghostly","Ghostly","Ghostly","Ghostly","Ghostly"]},{"damage_healed":0,"gold_gain":0,"player_choice":"Obtained Relic","damage_taken":0,"relics_obtained":["Tough Bandages"],"max_hp_gain":0,"max_hp_loss":0,"event_name":"Addict","floor":31,"gold_loss":85},{"cards_removed":["Strike_G"],"damage_healed":0,"gold_gain":0,"player_choice":"Removed Attack","damage_taken":0,"max_hp_gain":0,"max_hp_loss":0,"event_name":"Falling","floor":36,"gold_loss":0},{"damage_healed":0,"gold_gain":0,"player_choice":"Fight","damage_taken":0,"max_hp_gain":0,"max_hp_loss":0,"event_name":"Mysterious Sphere","floor":41,"gold_loss":0},{"damage_healed":0,"gold_gain":0,"player_choice":"Embrace Madness","damage_taken":7,"max_hp_gain":0,"max_hp_loss":0,"event_name":"Winding Halls","floor":48,"gold_loss":0,"cards_obtained":["Madness","Madness"]}],"is_beta":false,"boss_relics":[{"not_picked":["Ectoplasm","Orrery"],"picked":"Tiny House"},{"not_picked":["Philosopher\u0027s Stone","Sozu"],"picked":"Lizard Tail"}],"items_purged_floors":[],"is_endless":false,"potions_floor_spawned":[2,13,14,16,19,23,27,37,39,42,54],"killed_by":"The Heart","ascension_level":1}