{"gold_per_floor":[119,135,194,194,219,219,254,267,267,232,232,232,232,256,256,381,381,404,425,425,440,440],"floor_reached":22,"playtime":1906,"items_purged":[],"score":195,"play_id":"4e02bcc0-6959-4ba8-8610-dfce3c2a668e","local_time":"20190131214545","is_ascension_mode":true,"campfire_choices":[{"floor":6,"key":"REST"},{"data":"Cloak And Dagger","floor":13,"key":"SMITH"},{"floor":15,"key":"REST"}],"neow_cost":"NONE","seed_source_timestamp":1135992326276953,"circlet_count":0,"master_deck":["Defend_G","Defend_G","Defend_G","Defend_G","Defend_G","Strike_G","Strike_G","Strike_G","Strike_G","Strike_G","Survivor","Neutralize","Underhanded Strike","Cloak And Dagger+1","Blade Dance","Cloak And Dagger","Prepared","Flying Knee","Die Die Die","Cloak And Dagger+1","Eviscerate+1","Caltrops+1"],"relics":["Ring of the Snake","Snake Skull","Golden Idol","Sundial","Mummified Hand","Mercury Hourglass","StoneCalendar","Black Star","MutagenicStrength"],"potions_floor_usage":[16,16],"damage_taken":[{"damage":2,"enemies":"2 Louse","floor":1,"turns":4},{"damage":0,"enemies":"Small Slimes","floor":2,"turns":5},{"damage":0,"enemies":"Cultist","floor":5,"turns":4},{"damage":29,"enemies":"3 Sentries","floor":7,"turns":11},{"damage":2,"enemies":"Blue Slaver","floor":8,"turns":4},{"damage":1,"enemies":"2 Fungi Beasts","floor":14,"turns":3},{"damage":19,"enemies":"Slime Boss","floor":16,"turns":7},{"damage":26,"enemies":"Spheric Guardian","floor":18,"turns":6},{"damage":8,"enemies":"Chosen","floor":19,"turns":5},{"damage":26,"enemies":"Snecko","floor":21,"turns":5},{"damage":18,"enemies":"Snake Plant","floor":22,"turns":2}],"seed_played":"-5884896120088616538","potions_obtained":[{"floor":7,"key":"SkillPotion"},{"floor":8,"key":"FairyPotion"},{"floor":14,"key":"GamblersBrew"},{"floor":18,"key":"Explosive Potion"}],"is_trial":false,"path_per_floor":["M","M","?","?","M","R","E","M","T","?","T","T","R","M","R","B",null,"M","M","?","M","M"],"character_chosen":"THE_SILENT","items_purchased":[],"campfire_rested":2,"item_purchase_floors":[],"current_hp_per_floor":[68,68,68,51,51,70,41,39,39,56,56,56,56,55,70,51,70,44,36,36,10,0],"gold":440,"neow_bonus":"RANDOM_COMMON_RELIC","is_prod":false,"is_daily":false,"chose_seed":false,"campfire_upgraded":1,"win_rate":0,"timestamp":1548967545,"path_taken":["M","M","?","?","M","R","E","M","T","?","?","?","R","M","R","BOSS","M","M","?","M","M"],"build_version":"2019-01-23","purchased_purges":0,"victory":false,"max_hp_per_floor":[70,70,70,70,70,70,70,70,70,70,70,70,70,70,70,70,70,70,70,70,70,70],"card_choices":[{"not_picked":["Flying Knee","Backflip"],"picked":"Underhanded Strike","floor":1},{"not_picked":["Dodge and Roll","Poisoned Stab"],"picked":"Cloak And Dagger","floor":2},{"not_picked":["Escape Plan","Blur"],"picked":"Blade Dance","floor":5},{"not_picked":["Prepared","Sucker Punch"],"picked":"Cloak And Dagger","floor":7},{"not_picked":["Dagger Spray","Dodge and Roll"],"picked":"Prepared","floor":8},{"not_picked":["Escape Plan","Sucker Punch"],"picked":"Flying Knee","floor":14},{"not_picked":["A Thousand Cuts","Tools of the Trade"],"picked":"Die Die Die","floor":16},{"not_picked":["Backflip","PiercingWail+1"],"picked":"Cloak And Dagger+1","floor":18},{"not_picked":["Underhanded Strike","Well Laid Plans"],"picked":"Eviscerate+1","floor":19},{"not_picked":["Deadly Poison","Prepared"],"picked":"Caltrops+1","floor":21}],"player_experience":35291,"relics_obtained":[{"floor":7,"key":"Sundial"},{"floor":9,"key":"Mummified Hand"},{"floor":11,"key":"Mercury Hourglass"},{"floor":12,"key":"StoneCalendar"}],"event_choices":[{"damage_healed":0,"gold_gain":59,"player_choice":"Gained Gold","damage_taken":0,"max_hp_gain":0,"max_hp_loss":0,"event_name":"Golden Wing","floor":3,"gold_loss":0},{"damage_healed":0,"gold_gain":0,"player_choice":"Take Damage","damage_taken":17,"relics_obtained":["Golden Idol"],"max_hp_gain":0,"max_hp_loss":0,"event_name":"Golden Idol","floor":4,"gold_loss":0},{"damage_healed":17,"gold_gain":0,"player_choice":"Healed","damage_taken":0,"max_hp_gain":0,"max_hp_loss":0,"event_name":"The Cleric","floor":10,"gold_loss":35},{"damage_healed":0,"gold_gain":0,"player_choice":"Inject Mutagens","damage_taken":0,"relics_obtained":["MutagenicStrength"],"max_hp_gain":0,"max_hp_loss":0,"event_name":"Drug Dealer","floor":20,"gold_loss":0}],"is_beta":false,"boss_relics":[{"not_picked":["Busted Crown","Astrolabe"],"picked":"Black Star"}],"items_purged_floors":[],"is_endless":false,"potions_floor_spawned":[7,8,14,18],"killed_by":"Snake Plant","ascension_level":1}