{"gold_per_floor":[117,128,128,146,197,223,238,238,263,263,263,276,319,84,84,209,209,222,222,235,235,249,249,265,265],"floor_reached":25,"playtime":971,"items_purged":["Strike_B"],"score":266,"play_id":"d2bed230-8394-4ad4-bf7e-c1bd7700dbd1","local_time":"20181225150534","is_ascension_mode":true,"campfire_choices":[{"data":"Zap","floor":8,"key":"SMITH"},{"floor":11,"key":"RECALL"},{"data":"Dualcast","floor":15,"key":"SMITH"},{"data":"Loop","floor":23,"key":"SMITH"}],"neow_cost":"NONE","seed_source_timestamp":493215967014030,"circlet_count":0,"master_deck":["Defend_B+1","Defend_B","Defend_B+1","Zap+1","Dualcast+1","Auto Shields+1","Cold Snap","Ball Lightning","Ball Lightning","Loop+1","Seek","Multi-Cast+1","Fusion+1","Seek","Cold Snap+1"],"relics":["Coffee Dripper","Bronze Scales","Orichalcum","Blood Vial","Golden Idol","War Paint","Membership Card","Astrolabe"],"potions_floor_usage":[6,16,20],"damage_taken":[{"damage":0,"enemies":"2 Louse","floor":1,"turns":3},{"damage":7,"enemies":"Jaw Worm","floor":2,"turns":3},{"damage":0,"enemies":"Cultist","floor":4,"turns":4},{"damage":18,"enemies":"Gremlin Nob","floor":6,"turns":5},{"damage":0,"enemies":"3 Louse","floor":7,"turns":2},{"damage":1,"enemies":"Blue Slaver","floor":12,"turns":3},{"damage":2,"enemies":"3 Sentries","floor":13,"turns":5},{"damage":32,"enemies":"Slime Boss","floor":16,"turns":10},{"damage":12,"enemies":"2 Thieves","floor":18,"turns":5},{"damage":0,"enemies":"Spheric Guardian","floor":20,"turns":3},{"damage":21,"enemies":"Shelled Parasite and Fungi","floor":22,"turns":5},{"damage":8,"enemies":"Snecko","floor":24,"turns":4},{"damage":27,"enemies":"Gremlin Leader","floor":25,"turns":4}],"seed_played":"-8520728056082352741","potions_obtained":[{"floor":2,"key":"PowerPotion"},{"floor":4,"key":"FearPotion"},{"floor":13,"key":"Poison Potion"},{"floor":16,"key":"AttackPotion"}],"is_trial":false,"path_per_floor":["M","M","?","M","T","E","M","R","T","?","R","M","E","$","R","B",null,"M","?","M","?","M","R","M","E"],"character_chosen":"DEFECT","items_purchased":["Membership Card"],"campfire_rested":0,"item_purchase_floors":[14],"current_hp_per_floor":[75,68,53,53,53,35,35,35,35,35,35,36,36,36,36,6,53,43,43,45,45,26,26,20,0],"gold":265,"neow_bonus":"BOSS_RELIC","is_prod":false,"is_daily":false,"chose_seed":false,"campfire_upgraded":3,"win_rate":0,"timestamp":1545771934,"path_taken":["M","M","?","M","?","E","?","R","T","?","R","M","E","?","R","BOSS","M","?","M","?","M","R","?","E"],"build_version":"2018-12-20","purchased_purges":1,"victory":false,"max_hp_per_floor":[75,75,75,75,75,75,75,75,75,69,69,69,69,69,69,69,69,69,69,69,69,69,69,69,69],"card_choices":[{"not_picked":["Cold Snap","Loop"],"picked":"Auto Shields","floor":1},{"not_picked":["Stack","Conserve Battery"],"picked":"Cold Snap","floor":2},{"not_picked":["Consume","Chaos"],"picked":"Ball Lightning","floor":4},{"not_picked":["Coolheaded","Recycle"],"picked":"Ball Lightning","floor":6},{"not_picked":["Barrage","Beam Cell","Conserve Battery"],"picked":"SKIP","floor":7},{"not_picked":["All For One","Rebound","Turbo"],"picked":"SKIP","floor":12},{"not_picked":["Go for the Eyes","Lockon"],"picked":"Loop","floor":13},{"not_picked":["Multi-Cast","All For One"],"picked":"Seek","floor":16},{"not_picked":["Stack","Recycle","Storm"],"picked":"SKIP","floor":18},{"not_picked":["Barrage","Scrape+1","Darkness+1"],"picked":"SKIP","floor":20},{"not_picked":["Aggregate","Sweeping Beam+1","Compile Driver"],"picked":"SKIP","floor":22},{"not_picked":["Redo","Rebound+1"],"picked":"Cold Snap+1","floor":24}],"player_experience":91745,"relics_obtained":[{"floor":5,"key":"Bronze Scales"},{"floor":6,"key":"Orichalcum"},{"floor":9,"key":"Blood Vial"},{"floor":13,"key":"War Paint"}],"event_choices":[{"damage_healed":0,"gold_gain":0,"player_choice":"Entered Light","damage_taken":15,"max_hp_gain":0,"max_hp_loss":0,"event_name":"Shining Light","floor":3,"gold_loss":0,"cards_upgraded":["Auto Shields","Strike_B"]},{"damage_healed":0,"gold_gain":0,"player_choice":"Lose Max HP","damage_taken":0,"relics_obtained":["Golden Idol"],"max_hp_gain":0,"max_hp_loss":6,"event_name":"Golden Idol","floor":10,"gold_loss":0},{"damage_healed":0,"gold_gain":0,"cards_transformed":["Aggregate","Strike_B"],"player_choice":"Became Test Subject","damage_taken":0,"max_hp_gain":0,"max_hp_loss":0,"event_name":"Drug Dealer","floor":19,"gold_loss":0,"cards_obtained":["Seek","Multi-Cast"]},{"cards_removed":["Multi-Cast"],"damage_healed":0,"gold_gain":0,"player_choice":"Purged","damage_taken":0,"max_hp_gain":0,"max_hp_loss":0,"event_name":"Purifier","floor":21,"gold_loss":0}],"is_beta":false,"boss_relics":[{"not_picked":["Calling Bell","Tiny House"],"picked":"Astrolabe"}],"items_purged_floors":[14],"is_endless":false,"potions_floor_spawned":[2,4,13,16],"killed_by":"Gremlin Leader","ascension_level":5}