{"gold_per_floor":[110,110,121,137,102,135,154,154,154,183,197,197,372,372,372,372],"floor_reached":16,"playtime":1123,"items_purged":[],"score":165,"play_id":"8ae41829-7aa9-44f7-a96f-f802db09a98f","local_time":"20181230210944","is_ascension_mode":true,"campfire_choices":[{"floor":8,"key":"REST"},{"floor":12,"key":"REST"},{"floor":15,"key":"REST"}],"neow_cost":"NONE","seed_source_timestamp":945508414666258,"circlet_count":0,"master_deck":["AscendersBane","Defend_G","Defend_G+1","Defend_G","Defend_G","Defend_G","Strike_G","Strike_G","Strike_G","Strike_G","Strike_G","Survivor","Neutralize+1","Underhanded Strike","Blur","Flying Knee","Dagger Throw","Quick Slash","Die Die Die","Footwork","Doubt"],"relics":["Fusion Hammer","Blue Candle","Darkstone Periapt","Bottled Lightning"],"potions_floor_usage":[6,16],"damage_taken":[{"damage":2,"enemies":"Small Slimes","floor":1,"turns":6},{"damage":0,"enemies":"2 Louse","floor":3,"turns":3},{"damage":1,"enemies":"Jaw Worm","floor":4,"turns":4},{"damage":31,"enemies":"3 Sentries","floor":6,"turns":13},{"damage":0,"enemies":"Looter","floor":7,"turns":3},{"damage":37,"enemies":"Lagavulin","floor":10,"turns":7},{"damage":10,"enemies":"Gremlin Gang","floor":11,"turns":2},{"damage":64,"enemies":"Hexaghost","floor":16,"turns":18}],"seed_played":"1221209239022729856","potions_obtained":[{"floor":3,"key":"PowerPotion"},{"floor":11,"key":"EssenceOfSteel"}],"is_trial":false,"path_per_floor":["M","?","M","M","?","E","M","R","T","E","M","R","?","T","R","B"],"character_chosen":"THE_SILENT","items_purchased":[],"campfire_rested":3,"item_purchase_floors":[],"current_hp_per_floor":[61,47,47,46,63,32,32,53,53,16,6,27,33,33,55,0],"gold":372,"neow_bonus":"BOSS_RELIC","is_prod":false,"is_daily":false,"chose_seed":false,"campfire_upgraded":0,"win_rate":0,"timestamp":1546204184,"path_taken":["M","?","M","M","?","E","M","R","T","E","M","R","?","?","R","BOSS"],"build_version":"2018-12-20","purchased_purges":0,"victory":false,"max_hp_per_floor":[70,70,70,70,70,70,70,70,70,70,70,70,76,76,76,76],"card_choices":[{"not_picked":["PiercingWail","Prepared"],"picked":"Underhanded Strike","floor":1},{"not_picked":["PiercingWail","Bane"],"picked":"Blur","floor":3},{"not_picked":["Acrobatics","Backflip"],"picked":"Flying Knee","floor":4},{"not_picked":["Cloak And Dagger","PiercingWail"],"picked":"Dagger Throw","floor":6},{"not_picked":["Dodge and Roll","Endless Agony"],"picked":"Quick Slash","floor":7},{"not_picked":["Flying Knee","PiercingWail"],"picked":"Die Die Die","floor":10},{"not_picked":["Infinite Blades","Well Laid Plans"],"picked":"Footwork","floor":11}],"player_experience":1095511,"relics_obtained":[{"floor":6,"key":"Blue Candle"},{"floor":10,"key":"Darkstone Periapt"},{"floor":14,"key":"Bottled Lightning"}],"event_choices":[{"damage_healed":0,"gold_gain":0,"player_choice":"Entered Light","damage_taken":14,"max_hp_gain":0,"max_hp_loss":0,"event_name":"Shining Light","floor":2,"gold_loss":0,"cards_upgraded":["Neutralize","Defend_G"]},{"damage_healed":17,"gold_gain":0,"player_choice":"Healed","damage_taken":0,"max_hp_gain":0,"max_hp_loss":0,"event_name":"The Cleric","floor":5,"gold_loss":35},{"damage_healed":0,"gold_gain":175,"player_choice":"AGREE","damage_taken":0,"max_hp_gain":0,"max_hp_loss":0,"event_name":"Liars Game","floor":13,"gold_loss":0,"cards_obtained":["Doubt"]}],"is_beta":false,"boss_relics":[],"items_purged_floors":[],"is_endless":false,"potions_floor_spawned":[3,11],"killed_by":"Hexaghost","ascension_level":10}