{"gold_per_floor":[115,128,61,72,72,72,83,94,120,120,139,139,139,151,151,256,256,266,266,98,98,73,73,89,107,130,146,146,64,88,9,9,112,112,123,123,136,155,14,14,26,26,26,36,36,56,72,72,72,72],"floor_reached":51,"playtime":4488,"items_purged":["Strike_G"],"score":648,"play_id":"8c6b5bf3-4cd2-42bd-b5eb-814c30671a2d","local_time":"20181002134015","is_ascension_mode":false,"campfire_choices":[{"data":"Neutralize","floor":6,"key":"SMITH"},{"data":"All Out Attack","floor":10,"key":"SMITH"},{"data":"Predator","floor":12,"key":"SMITH"},{"data":"Leg Sweep","floor":15,"key":"SMITH"},{"floor":23,"key":"REST"},{"data":"Noxious Fumes","floor":28,"key":"SMITH"},{"data":"Burst","floor":32,"key":"SMITH"},{"data":"Footwork","floor":40,"key":"SMITH"},{"data":"Footwork","floor":42,"key":"SMITH"},{"floor":45,"key":"REST"},{"floor":49,"key":"REST"}],"neow_cost":"NONE","seed_source_timestamp":1812144514529896,"circlet_count":0,"master_deck":["Defend_G+1","Defend_G","Defend_G+1","Defend_G","Defend_G","Survivor","Neutralize+1","Leg Sweep+1","PiercingWail","Masterful Stab","All Out Attack+1","Dagger Spray","Predator+1","Burst+1","Die Die Die+1","Terror+1","Bullet Time+1","Noxious Fumes+1","Footwork+1","Bane","Deflect+1","Footwork+1","Footwork","Footwork","Deadly Poison","Footwork","Night Terror","Deadly Poison+1","Escape Plan+1","Footwork","Finesse","Backstab+1","Backflip+1"],"relics":["Ring of the Snake","NeowsBlessing","War Paint","Astrolabe","Enchiridion","Anchor","Orichalcum","Cursed Key"],"potions_floor_usage":[11,16,19,19,33,33,41,48,50,50],"damage_taken":[{"damage":0,"enemies":"Cultist","floor":1,"turns":1},{"damage":0,"enemies":"Jaw Worm","floor":2,"turns":1},{"damage":0,"enemies":"2 Louse","floor":4,"turns":1},{"damage":0,"enemies":"2 Fungi Beasts","floor":7,"turns":4},{"damage":2,"enemies":"3 Louse","floor":8,"turns":2},{"damage":0,"enemies":"Exordium Thugs","floor":11,"turns":3},{"damage":0,"enemies":"2 Fungi Beasts","floor":14,"turns":2},{"damage":10,"enemies":"Slime Boss","floor":16,"turns":8},{"damage":7,"enemies":"Shell Parasite","floor":18,"turns":5},{"damage":4,"enemies":"Colosseum Slavers","floor":19,"turns":3},{"damage":13,"enemies":"2 Thieves","floor":22,"turns":5},{"damage":1,"enemies":"Snecko","floor":24,"turns":3},{"damage":0,"enemies":"Chosen and Byrds","floor":25,"turns":4},{"damage":1,"enemies":"Centurion and Healer","floor":27,"turns":7},{"damage":15,"enemies":"Collector","floor":33,"turns":11},{"damage":18,"enemies":"3 Darklings","floor":35,"turns":8},{"damage":3,"enemies":"Orb Walker","floor":37,"turns":4},{"damage":0,"enemies":"4 Shapes","floor":38,"turns":3},{"damage":0,"enemies":"Transient","floor":41,"turns":5},{"damage":18,"enemies":"Sphere and 2 Shapes","floor":44,"turns":7},{"damage":0,"enemies":"Reptomancer","floor":46,"turns":2},{"damage":0,"enemies":"3 Darklings","floor":47,"turns":6},{"damage":0,"enemies":"Giant Head","floor":48,"turns":3},{"damage":25,"enemies":"Time Eater","floor":50,"turns":22}],"seed_played":"-8781058834622705124","potions_obtained":[{"floor":2,"key":"Poison Potion"},{"floor":7,"key":"Weak Potion"},{"floor":8,"key":"Weak Potion"},{"floor":11,"key":"AttackPotion"},{"floor":16,"key":"AttackPotion"},{"floor":22,"key":"Strength Potion"},{"floor":24,"key":"EssenceOfSteel"},{"floor":33,"key":"SteroidPotion"},{"floor":35,"key":"SmokeBomb"},{"floor":37,"key":"PowerPotion"},{"floor":44,"key":"GamblersBrew"}],"is_trial":false,"path_per_floor":["M","M","$","M","?","R","M","M","T","R","M","R","?","M","R","B",null,"M","?","$","?","M","R","M","M","T","M","R","$","T","$","R","B",null,"M","?","M","M","$","R","M","R","T","M","R","M","M","E","R","B"],"character_chosen":"THE_SILENT","items_purchased":["Masterful Stab","Footwork","Bane","Footwork","Deadly Poison","Footwork","Footwork","Finesse"],"campfire_rested":3,"item_purchase_floors":[3,20,20,29,29,31,39,39],"current_hp_per_floor":[70,70,70,70,63,63,63,61,61,61,61,61,66,66,66,56,75,68,64,64,48,35,57,56,56,56,55,55,55,55,55,55,40,75,57,57,54,54,54,54,54,54,54,36,58,58,58,58,75,50],"gold":72,"neow_bonus":"THREE_ENEMY_KILL","is_prod":false,"is_daily":false,"chose_seed":false,"campfire_upgraded":8,"win_rate":0,"timestamp":1538502015,"path_taken":["M","?","?","?","?","R","M","M","T","R","M","R","?","M","R","BOSS","M","?","$","?","?","R","M","?","T","M","R","$","?","?","R","BOSS","M","?","M","M","$","R","M","R","T","M","R","?","M","E","R","BOSS"],"build_version":"2018-09-27","purchased_purges":1,"victory":true,"max_hp_per_floor":[70,70,70,70,70,70,70,70,70,70,70,70,75,75,75,75,75,75,75,75,75,75,75,75,75,75,75,75,75,75,75,75,75,75,75,75,75,75,75,75,75,75,75,75,75,75,75,75,75,75],"card_choices":[{"not_picked":["Dagger Throw","Poisoned Stab"],"picked":"Leg Sweep","floor":1},{"not_picked":["Slice","Bane"],"picked":"PiercingWail","floor":2},{"not_picked":["Sucker Punch","Infinite Blades"],"picked":"All Out Attack","floor":4},{"not_picked":["Infinite Blades","Backflip"],"picked":"Dagger Spray","floor":7},{"not_picked":["Outmaneuver","Calculated Gamble","Deflect"],"picked":"SKIP","floor":8},{"not_picked":["Dodge and Roll","Finisher"],"picked":"Predator","floor":11},{"not_picked":["Underhanded Strike","Quick Slash","Poisoned Stab"],"picked":"SKIP","floor":14},{"not_picked":["Wraith Form v2","Grand Finale"],"picked":"Burst","floor":16},{"not_picked":["Acrobatics","Dagger Spray"],"picked":"Noxious Fumes","floor":18},{"not_picked":["Skewer","Outmaneuver+1","Concentrate"],"picked":"SKIP","floor":22},{"not_picked":["Quick Slash","Blade Dance"],"picked":"Deflect+1","floor":24},{"not_picked":["Caltrops+1","Blade Dance"],"picked":"Footwork","floor":25},{"not_picked":["Dagger Spray","Reflex"],"picked":"Footwork","floor":27},{"not_picked":["Wraith Form v2","Venomology"],"picked":"Night Terror","floor":33},{"not_picked":["Terror","Flechettes+1"],"picked":"Deadly Poison+1","floor":35},{"not_picked":["Cloak And Dagger","Concentrate+1","Bane+1"],"picked":"SKIP","floor":37},{"not_picked":["Riddle With Holes","Infinite Blades"],"picked":"Escape Plan+1","floor":38},{"not_picked":["Dash+1","PiercingWail"],"picked":"Backstab+1","floor":41},{"not_picked":["Bane+1","Slice+1","Prepared"],"picked":"SKIP","floor":44},{"not_picked":["PiercingWail","Deadly Poison"],"picked":"Backflip+1","floor":46},{"not_picked":["Predator+1","Poisoned Stab","Skewer"],"picked":"SKIP","floor":47}],"player_experience":2873844,"relics_obtained":[{"floor":9,"key":"War Paint"},{"floor":21,"key":"Enchiridion"},{"floor":26,"key":"Anchor"},{"floor":30,"key":"Orichalcum"}],"event_choices":[{"event_name":"Golden Wing","player_choice":"Card Removal","floor":5,"damage_taken":0},{"event_name":"Big Fish","player_choice":"Donut","floor":13,"damage_taken":0},{"event_name":"Colosseum","player_choice":"Fight","floor":19,"damage_taken":0},{"event_name":"Colosseum","player_choice":"Fled From Nobs","floor":19,"damage_taken":0},{"event_name":"Cursed Tome","player_choice":"Obtained Book","floor":21,"damage_taken":0},{"event_name":"Mysterious Sphere","player_choice":"Ignore","floor":36,"damage_taken":0}],"is_beta":false,"boss_relics":[{"not_picked":["Ring of the Serpent","Runic Pyramid"],"picked":"Astrolabe"},{"not_picked":["Tiny House","Velvet Choker"],"picked":"Cursed Key"}],"items_purged_floors":[20],"is_endless":false,"potions_floor_spawned":[2,7,8,11,16,22,24,25,33,35,37,44,46],"ascension_level":0}