{"gold_per_floor":[118,128,147,158,108,165,165,175,200,200],"floor_reached":10,"playtime":474,"items_purged":[],"score":81,"play_id":"1afff154-57d1-4727-98b4-ec0d5ddd51a1","local_time":"20181117222943","is_ascension_mode":true,"campfire_choices":[],"neow_cost":"NONE","seed_source_timestamp":246058608541081,"circlet_count":0,"master_deck":["Strike_R","Strike_R","Strike_R","Defend_R","Defend_R","Defend_R","Defend_R","Bash","Blood for Blood","Hemokinesis","Havoc","Cleave","True Grit","Limit Break","Carnage"],"relics":["Burning Blood","Tiny Chest","Pen Nib"],"potions_floor_usage":[6],"damage_taken":[{"damage":2,"enemies":"Jaw Worm","floor":1,"turns":3},{"damage":6,"enemies":"Cultist","floor":2,"turns":4},{"damage":3,"enemies":"Small Slimes","floor":3,"turns":4},{"damage":14,"enemies":"Blue Slaver","floor":4,"turns":4},{"damage":27,"enemies":"Gremlin Nob","floor":6,"turns":4},{"damage":34,"enemies":"Exordium Thugs","floor":8,"turns":5},{"damage":21,"enemies":"Large Slime","floor":10,"turns":3}],"seed_played":"-3071078386792831652","potions_obtained":[{"floor":1,"key":"BloodPotion"},{"floor":3,"key":"Weak Potion"},{"floor":4,"key":"Explosive Potion"}],"is_trial":false,"path_per_floor":["M","M","M","M","?","E","?","M","T","M"],"character_chosen":"IRONCLAD","items_purchased":[],"campfire_rested":0,"item_purchase_floors":[],"current_hp_per_floor":[88,88,88,80,80,59,59,31,31,10],"gold":200,"neow_bonus":"TEN_PERCENT_HP_BONUS","is_prod":false,"is_daily":false,"chose_seed":false,"campfire_upgraded":0,"win_rate":0,"timestamp":1542511783,"path_taken":["M","M","M","M","?","E","?","M","T","M"],"build_version":"2018-11-15","purchased_purges":0,"victory":false,"max_hp_per_floor":[88,88,88,88,88,88,88,88,88,88],"card_choices":[{"not_picked":["Warcry","Pommel Strike"],"picked":"Blood for Blood","floor":1},{"not_picked":["Clothesline","Pommel Strike"],"picked":"Hemokinesis","floor":2},{"not_picked":["Dropkick","Second Wind"],"picked":"Havoc","floor":3},{"not_picked":["Thunderclap","Shrug It Off"],"picked":"Cleave","floor":4},{"not_picked":["Dropkick","Twin Strike"],"picked":"True Grit","floor":6},{"not_picked":["Second Wind","Wild Strike"],"picked":"Carnage","floor":8}],"player_experience":282204,"relics_obtained":[{"floor":6,"key":"Tiny Chest"},{"floor":9,"key":"Pen Nib"}],"event_choices":[{"cards_removed":["Strike_R"],"damage_healed":0,"gold_gain":0,"player_choice":"Card Removal","damage_taken":0,"max_hp_gain":0,"max_hp_loss":0,"event_name":"The Cleric","floor":5,"gold_loss":50},{"damage_healed":0,"gold_gain":0,"cards_transformed":["Strike_R"],"player_choice":"Transformed","damage_taken":0,"max_hp_gain":0,"max_hp_loss":0,"event_name":"Transmorgrifier","floor":7,"gold_loss":0,"cards_obtained":["Limit Break"]}],"is_beta":false,"boss_relics":[],"items_purged_floors":[],"is_endless":false,"potions_floor_spawned":[1,3,4],"killed_by":"Large Slime","ascension_level":3}