{"gold_per_floor":[359,359,16,32,43,74,74,108,108,108,125,155,155,155,155,226,226,241,241,254,204,224,254,254,282,282,282,282,298,46,59,59,137,137,150,200,220,238,238,238,269,269,343,343,343],"floor_reached":45,"playtime":2222,"items_purged":["Decay"],"score":873,"play_id":"105dfb32-ac2c-4072-b6b0-d7052bb2858a","local_time":"20190208034402","is_ascension_mode":true,"campfire_choices":[{"floor":7,"key":"REST"},{"data":"Capacitor","floor":10,"key":"SMITH"},{"floor":15,"key":"REST"},{"floor":24,"key":"REST"},{"floor":27,"key":"REST"},{"floor":28,"key":"REST"},{"data":"Amplify","floor":32,"key":"SMITH"},{"floor":40,"key":"REST"},{"floor":42,"key":"REST"},{"floor":44,"key":"REST"}],"neow_cost":"TEN_PERCENT_HP_LOSS","seed_source_timestamp":2366606087128290,"circlet_count":0,"master_deck":["AscendersBane","Strike_B","Strike_B","Strike_B","Defend_B","Defend_B","Defend_B","Defend_B","Zap+1","Dualcast","Chill","Capacitor+1","Sweeping Beam+1","Compile Driver+1","Ball Lightning+1","Storm","Rip and Tear+1","Sweeping Beam+1","Undo","Creative AI+1","Steam","Stack+1","Glacier","White Noise","Reinforced Body","Amplify+1","Secret Technique","Leap","Machine Learning+1","Conserve Battery","Thunder Strike+1","Parasite"],"relics":["Cracked Core","Molten Egg 2","Mercury Hourglass","Bag of Preparation","Frozen Egg 2","Mummified Hand","WingedGreaves","Emotion Chip","Cursed Key","Pantograph","Dead Branch","The Courier","Nuclear Battery","Anchor","Sundial"],"potions_floor_usage":[6,20,25,35,38],"damage_taken":[{"damage":2,"enemies":"Jaw Worm","floor":1,"turns":3},{"damage":1,"enemies":"Cultist","floor":4,"turns":3},{"damage":5,"enemies":"Small Slimes","floor":5,"turns":2},{"damage":24,"enemies":"Gremlin Nob","floor":6,"turns":4},{"damage":10,"enemies":"Lagavulin","floor":8,"turns":6},{"damage":2,"enemies":"Red Slaver","floor":11,"turns":2},{"damage":16,"enemies":"Gremlin Nob","floor":12,"turns":3},{"damage":13,"enemies":"The Guardian","floor":16,"turns":8},{"damage":0,"enemies":"Spheric Guardian","floor":18,"turns":3},{"damage":2,"enemies":"Shell Parasite","floor":20,"turns":4},{"damage":7,"enemies":"Centurion and Healer","floor":22,"turns":6},{"damage":25,"enemies":"Slavers","floor":23,"turns":6},{"damage":17,"enemies":"Book of Stabbing","floor":25,"turns":6},{"damage":0,"enemies":"Snake Plant","floor":29,"turns":3},{"damage":0,"enemies":"Chosen and Byrds","floor":31,"turns":4},{"damage":49,"enemies":"Collector","floor":33,"turns":9},{"damage":6,"enemies":"3 Darklings","floor":35,"turns":4},{"damage":0,"enemies":"Orb Walker","floor":37,"turns":4},{"damage":24,"enemies":"3 Darklings","floor":38,"turns":4},{"damage":14,"enemies":"Nemesis","floor":41,"turns":5},{"damage":61,"enemies":"Reptomancer","floor":45,"turns":5}],"seed_played":"2248129308819316724","potions_obtained":[{"floor":1,"key":"LiquidBronze"},{"floor":4,"key":"Weak Potion"},{"floor":8,"key":"FearPotion"},{"floor":18,"key":"EssenceOfSteel"},{"floor":22,"key":"FearPotion"},{"floor":25,"key":"SneckoOil"},{"floor":35,"key":"Weak Potion"}],"is_trial":false,"path_per_floor":["M","?","$","M","M","E","R","E","T","R","M","E","T","?","R","B",null,"M","?","M","?","M","E","R","E","T","R","R","M","$","M","R","B",null,"M","?","M","M","?","R","E","R","T","R","E"],"character_chosen":"DEFECT","items_purchased":["Molten Egg 2","Capacitor","Sweeping Beam+1","Amplify","Secret Technique"],"campfire_rested":8,"item_purchase_floors":[3,3,3,30,30],"current_hp_per_floor":[62,62,62,61,56,32,51,41,41,41,39,23,23,23,42,29,55,55,55,53,53,46,21,40,23,23,42,61,61,61,61,61,15,52,46,40,40,16,16,35,21,40,40,59,0],"gold":343,"neow_bonus":"TWO_FIFTY_GOLD","is_prod":false,"is_daily":false,"chose_seed":false,"campfire_upgraded":2,"win_rate":0,"timestamp":1549615442,"path_taken":["M","?","$","M","M","E","R","E","T","R","?","E","?","?","R","BOSS","M","?","?","?","M","E","R","E","T","R","R","M","$","?","R","BOSS","M","?","?","M","?","R","E","R","T","R","E"],"build_version":"2019-01-23","purchased_purges":1,"victory":false,"max_hp_per_floor":[64,64,64,64,64,64,64,64,64,64,64,64,64,64,64,64,64,64,64,64,64,64,64,64,64,64,64,64,64,64,64,64,64,64,64,64,64,64,64,64,64,64,64,64,64],"card_choices":[{"not_picked":["Compile Driver","Rebound"],"picked":"Chill","floor":1},{"not_picked":["Leap","Heatsinks"],"picked":"Compile Driver+1","floor":4},{"not_picked":["Sweeping Beam+1","Auto Shields"],"picked":"Ball Lightning+1","floor":5},{"not_picked":["Go for the Eyes+1","Chill"],"picked":"Storm","floor":6},{"not_picked":["Multi-Cast","Stack"],"picked":"Rip and Tear+1","floor":8},{"not_picked":["Redo","Turbo"],"picked":"Sweeping Beam+1","floor":11},{"not_picked":["Double Energy","BootSequence"],"picked":"Undo","floor":12},{"not_picked":["All For One+1","Meteor Strike+1"],"picked":"Creative AI+1","floor":16},{"not_picked":["Redo","Compile Driver+1"],"picked":"Steam","floor":18},{"not_picked":["Ball Lightning+1","Gash+1"],"picked":"Stack+1","floor":20},{"not_picked":["Consume","Stack"],"picked":"Glacier","floor":22},{"not_picked":["Fusion","Ball Lightning+1","Multi-Cast"],"picked":"SKIP","floor":23},{"not_picked":["Sunder+1","Compile Driver+1"],"picked":"White Noise","floor":25},{"not_picked":["Conserve Battery","Stack"],"picked":"Reinforced Body","floor":29},{"not_picked":["Steam","Melter+1"],"picked":"Leap","floor":31},{"not_picked":["Core Surge+1","Reboot"],"picked":"Machine Learning+1","floor":33},{"not_picked":["Rebound+1","Cold Snap+1"],"picked":"Conserve Battery","floor":35},{"not_picked":["Beam Cell+1","Redo","Cold Snap+1"],"picked":"SKIP","floor":37},{"not_picked":["Lockon+1","Redo","Sweeping Beam+1"],"picked":"SKIP","floor":38},{"not_picked":["Go for the Eyes+1","Compile Driver+1","Sweeping Beam+1"],"picked":"SKIP","floor":41}],"player_experience":541932,"relics_obtained":[{"floor":6,"key":"Mercury Hourglass"},{"floor":8,"key":"Bag of Preparation"},{"floor":9,"key":"Frozen Egg 2"},{"floor":12,"key":"Mummified Hand"},{"floor":13,"key":"WingedGreaves"},{"floor":23,"key":"Pantograph"},{"floor":25,"key":"Dead Branch"},{"floor":26,"key":"The Courier"},{"floor":41,"key":"Anchor"},{"floor":43,"key":"Sundial"}],"event_choices":[{"damage_healed":0,"gold_gain":0,"player_choice":"Upgraded","damage_taken":0,"max_hp_gain":0,"max_hp_loss":0,"event_name":"Upgrade Shrine","floor":2,"gold_loss":0,"cards_upgraded":["Zap"]},{"damage_healed":0,"gold_gain":0,"player_choice":"Gave Potion","damage_taken":0,"relics_obtained":["Emotion Chip"],"max_hp_gain":0,"max_hp_loss":0,"event_name":"WeMeetAgain","floor":14,"gold_loss":0},{"cards_removed":["Strike_B"],"damage_healed":0,"gold_gain":0,"player_choice":"Purged","damage_taken":0,"max_hp_gain":0,"max_hp_loss":0,"event_name":"Purifier","floor":19,"gold_loss":0},{"damage_healed":0,"gold_gain":0,"player_choice":"Bet on Murderer","damage_taken":0,"max_hp_gain":0,"max_hp_loss":0,"event_name":"The Joust","floor":21,"gold_loss":50},{"damage_healed":0,"gold_gain":50,"player_choice":"Touch","damage_taken":6,"max_hp_gain":0,"max_hp_loss":0,"event_name":"FaceTrader","floor":36,"gold_loss":0},{"damage_healed":0,"gold_gain":0,"player_choice":"1 cards matched","damage_taken":0,"max_hp_gain":0,"max_hp_loss":0,"event_name":"Match and Keep!","floor":39,"gold_loss":0,"cards_obtained":["Thunder Strike"]}],"is_beta":false,"boss_relics":[{"not_picked":["Runic Pyramid","Sozu"],"picked":"Cursed Key"},{"not_picked":["White Beast Statue","Black Star"],"picked":"Nuclear Battery"}],"items_purged_floors":[30],"is_endless":false,"potions_floor_spawned":[1,4,8,12,18,22,25,31,35],"killed_by":"Reptomancer","ascension_level":15}