{"gold_per_floor":[114,114,125,125,139,174,174,174,198,213,213,213,223,254,254,349,349,363,0,0,10,20,20,33,68,68,68,85,104,104,119,119,119],"floor_reached":33,"playtime":1236,"items_purged":["Strike_R"],"score":349,"play_id":"18a6355a-7acc-4666-b434-eca348f67e43","local_time":"20181205205442","is_ascension_mode":true,"campfire_choices":[{"floor":7,"key":"REST"},{"data":"Spot Weakness","floor":11,"key":"SMITH"},{"floor":15,"key":"RECALL"},{"floor":23,"key":"REST"},{"floor":32,"key":"REST"}],"neow_cost":"NONE","seed_source_timestamp":1482245012955300,"circlet_count":0,"master_deck":["Strike_R+1","Strike_R+1","Strike_R+1","Strike_R+1","Defend_R+1","Defend_R+1","Defend_R+1","Defend_R+1","Bash","Thunderclap+1","Headbutt","Immolate","Spot Weakness+1","Impervious","Exhume+1","Cleave","Power Through","Rampage+1"],"relics":["Burning Blood","NeowsBlessing","Sundial","Red Skull","Regal Pillow","Fusion Hammer","Thread and Needle","Art of War","Ancient Tea Set"],"potions_floor_usage":[10,14,16,25,25,25],"damage_taken":[{"damage":0,"enemies":"Jaw Worm","floor":1,"turns":1},{"damage":0,"enemies":"Small Slimes","floor":3,"turns":1},{"damage":0,"enemies":"Cultist","floor":5,"turns":1},{"damage":69,"enemies":"Lagavulin","floor":6,"turns":10},{"damage":9,"enemies":"2 Fungi Beasts","floor":10,"turns":2},{"damage":16,"enemies":"Blue Slaver","floor":13,"turns":3},{"damage":30,"enemies":"3 Sentries","floor":14,"turns":4},{"damage":43,"enemies":"The Guardian","floor":16,"turns":9},{"damage":0,"enemies":"Chosen","floor":18,"turns":3},{"damage":11,"enemies":"Shell Parasite","floor":21,"turns":5},{"damage":3,"enemies":"3 Cultists","floor":22,"turns":4},{"damage":36,"enemies":"Snake Plant","floor":24,"turns":4},{"damage":16,"enemies":"Slavers","floor":25,"turns":3},{"damage":15,"enemies":"Cultist and Chosen","floor":28,"turns":5},{"damage":3,"enemies":"Snecko","floor":29,"turns":4},{"damage":3,"enemies":"Snake Plant","floor":31,"turns":5},{"damage":81,"enemies":"Collector","floor":33,"turns":7}],"seed_played":"3990420873225278173","potions_obtained":[{"floor":1,"key":"Regen Potion"},{"floor":6,"key":"Regen Potion"},{"floor":10,"key":"Poison Potion"},{"floor":14,"key":"Swift Potion"},{"floor":18,"key":"FearPotion"},{"floor":24,"key":"SkillPotion"},{"floor":29,"key":"Block Potion"}],"is_trial":false,"path_per_floor":["M","?","M","?","M","E","R","T","T","M","R","?","M","E","R","B",null,"M","$","?","M","M","R","M","E","T","?","M","M","?","M","R","B"],"character_chosen":"IRONCLAD","items_purchased":["Thread and Needle"],"campfire_rested":3,"item_purchase_floors":[19],"current_hp_per_floor":[80,80,80,80,80,17,41,41,41,43,43,69,59,47,47,10,63,69,69,69,64,67,80,50,40,40,66,57,60,60,63,80,0],"gold":119,"neow_bonus":"THREE_ENEMY_KILL","is_prod":false,"is_daily":false,"chose_seed":false,"campfire_upgraded":1,"win_rate":0,"timestamp":1544039682,"path_taken":["M","?","M","?","M","E","R","?","T","M","R","?","M","E","R","BOSS","M","$","?","M","M","R","?","E","T","?","M","M","?","M","R","BOSS"],"build_version":"2018-11-15","purchased_purges":1,"victory":false,"max_hp_per_floor":[80,80,80,80,80,80,80,80,80,80,80,80,80,80,80,80,80,80,80,80,80,80,80,80,80,80,80,80,80,80,80,80,80],"card_choices":[{"not_picked":["Entrench","Reckless Charge","Second Wind"],"picked":"SKIP","floor":1},{"not_picked":["Wild Strike","Anger"],"picked":"Thunderclap","floor":3},{"not_picked":["Body Slam","Dual Wield"],"picked":"Headbutt","floor":5},{"not_picked":["Havoc","Sentinel"],"picked":"Immolate","floor":6},{"not_picked":["Dropkick","Shockwave"],"picked":"Spot Weakness","floor":10},{"not_picked":["Pommel Strike","Shrug It Off","Thunderclap"],"picked":"SKIP","floor":13},{"not_picked":["Pommel Strike","Twin Strike"],"picked":"Impervious","floor":14},{"not_picked":["Immolate","Fiend Fire"],"picked":"Exhume","floor":16},{"not_picked":["Clash","Sever Soul+1","Searing Blow"],"picked":"SKIP","floor":18},{"not_picked":["Shrug It Off","Pummel"],"picked":"Cleave","floor":21},{"not_picked":["Clash","Corruption","Intimidate"],"picked":"SKIP","floor":22},{"not_picked":["Wild Strike","Twin Strike","Uppercut"],"picked":"SKIP","floor":24},{"not_picked":["Searing Blow","Evolve","Immolate"],"picked":"SKIP","floor":25},{"not_picked":["Metallicize","Second Wind"],"picked":"Power Through","floor":28},{"not_picked":["Shockwave+1","Pummel"],"picked":"Rampage+1","floor":29},{"not_picked":["Body Slam","Heavy Blade","Disarm"],"picked":"SKIP","floor":31}],"player_experience":783892,"relics_obtained":[{"floor":6,"key":"Sundial"},{"floor":8,"key":"Red Skull"},{"floor":14,"key":"Regal Pillow"},{"floor":25,"key":"Art of War"},{"floor":26,"key":"Ancient Tea Set"}],"event_choices":[{"damage_healed":0,"gold_gain":0,"player_choice":"Leave","damage_taken":0,"max_hp_gain":0,"max_hp_loss":0,"event_name":"The Cleric","floor":2,"gold_loss":0},{"damage_healed":0,"gold_gain":0,"player_choice":"Grow","damage_taken":0,"max_hp_gain":0,"max_hp_loss":0,"event_name":"Living Wall","floor":4,"gold_loss":0,"cards_upgraded":["Thunderclap"]},{"damage_healed":26,"gold_gain":0,"player_choice":"Banana","damage_taken":0,"max_hp_gain":0,"max_hp_loss":0,"event_name":"Big Fish","floor":12,"gold_loss":0},{"damage_healed":0,"gold_gain":0,"player_choice":"Upgraded","damage_taken":0,"max_hp_gain":0,"max_hp_loss":0,"event_name":"Upgrade Shrine","floor":20,"gold_loss":0,"cards_upgraded":["Exhume"]},{"damage_healed":26,"gold_gain":0,"player_choice":"Heal","damage_taken":0,"max_hp_gain":0,"max_hp_loss":0,"event_name":"The Library","floor":27,"gold_loss":0},{"damage_healed":0,"gold_gain":0,"player_choice":"Simplicity","damage_taken":0,"max_hp_gain":0,"max_hp_loss":0,"event_name":"Back to Basics","floor":30,"gold_loss":0,"cards_upgraded":["Strike_R","Strike_R","Strike_R","Strike_R","Defend_R","Defend_R","Defend_R","Defend_R"]}],"is_beta":false,"boss_relics":[{"not_picked":["Tiny House","Cursed Key"],"picked":"Fusion Hammer"}],"items_purged_floors":[19],"is_endless":false,"potions_floor_spawned":[1,6,10,14,18,24,29],"killed_by":"Collector","ascension_level":5}