{"gold_per_floor":[361,436,611,16,27,27,53,53,53,69,97,110,76,104,104,203,203,216,216,141,141,141,166,181,181,205,50,65,65,77,90,90,195,195,209,209,225,325,325,354,354,386,411,411,442,459,475,475,475,475],"floor_reached":51,"playtime":2116,"items_purged":["Doubt"],"score":1256,"play_id":"de6b2411-a6f2-4278-8d9f-4864fdebd301","local_time":"20181226033724","is_ascension_mode":true,"campfire_choices":[{"data":"Bash","floor":6,"key":"SMITH"},{"data":"Whirlwind","floor":8,"key":"SMITH"},{"data":"Demon Form","floor":15,"key":"SMITH"},{"floor":25,"key":"REST"},{"floor":29,"key":"REST"},{"data":"J.A.X.","floor":32,"key":"SMITH"},{"data":"Fiend Fire","floor":41,"key":"SMITH"},{"floor":44,"key":"REST"},{"floor":49,"key":"REST"}],"neow_cost":"TEN_PERCENT_HP_LOSS","seed_source_timestamp":206207244762430,"circlet_count":0,"master_deck":["AscendersBane","Strike_R","Strike_R","Defend_R","Defend_R","Defend_R","Bash+1","Anger","Shrug It Off","Fiend Fire+1","Whirlwind+1","Ghostly Armor","Metallicize","Demon Form+1","Warcry","Combust","Carnage","Reaper","Sword Boomerang","J.A.X.+1","Bludgeon","Pommel Strike","Double Tap","Evolve+1","Trip","Spot Weakness","Warcry+1","Battle Trance","Whirlwind+1","Intimidate+1"],"relics":["Burning Blood","Oddly Smooth Stone","Sling","Pear","Meat on the Bone","Matryoshka","Calipers","Empty Cage","Nilry\u0027s Codex","Red Skull","Singing Bowl","Regal Pillow","Boot","Bag of Preparation","Vajra","Mark of Pain","Du-Vu Doll","Omamori","FossilizedHelix","Dream Catcher","Question Card"],"potions_floor_usage":[11,11,23,23,33,33,33,33,40,50,50],"damage_taken":[{"damage":3,"enemies":"Small Slimes","floor":1,"turns":5},{"damage":0,"enemies":"2 Louse","floor":5,"turns":3},{"damage":9,"enemies":"Gremlin Nob","floor":7,"turns":3},{"damage":0,"enemies":"Jaw Worm","floor":10,"turns":3},{"damage":0,"enemies":"Lagavulin","floor":11,"turns":2},{"damage":11,"enemies":"Looter","floor":12,"turns":3},{"damage":22,"enemies":"Gremlin Nob","floor":14,"turns":4},{"damage":37,"enemies":"Slime Boss","floor":16,"turns":4},{"damage":16,"enemies":"3 Byrds","floor":18,"turns":4},{"damage":40,"enemies":"Book of Stabbing","floor":23,"turns":4},{"damage":24,"enemies":"Shell Parasite","floor":24,"turns":6},{"damage":56,"enemies":"Shelled Parasite and Fungi","floor":28,"turns":7},{"damage":33,"enemies":"Snake Plant","floor":30,"turns":4},{"damage":16,"enemies":"Snecko","floor":31,"turns":3},{"damage":74,"enemies":"Champ","floor":33,"turns":8},{"damage":24,"enemies":"3 Darklings","floor":35,"turns":3},{"damage":19,"enemies":"Orb Walker","floor":37,"turns":3},{"damage":5,"enemies":"Mind Bloom Boss Battle","floor":38,"turns":5},{"damage":55,"enemies":"Reptomancer","floor":40,"turns":5},{"damage":54,"enemies":"Nemesis","floor":42,"turns":6},{"damage":65,"enemies":"Reptomancer","floor":45,"turns":5},{"damage":36,"enemies":"3 Darklings","floor":46,"turns":3},{"damage":16,"enemies":"Transient","floor":47,"turns":5},{"damage":83,"enemies":"Donu and Deca","floor":50,"turns":6}],"seed_played":"-7634003566282814574","potions_obtained":[{"floor":7,"key":"Fire Potion"},{"floor":11,"key":"Dexterity Potion"},{"floor":12,"key":"Dexterity Potion"},{"floor":28,"key":"PowerPotion"},{"floor":30,"key":"EntropicBrew"},{"floor":33,"key":"SkillPotion"},{"floor":37,"key":"Ancient Potion"},{"floor":42,"key":"Block Potion"}],"is_trial":false,"path_per_floor":["M","?","?","$","M","R","E","R","T","M","E","M","$","E","R","B",null,"M","?","?","T","?","E","M","R","T","$","M","R","M","M","R","B",null,"M","?","M","?","?","E","R","E","T","R","E","M","M","?","R","B",null],"character_chosen":"IRONCLAD","items_purchased":["Shrug It Off","Oddly Smooth Stone","Sling","Fiend Fire","SteroidPotion","Combust","Vajra"],"campfire_rested":4,"item_purchase_floors":[4,4,4,4,4,13,27],"current_hp_per_floor":[72,61,61,61,67,67,74,74,74,80,82,77,77,61,61,42,72,66,50,50,50,50,28,27,66,66,66,30,70,52,56,56,20,71,59,53,57,60,60,57,57,43,43,86,56,64,66,66,100,79],"gold":475,"neow_bonus":"TWO_FIFTY_GOLD","is_prod":false,"is_daily":false,"chose_seed":false,"campfire_upgraded":5,"win_rate":0,"timestamp":1545813444,"path_taken":["M","?","?","$","M","R","E","R","T","M","E","M","?","E","R","BOSS","M","?","?","?","?","E","M","R","T","?","M","R","M","M","R","BOSS","M","?","M","?","?","E","R","E","T","R","E","?","M","?","R","BOSS"],"build_version":"2018-12-20","purchased_purges":1,"victory":true,"max_hp_per_floor":[72,72,72,72,72,72,82,82,82,82,82,82,82,82,82,82,82,82,82,82,82,82,82,82,82,82,82,84,84,86,88,88,88,88,88,92,92,94,94,94,94,96,96,96,98,100,100,100,100,100],"card_choices":[{"not_picked":["Clothesline","Clash"],"picked":"Anger","floor":1},{"not_picked":["Body Slam","Corruption"],"picked":"Whirlwind","floor":5},{"not_picked":["Flex","Cleave"],"picked":"Ghostly Armor","floor":7},{"not_picked":["Havoc","Perfected Strike"],"picked":"Metallicize","floor":10},{"not_picked":["Pommel Strike","Spot Weakness"],"picked":"Demon Form","floor":11},{"not_picked":["Body Slam","Clash"],"picked":"Warcry","floor":12},{"not_picked":["Wild Strike","Bloodletting"],"picked":"Carnage","floor":14},{"not_picked":["Brutality","Offering"],"picked":"Reaper","floor":16},{"not_picked":["Body Slam","Rage"],"picked":"Sword Boomerang","floor":18},{"not_picked":["Carnage","Second Wind"],"picked":"Bludgeon","floor":23},{"not_picked":["Second Wind","Havoc"],"picked":"Pommel Strike","floor":24},{"not_picked":["Body Slam","Flex","Perfected Strike+1"],"picked":"Singing Bowl","floor":28},{"not_picked":["Reckless Charge","Havoc","Evolve"],"picked":"Singing Bowl","floor":30},{"not_picked":["Wild Strike","Sword Boomerang","Cleave"],"picked":"Singing Bowl","floor":31},{"not_picked":["Immolate","Juggernaut"],"picked":"Double Tap","floor":33},{"not_picked":["Seeing Red+1","Sword Boomerang+1"],"picked":"Evolve+1","floor":35},{"not_picked":["Deep Breath","Purity","Impatience"],"picked":"Singing Bowl","floor":36},{"not_picked":["HandOfGreed","Mayhem","Swift Strike"],"picked":"Singing Bowl","floor":36},{"not_picked":["Metamorphosis","Impatience"],"picked":"Trip","floor":36},{"not_picked":["Rampage+1","Armaments+1"],"picked":"Spot Weakness","floor":37},{"not_picked":["Fire Breathing+1","Sword Boomerang","Thunderclap"],"picked":"Singing Bowl","floor":38},{"not_picked":["Barricade","Thunderclap+1"],"picked":"Warcry+1","floor":40},{"not_picked":["Flex+1","Dual Wield+1","Twin Strike+1"],"picked":"Singing Bowl","floor":42},{"not_picked":["Carnage","Headbutt"],"picked":"Battle Trance","floor":44},{"not_picked":["Armaments","Clothesline","Uppercut+1"],"picked":"Singing Bowl","floor":45},{"not_picked":["Double Tap","Wild Strike+1","Iron Wave+1","Thunderclap"],"picked":"Singing Bowl","floor":46},{"not_picked":["Ghostly Armor+1","Sword Boomerang","Second Wind"],"picked":"Whirlwind+1","floor":47},{"not_picked":["Burning Pact","Perfected Strike","Anger"],"picked":"Intimidate+1","floor":49}],"player_experience":440806,"relics_obtained":[{"floor":7,"key":"Pear"},{"floor":9,"key":"Meat on the Bone"},{"floor":11,"key":"Matryoshka"},{"floor":14,"key":"Calipers"},{"floor":19,"key":"Nilry\u0027s Codex"},{"floor":21,"key":"Red Skull"},{"floor":21,"key":"Singing Bowl"},{"floor":23,"key":"Regal Pillow"},{"floor":26,"key":"Boot"},{"floor":26,"key":"Bag of Preparation"},{"floor":38,"key":"Du-Vu Doll"},{"floor":40,"key":"Omamori"},{"floor":42,"key":"FossilizedHelix"},{"floor":43,"key":"Dream Catcher"},{"floor":45,"key":"Question Card"}],"event_choices":[{"damage_healed":0,"gold_gain":75,"player_choice":"Gather Gold","damage_taken":11,"max_hp_gain":0,"max_hp_loss":0,"event_name":"World of Goop","floor":2,"gold_loss":0},{"damage_healed":0,"gold_gain":175,"player_choice":"AGREE","damage_taken":0,"max_hp_gain":0,"max_hp_loss":0,"event_name":"Liars Game","floor":3,"gold_loss":0,"cards_obtained":["Doubt"]},{"damage_healed":0,"gold_gain":0,"player_choice":"Obtained Book","damage_taken":16,"max_hp_gain":0,"max_hp_loss":0,"event_name":"Cursed Tome","floor":19,"gold_loss":0},{"cards_removed":["Strike_R"],"damage_healed":0,"gold_gain":0,"player_choice":"Gave Gold","damage_taken":0,"max_hp_gain":0,"max_hp_loss":0,"event_name":"Beggar","floor":20,"gold_loss":75},{"damage_healed":0,"gold_gain":0,"player_choice":"Obtain J.A.X.","damage_taken":0,"max_hp_gain":0,"max_hp_loss":0,"event_name":"Drug Dealer","floor":22,"gold_loss":0,"cards_obtained":["J.A.X."]},{"damage_healed":0,"gold_gain":0,"player_choice":"Memory 3","damage_taken":10,"max_hp_gain":0,"max_hp_loss":0,"event_name":"SensoryStone","floor":36,"gold_loss":0},{"damage_healed":0,"gold_gain":0,"player_choice":"Fight","damage_taken":0,"max_hp_gain":0,"max_hp_loss":0,"event_name":"MindBloom","floor":38,"gold_loss":0},{"damage_healed":0,"gold_gain":0,"player_choice":"Ignored","damage_taken":0,"max_hp_gain":0,"max_hp_loss":0,"event_name":"Tomb of Lord Red Mask","floor":39,"gold_loss":0},{"cards_removed":["Defend_R"],"damage_healed":0,"gold_gain":0,"player_choice":"Removed Skill","damage_taken":0,"max_hp_gain":0,"max_hp_loss":0,"event_name":"Falling","floor":48,"gold_loss":0}],"is_beta":false,"boss_relics":[{"not_picked":["Runic Pyramid","Tiny House"],"picked":"Empty Cage"},{"not_picked":["Coffee Dripper","Black Star"],"picked":"Mark of Pain"}],"items_purged_floors":[4],"is_endless":false,"potions_floor_spawned":[7,10,11,12,18,28,30,33,37,42,47],"ascension_level":11}