{"gold_per_floor":[113,132,232,247,247,326,326,346,371,388,388,415,435,450,450,450],"floor_reached":16,"playtime":1401,"items_purged":[],"score":156,"play_id":"8b1e66cf-f537-418a-aeca-ecd8217d93d1","local_time":"20190208193229","is_ascension_mode":true,"campfire_choices":[{"data":"Neutralize","floor":7,"key":"SMITH"},{"data":"Dash","floor":11,"key":"SMITH"},{"data":"Leg Sweep","floor":15,"key":"SMITH"}],"neow_cost":"NONE","seed_source_timestamp":1223978013462718,"circlet_count":0,"master_deck":["AscendersBane","Defend_G","Defend_G","Defend_G","Defend_G","Defend_G","Strike_G","Strike_G","Strike_G","Strike_G","Strike_G","Survivor","Neutralize+1","Leg Sweep+1","Sucker Punch","Dash+1","Reflex","Backflip","Tactician"],"relics":["Coffee Dripper","Bottled Flame","Orichalcum"],"potions_floor_usage":[10,12,16,16],"damage_taken":[{"damage":2,"enemies":"Jaw Worm","floor":1,"turns":5},{"damage":0,"enemies":"Cultist","floor":2,"turns":6},{"damage":0,"enemies":"Small Slimes","floor":4,"turns":5},{"damage":0,"enemies":"Exordium Thugs","floor":8,"turns":4},{"damage":10,"enemies":"Lots of Slimes","floor":10,"turns":5},{"damage":12,"enemies":"Lagavulin","floor":12,"turns":9},{"damage":0,"enemies":"Blue Slaver","floor":13,"turns":5},{"damage":0,"enemies":"3 Louse","floor":14,"turns":3},{"damage":60,"enemies":"Slime Boss","floor":16,"turns":14}],"seed_played":"-8499761899152111869","potions_obtained":[{"floor":1,"key":"Regen Potion"},{"floor":2,"key":"Explosive Potion"},{"floor":4,"key":"Poison Potion"},{"floor":8,"key":"GhostInAJar"},{"floor":13,"key":"LiquidBronze"}],"is_trial":false,"path_per_floor":["M","M","?","M","?","T","R","M","T","M","R","E","M","M","R","B"],"character_chosen":"THE_SILENT","items_purchased":[],"campfire_rested":0,"item_purchase_floors":[],"current_hp_per_floor":[61,61,61,61,66,66,66,66,66,70,70,58,58,58,58,0],"gold":450,"neow_bonus":"BOSS_RELIC","is_prod":false,"is_daily":false,"chose_seed":false,"campfire_upgraded":3,"win_rate":0,"timestamp":1549650749,"path_taken":["M","M","?","?","?","?","R","M","T","M","R","E","?","M","R","BOSS"],"build_version":"2019-01-23","purchased_purges":0,"victory":false,"max_hp_per_floor":[70,70,70,70,75,75,75,75,75,75,75,75,75,75,75,75],"card_choices":[{"not_picked":["All Out Attack","Sucker Punch"],"picked":"Leg Sweep","floor":1},{"not_picked":["Bane","Dagger Spray"],"picked":"Sucker Punch","floor":2},{"not_picked":["Concentrate","Acrobatics"],"picked":"Dash","floor":4},{"not_picked":["Acrobatics","Accuracy"],"picked":"Reflex","floor":8},{"not_picked":["Blade Dance","Quick Slash","Deflect"],"picked":"SKIP","floor":10},{"not_picked":["Setup","Dagger Spray","Outmaneuver"],"picked":"SKIP","floor":12},{"not_picked":["Deflect","Masterful Stab"],"picked":"Backflip","floor":13},{"not_picked":["Distraction","Outmaneuver"],"picked":"Tactician","floor":14}],"player_experience":315267,"relics_obtained":[{"floor":6,"key":"Bottled Flame"},{"floor":12,"key":"Orichalcum"}],"event_choices":[{"damage_healed":0,"gold_gain":100,"player_choice":"Gold","damage_taken":0,"max_hp_gain":0,"max_hp_loss":0,"event_name":"Wheel of Change","floor":3,"gold_loss":0},{"damage_healed":0,"gold_gain":0,"player_choice":"Donut","damage_taken":0,"max_hp_gain":5,"max_hp_loss":0,"event_name":"Big Fish","floor":5,"gold_loss":0}],"is_beta":false,"boss_relics":[],"items_purged_floors":[],"is_endless":false,"potions_floor_spawned":[1,2,4,8,13],"killed_by":"Slime Boss","ascension_level":10}