{"gold_per_floor":[13,28,203,218,236,254,254,266,313,313,331,331,361,373,373,471,471,489,507,71,82,101,132,132,132,214,244,244,270,270,270,270,368,368,384,57,57,75,92,92,92,111,111,111,111,111,124,154,154,154],"floor_reached":51,"playtime":2124,"items_purged":["Doubt"],"score":789,"play_id":"958c296f-949f-4c84-90c2-9831d05dc757","local_time":"20190210204303","is_ascension_mode":false,"campfire_choices":[{"data":"Armaments","floor":7.0,"key":"SMITH"},{"data":"Armaments","floor":10.0,"key":"SMITH"},{"data":"Searing Blow","floor":12.0,"key":"SMITH"},{"data":"Searing Blow+1","floor":15,"key":"SMITH"},{"data":"Searing Blow+2","floor":24,"key":"SMITH"},{"data":"Searing Blow+3","floor":28,"key":"SMITH"},{"data":"Searing Blow+4","floor":30,"key":"SMITH"},{"data":"Searing Blow+5","floor":32,"key":"SMITH"},{"data":"Searing Blow+6","floor":40,"key":"SMITH"},{"data":"Searing Blow+7","floor":41,"key":"SMITH"},{"data":"Searing Blow+8","floor":44,"key":"SMITH"},{"data":"Searing Blow+9","floor":45,"key":"SMITH"},{"data":"Searing Blow+10","floor":46,"key":"SMITH"},{"data":"Searing Blow+11","floor":49,"key":"SMITH"}],"neow_cost":"NO_GOLD","seed_source_timestamp":10310186713392,"circlet_count":0,"master_deck":["Strike_R","Defend_R","Defend_R","Defend_R","Defend_R","Bash","Entrench","Armaments+1","Iron Wave","Body Slam","Armaments+1","Disarm","Searing Blow+12","Flame Barrier","Flame Barrier","Juggernaut","Burning Pact","Shockwave","Metallicize","Armaments","Ghostly Armor","Uppercut","Rampage","Impervious","Second Wind","Iron Wave","Juggernaut","Armaments","Metallicize","Juggernaut","Headbutt","Flame Barrier+1","Headbutt"],"special_seed":0,"relics":["Burning Blood","Ancient Tea Set","Potion Belt","Philosopher\u0027s Stone","Bag of Preparation","Meat on the Bone","Kunai","Anchor","Dodecahedron","Blue Candle","Sozu","WingedGreaves","Mango","Happy Flower"],"potions_floor_usage":[16,16,16,21,27,27,27,50],"damage_taken":[{"damage":5.0,"enemies":"Cultist","floor":1.0,"turns":4.0},{"damage":3.0,"enemies":"Small Slimes","floor":2.0,"turns":5.0},{"damage":4.0,"enemies":"Jaw Worm","floor":4.0,"turns":9.0},{"damage":2.0,"enemies":"3 Louse","floor":5.0,"turns":4.0},{"damage":4.0,"enemies":"Red Slaver","floor":6.0,"turns":5.0},{"damage":2.0,"enemies":"Lots of Slimes","floor":8.0,"turns":7.0},{"damage":0.0,"enemies":"3 Louse","floor":11.0,"turns":5.0},{"damage":18,"enemies":"Lagavulin","floor":13,"turns":9},{"damage":0,"enemies":"Red Slaver","floor":14,"turns":2},{"damage":16,"enemies":"Hexaghost","floor":16,"turns":11},{"damage":16,"enemies":"Spheric Guardian","floor":18,"turns":5},{"damage":22,"enemies":"3 Byrds","floor":19,"turns":4},{"damage":0,"enemies":"Snecko","floor":21,"turns":6},{"damage":15,"enemies":"Snake Plant","floor":22,"turns":4},{"damage":15,"enemies":"Book of Stabbing","floor":23,"turns":6},{"damage":2,"enemies":"Gremlin Leader","floor":27,"turns":8},{"damage":6,"enemies":"Book of Stabbing","floor":29,"turns":6},{"damage":3,"enemies":"Champ","floor":33,"turns":10},{"damage":16,"enemies":"3 Darklings","floor":35,"turns":6},{"damage":3,"enemies":"3 Shapes","floor":38,"turns":6},{"damage":13,"enemies":"Transient","floor":39,"turns":5},{"damage":0,"enemies":"3 Darklings","floor":42,"turns":7},{"damage":11,"enemies":"Spire Growth","floor":47,"turns":5},{"damage":32,"enemies":"Nemesis","floor":48,"turns":5},{"damage":27,"enemies":"Time Eater","floor":50,"turns":9}],"seed_played":"-6377659462435514007","potions_obtained":[{"floor":2.0,"key":"LiquidBronze"},{"floor":4.0,"key":"PowerPotion"},{"floor":5.0,"key":"Ancient Potion"},{"floor":11.0,"key":"Dexterity Potion"},{"floor":13,"key":"Energy Potion"},{"floor":19,"key":"BloodPotion"},{"floor":21,"key":"LiquidBronze"},{"floor":33,"key":"Regen Potion"}],"is_trial":false,"path_per_floor":["M","M","?","M","M","M","R","M","T","R","M","R","E","M","R","B",null,"M","M","$","M","M","E","R","?","T","E","R","E","R","T","R","B",null,"M","$","?","M","M","R","R","M","T","R","R","R","M","E","R","B",null],"character_chosen":"IRONCLAD","items_purchased":["Bag of Preparation","Shockwave","Metallicize","Armaments","SpeedPotion","WingedGreaves","Metallicize"],"campfire_rested":0,"item_purchase_floors":[20,20,20,20,20,36,36],"current_hp_per_floor":[80,80,80,80,80,80,80,80,80,80,80,80,68,74,74,64,80,70,54,54,68,59,50,50,50,50,54,54,54,54,54,54,57,80,70,70,70,73,66,66,66,72,86,86,86,86,81,55,55,61],"gold":154,"neow_bonus":"TRANSFORM_TWO_CARDS","is_prod":false,"is_daily":false,"chose_seed":false,"campfire_upgraded":14,"win_rate":0,"timestamp":1549852983,"path_taken":["M","M","?","M","M","M","R","M","T","R","M","R","E","M","R","BOSS","M","M","$","M","M","E","R","?","T","E","R","E","R","?","R","BOSS","M","$","?","?","M","R","R","M","T","R","R","R","?","E","R","BOSS"],"build_version":"2019-01-23","purchased_purges":1,"victory":true,"max_hp_per_floor":[80,80,80,80,80,80,80,80,80,80,80,80,80,80,80,80,80,80,80,80,80,80,80,80,80,80,80,80,80,80,80,80,80,80,80,80,80,80,80,80,80,80,94,94,94,94,94,94,94,94],"card_choices":[{"not_picked":["Heavy Blade","Clash","Fire Breathing"],"picked":"SKIP","floor":1.0},{"not_picked":["Intimidate","Clash"],"picked":"Iron Wave","floor":2.0},{"not_picked":["Headbutt","Thunderclap"],"picked":"Body Slam","floor":4.0},{"not_picked":["Double Tap","Clash"],"picked":"Armaments","floor":5.0},{"not_picked":["Pommel Strike","Dual Wield"],"picked":"Disarm","floor":6.0},{"not_picked":["Havoc","Flex"],"picked":"Searing Blow","floor":8.0},{"not_picked":["True Grit","Warcry"],"picked":"Flame Barrier","floor":11.0},{"not_picked":["Combust","Cleave"],"picked":"Flame Barrier","floor":13},{"not_picked":["Anger","Thunderclap","Infernal Blade"],"picked":"SKIP","floor":14},{"not_picked":["Double Tap","Feed"],"picked":"Juggernaut","floor":16},{"not_picked":["Wild Strike","Heavy Blade","Perfected Strike"],"picked":"SKIP","floor":18},{"not_picked":["Burning Pact","Warcry","Sword Boomerang"],"picked":"SKIP","floor":19},{"not_picked":["Warcry","Sword Boomerang"],"picked":"Burning Pact","floor":19},{"not_picked":["Heavy Blade","Headbutt","Wild Strike+1"],"picked":"SKIP","floor":21},{"not_picked":["Twin Strike+1","Thunderclap+1"],"picked":"Ghostly Armor","floor":22},{"not_picked":["Berserk","Flex"],"picked":"Uppercut","floor":23},{"not_picked":["Reckless Charge","Clothesline"],"picked":"Second Wind","floor":27},{"not_picked":["Spot Weakness+1","Twin Strike"],"picked":"Iron Wave","floor":29},{"not_picked":["Dark Embrace","Impervious"],"picked":"Juggernaut","floor":33},{"not_picked":["Havoc+1","Wild Strike"],"picked":"Armaments","floor":35},{"not_picked":["Pommel Strike","Spot Weakness"],"picked":"Headbutt","floor":38},{"not_picked":["Shockwave+1","Thunderclap+1"],"picked":"Flame Barrier+1","floor":39},{"not_picked":["Wild Strike","Armaments","Hemokinesis+1"],"picked":"SKIP","floor":42},{"not_picked":["Clothesline+1","Havoc","Flex+1"],"picked":"SKIP","floor":47},{"not_picked":["Sever Soul","Dark Embrace"],"picked":"Headbutt","floor":48}],"player_experience":772150,"relics_obtained":[{"floor":9.0,"key":"Ancient Tea Set"},{"floor":13,"key":"Potion Belt"},{"floor":23,"key":"Meat on the Bone"},{"floor":26,"key":"Kunai"},{"floor":27,"key":"Anchor"},{"floor":29,"key":"Dodecahedron"},{"floor":31,"key":"Blue Candle"},{"floor":43,"key":"Mango"},{"floor":48,"key":"Happy Flower"}],"event_choices":[{"damage_healed":0.0,"max_hp_gain":0.0,"max_hp_loss":0.0,"gold_gain":175.0,"event_name":"Liars Game","player_choice":"AGREE","floor":3.0,"gold_loss":0.0,"damage_taken":0.0,"cards_obtained":["Doubt"]},{"damage_healed":0,"gold_gain":0,"cards_transformed":["Strike_R","Strike_R"],"player_choice":"Became Test Subject","damage_taken":0,"max_hp_gain":0,"max_hp_loss":0,"event_name":"Drug Dealer","floor":25,"gold_loss":0,"cards_obtained":["Rampage","Impervious"]},{"damage_healed":0,"gold_gain":0,"player_choice":"Copied","damage_taken":0,"max_hp_gain":0,"max_hp_loss":0,"event_name":"Duplicator","floor":37,"gold_loss":0,"cards_obtained":["Juggernaut"]}],"is_beta":false,"boss_relics":[{"not_picked":["Runic Cube","Fusion Hammer"],"picked":"Philosopher\u0027s Stone"},{"not_picked":["Velvet Choker","Eternal Feather"],"picked":"Sozu"}],"items_purged_floors":[20],"is_endless":false,"potions_floor_spawned":[2,4,5,11,13,19,21,33,38,42,47],"ascension_level":0}