{"gold_per_floor":[116,129,129,29,29,29,60,60,60,9,9,21,41,41,41,141,141,153,172,172,172,97,97,108,108],"floor_reached":25,"playtime":1514,"items_purged":[],"score":343,"play_id":"610d3c83-9b06-4638-a27b-b210080c6318","local_time":"20190109202438","is_ascension_mode":true,"campfire_choices":[{"data":"Streamline","floor":6,"key":"SMITH"},{"data":"White Noise","floor":8,"key":"SMITH"},{"data":"Dualcast","floor":11,"key":"SMITH"},{"data":"Leap","floor":15,"key":"SMITH"},{"data":"Go for the Eyes","floor":23,"key":"SMITH"}],"neow_cost":"NONE","seed_source_timestamp":34330574143445,"circlet_count":0,"master_deck":["AscendersBane","Strike_B","Strike_B","Strike_B","Strike_B+1","Defend_B","Defend_B","Defend_B","Defend_B","Zap+1","Dualcast+1","Ball Lightning","Go for the Eyes+1","Capacitor","Streamline+1","White Noise+1","Cold Snap","Leap+1","Sweeping Beam","Core Surge","Injury","Shame","Heatsinks","Cold Snap","Ghostly","Ghostly","Ghostly","Ghostly","Ghostly","Decay","Sweeping Beam"],"relics":["Coffee Dripper","Bottled Lightning","Oddly Smooth Stone","Calling Bell","Strawberry","Pantograph","Bird Faced Urn"],"potions_floor_usage":[7,16,16,16,25,25],"damage_taken":[{"damage":11,"enemies":"Small Slimes","floor":1,"turns":4},{"damage":2,"enemies":"Jaw Worm","floor":2,"turns":3},{"damage":30,"enemies":"Lagavulin","floor":7,"turns":5},{"damage":0,"enemies":"Cultist","floor":12,"turns":3},{"damage":3,"enemies":"Blue Slaver","floor":13,"turns":2},{"damage":1,"enemies":"The Guardian","floor":16,"turns":9},{"damage":40,"enemies":"3 Byrds","floor":18,"turns":6},{"damage":33,"enemies":"Shell Parasite","floor":19,"turns":6},{"damage":13,"enemies":"Shelled Parasite and Fungi","floor":24,"turns":8},{"damage":23,"enemies":"Chosen and Byrds","floor":25,"turns":6}],"seed_played":"2252725832091889390","potions_obtained":[{"floor":2,"key":"Ancient Potion"},{"floor":12,"key":"Swift Potion"},{"floor":13,"key":"EntropicBrew"},{"floor":16,"key":"Ancient Potion"},{"floor":24,"key":"PowerPotion"}],"is_trial":false,"path_per_floor":["M","M","?","$","?","R","E","R","T","$","R","M","M","$","R","B",null,"M","M","?","?","?","R","M","M"],"character_chosen":"DEFECT","items_purchased":["Capacitor","Streamline","Cold Snap"],"campfire_rested":0,"item_purchase_floors":[4,4,10],"current_hp_per_floor":[57,55,40,40,40,40,10,10,10,10,10,10,7,7,7,6,65,29,2,2,2,2,2,8,0],"gold":108,"neow_bonus":"BOSS_RELIC","is_prod":false,"is_daily":false,"chose_seed":false,"campfire_upgraded":5,"win_rate":0,"timestamp":1547065478,"path_taken":["M","M","?","$","?","R","E","R","T","?","R","M","M","$","R","BOSS","M","M","?","?","?","R","M","M"],"build_version":"2019-01-03v4","purchased_purges":0,"victory":false,"max_hp_per_floor":[75,75,75,75,75,75,75,75,75,75,75,75,75,75,75,75,82,82,82,41,41,41,41,41,41],"card_choices":[{"not_picked":["Coolheaded","Sweeping Beam"],"picked":"Ball Lightning","floor":1},{"not_picked":["Turbo","Steam Power"],"picked":"Go for the Eyes","floor":2},{"not_picked":["Coolheaded","Force Field"],"picked":"White Noise","floor":7},{"not_picked":["Rebound","Turbo"],"picked":"Leap","floor":12},{"not_picked":["Stack","Skim"],"picked":"Sweeping Beam","floor":13},{"not_picked":["Seek","Amplify"],"picked":"Core Surge","floor":16},{"not_picked":["Double Energy","Gash"],"picked":"Heatsinks","floor":18},{"not_picked":["Gash","Steam"],"picked":"Cold Snap","floor":19},{"not_picked":["Meteor Strike","Streamline"],"picked":"Sweeping Beam","floor":24}],"player_experience":1161838,"relics_obtained":[{"floor":7,"key":"Bottled Lightning"},{"floor":9,"key":"Oddly Smooth Stone"},{"floor":17,"key":"Strawberry"},{"floor":17,"key":"Pantograph"},{"floor":17,"key":"Bird Faced Urn"}],"event_choices":[{"damage_healed":0,"gold_gain":0,"player_choice":"Entered Light","damage_taken":15,"max_hp_gain":0,"max_hp_loss":0,"event_name":"Shining Light","floor":3,"gold_loss":0,"cards_upgraded":["Zap","Strike_B"]},{"damage_healed":0,"gold_gain":0,"player_choice":"Leave","damage_taken":0,"max_hp_gain":0,"max_hp_loss":0,"event_name":"The Cleric","floor":5,"gold_loss":0},{"damage_healed":0,"gold_gain":0,"player_choice":"Became a Ghost","damage_taken":0,"max_hp_gain":0,"max_hp_loss":41,"event_name":"Ghosts","floor":20,"gold_loss":0,"cards_obtained":["Ghostly","Ghostly","Ghostly","Ghostly","Ghostly"]},{"damage_healed":0,"gold_gain":0,"player_choice":"Smashed Altar","damage_taken":0,"max_hp_gain":0,"max_hp_loss":0,"event_name":"Forgotten Altar","floor":21,"gold_loss":0,"cards_obtained":["Decay"]},{"cards_removed":["Pain"],"damage_healed":0,"gold_gain":0,"player_choice":"Gave Gold","damage_taken":0,"max_hp_gain":0,"max_hp_loss":0,"event_name":"Beggar","floor":22,"gold_loss":75}],"is_beta":false,"boss_relics":[{"not_picked":["Runic Dome","Sozu"],"picked":"Calling Bell"}],"items_purged_floors":[],"is_endless":false,"potions_floor_spawned":[2,12,13,16,24],"killed_by":"Chosen and Byrds","ascension_level":12}