{"gold_per_floor":[110,110,130,142,217,217,217,72,120,131,148,148,163,179,179,179],"floor_reached":16,"playtime":920,"items_purged":[],"score":94,"play_id":"a588f55c-2d92-433c-9416-fe2464026128","local_time":"20190128015604","is_ascension_mode":false,"campfire_choices":[{"data":"True Grit","floor":6,"key":"SMITH"},{"floor":12,"key":"REST"},{"data":"Feed","floor":15,"key":"SMITH"}],"neow_cost":"NONE","seed_source_timestamp":13987599329100,"circlet_count":0,"master_deck":["Strike_R","Strike_R","Strike_R","Strike_R","Defend_R","Defend_R","Defend_R","Defend_R","Bash","Armaments","Warcry","Pummel","True Grit+1","Feed+1","Clothesline","Seeing Red","Impervious"],"relics":["Burning Blood","NeowsBlessing","Bronze Scales"],"potions_floor_usage":[16],"damage_taken":[{"damage":0,"enemies":"Jaw Worm","floor":1,"turns":1},{"damage":0,"enemies":"Cultist","floor":3,"turns":1},{"damage":0,"enemies":"Small Slimes","floor":4,"turns":2},{"damage":21,"enemies":"Exordium Wildlife","floor":10,"turns":4},{"damage":21,"enemies":"Lots of Slimes","floor":11,"turns":4},{"damage":6,"enemies":"2 Fungi Beasts","floor":13,"turns":3},{"damage":9,"enemies":"Exordium Wildlife","floor":14,"turns":5},{"damage":76,"enemies":"Slime Boss","floor":16,"turns":13}],"seed_played":"-6075163074421914401","potions_obtained":[{"floor":11,"key":"LiquidBronze"}],"is_trial":false,"path_per_floor":["M","?","M","M","?","R","?","$","T","M","M","R","M","M","R","B"],"character_chosen":"IRONCLAD","items_purchased":["Feed"],"campfire_rested":1,"item_purchase_floors":[8],"current_hp_per_floor":[80,80,80,80,69,69,69,69,69,57,45,70,73,73,73,0],"gold":179,"neow_bonus":"THREE_ENEMY_KILL","is_prod":false,"is_daily":false,"chose_seed":false,"campfire_upgraded":2,"win_rate":0.0,"timestamp":1548669364,"path_taken":["M","?","?","M","?","R","?","?","T","?","M","R","M","M","R","BOSS"],"build_version":"2019-01-23","purchased_purges":0,"victory":false,"max_hp_per_floor":[80,80,80,80,80,80,80,80,80,83,86,86,89,92,92,92],"card_choices":[{"not_picked":["Sword Boomerang","Dropkick"],"picked":"Armaments","floor":1},{"not_picked":["Thunderclap","Cleave"],"picked":"Pummel","floor":3},{"not_picked":["Reckless Charge","Pommel Strike"],"picked":"True Grit","floor":4},{"not_picked":["Havoc","Headbutt"],"picked":"Clothesline","floor":10},{"not_picked":["Clash","Iron Wave"],"picked":"Seeing Red","floor":11},{"not_picked":["Blood for Blood","Clash","Rupture"],"picked":"SKIP","floor":13},{"not_picked":["Twin Strike","Heavy Blade"],"picked":"Impervious","floor":14}],"player_experience":56424,"relics_obtained":[{"floor":9,"key":"Bronze Scales"}],"event_choices":[{"damage_healed":0,"gold_gain":0,"cards_transformed":["Strike_R"],"player_choice":"Transformed","damage_taken":0,"max_hp_gain":0,"max_hp_loss":0,"event_name":"Transmorgrifier","floor":2,"gold_loss":0,"cards_obtained":["Warcry"]},{"damage_healed":0,"gold_gain":75,"player_choice":"Gather Gold","damage_taken":11,"max_hp_gain":0,"max_hp_loss":0,"event_name":"World of Goop","floor":5,"gold_loss":0},{"damage_healed":0,"gold_gain":0,"player_choice":"Ignored","damage_taken":0,"max_hp_gain":0,"max_hp_loss":0,"event_name":"Liars Game","floor":7,"gold_loss":0}],"is_beta":false,"boss_relics":[],"items_purged_floors":[],"is_endless":false,"potions_floor_spawned":[11],"killed_by":"Slime Boss","ascension_level":0}