{"gold_per_floor":[19,19,35,49,68,68,85,85,85,85,118,88],"floor_reached":12,"playtime":491,"items_purged":[],"score":88,"play_id":"e4469b5f-2575-40f2-bf11-bb72a7cc3382","local_time":"20181112001416","is_ascension_mode":true,"campfire_choices":[{"data":"Defragment","floor":6,"key":"SMITH"},{"data":"Consume","floor":8,"key":"SMITH"},{"data":"Streamline","floor":10,"key":"SMITH"}],"neow_cost":"NO_GOLD","seed_source_timestamp":986129714685433,"circlet_count":0,"master_deck":["Strike_B","Strike_B","Defend_B","Defend_B","Defend_B","Defend_B","Zap","Dualcast","Fusion+1","Static Discharge","Defragment+1","Rebound","Streamline+1","Cold Snap","Consume+1","Redo"],"relics":["Cracked Core","Darkstone Periapt","Potion Belt"],"potions_floor_usage":[7,12],"damage_taken":[{"damage":9,"enemies":"Small Slimes","floor":1,"turns":3},{"damage":0,"enemies":"Cultist","floor":3,"turns":3},{"damage":11,"enemies":"Jaw Worm","floor":4,"turns":4},{"damage":0,"enemies":"2 Fungi Beasts","floor":5,"turns":2},{"damage":3,"enemies":"Exordium Wildlife","floor":7,"turns":2},{"damage":31,"enemies":"Gremlin Nob","floor":11,"turns":4},{"damage":25,"enemies":"Exordium Thugs","floor":12,"turns":2}],"seed_played":"-7020699683426335547","potions_obtained":[{"floor":4,"key":"LiquidBronze"},{"floor":5,"key":"Explosive Potion"}],"is_trial":false,"path_per_floor":["M","?","M","M","M","R","M","R","T","R","E","M"],"character_chosen":"DEFECT","items_purchased":[],"campfire_rested":0,"item_purchase_floors":[],"current_hp_per_floor":[66,66,66,55,55,55,52,52,52,52,21,0],"gold":88,"neow_bonus":"TRANSFORM_TWO_CARDS","is_prod":false,"is_daily":false,"chose_seed":false,"campfire_upgraded":3,"win_rate":0,"timestamp":1541999656,"path_taken":["M","?","M","M","?","R","M","R","T","R","E","M"],"build_version":"2018-11-08","purchased_purges":0,"victory":false,"max_hp_per_floor":[75,75,75,75,75,75,75,75,75,75,75,75],"card_choices":[{"not_picked":["Steam","Leap"],"picked":"Defragment","floor":1},{"not_picked":["Beam Cell","Gash"],"picked":"Rebound","floor":3},{"not_picked":["Go for the Eyes","Beam Cell"],"picked":"Streamline","floor":4},{"not_picked":["Stack","Beam Cell"],"picked":"Cold Snap","floor":5},{"not_picked":["Redo","Reinforced Body"],"picked":"Consume","floor":7},{"not_picked":["Cold Snap","Undo"],"picked":"Redo","floor":11}],"player_experience":252193,"relics_obtained":[{"floor":9,"key":"Darkstone Periapt"},{"floor":11,"key":"Potion Belt"}],"event_choices":[{"damage_healed":0,"gold_gain":0,"player_choice":"Upgraded","damage_taken":0,"max_hp_gain":0,"max_hp_loss":0,"event_name":"Upgrade Shrine","floor":2,"gold_loss":0,"cards_upgraded":["Fusion"]}],"is_beta":false,"boss_relics":[],"items_purged_floors":[],"is_endless":false,"potions_floor_spawned":[4,5],"killed_by":"Exordium Thugs","ascension_level":2}