{"gold_per_floor":[18,32,32,50,0,0,33,33,82,100,114,130,19,94,94,197,197,212,231,77,95,112,112,112],"floor_reached":24,"playtime":1386,"items_purged":["Strike_R"],"score":300,"play_id":"36a38270-6f3c-49fc-8905-4da574362688","local_time":"20190204144835","is_ascension_mode":true,"campfire_choices":[{"data":"Shrug It Off","floor":6,"key":"SMITH"},{"data":"Juggernaut","floor":8,"key":"SMITH"},{"data":"Entrench","floor":15,"key":"SMITH"},{"data":"Pommel Strike","floor":23,"key":"SMITH"}],"neow_cost":"NO_GOLD","seed_source_timestamp":65334671697979,"circlet_count":0,"master_deck":["AscendersBane","Strike_R","Defend_R","Defend_R","Defend_R","Defend_R","Bash","Blood for Blood","Juggernaut+1","Shrug It Off+1","Metallicize","Flame Barrier","Shrug It Off","Demon Form","Second Wind","Entrench+1","Intimidate","Pommel Strike+1"],"relics":["Burning Blood","Happy Flower","Bag of Marbles","Philosopher\u0027s Stone","Blood Vial"],"potions_floor_usage":[16,24],"damage_taken":[{"damage":4,"enemies":"2 Louse","floor":1,"turns":3},{"damage":1,"enemies":"Small Slimes","floor":2,"turns":5},{"damage":5,"enemies":"Jaw Worm","floor":4,"turns":5},{"damage":2,"enemies":"Lagavulin","floor":7,"turns":9},{"damage":3,"enemies":"Blue Slaver","floor":10,"turns":4},{"damage":16,"enemies":"Lots of Slimes","floor":11,"turns":6},{"damage":5,"enemies":"Exordium Thugs","floor":12,"turns":5},{"damage":42,"enemies":"Hexaghost","floor":16,"turns":10},{"damage":24,"enemies":"3 Byrds","floor":18,"turns":4},{"damage":13,"enemies":"Shell Parasite","floor":19,"turns":6},{"damage":25,"enemies":"Centurion and Healer","floor":21,"turns":7},{"damage":4,"enemies":"Chosen and Byrds","floor":22,"turns":7},{"damage":40,"enemies":"Slavers","floor":24,"turns":4}],"seed_played":"-6810970042684829011","potions_obtained":[{"floor":1,"key":"Regen Potion"},{"floor":4,"key":"Strength Potion"},{"floor":7,"key":"Strength Potion"},{"floor":19,"key":"GamblersBrew"}],"is_trial":false,"path_per_floor":["M","M","?","M","?","R","E","R","T","M","M","M","$","?","R","B",null,"M","M","$","M","M","R","E"],"character_chosen":"IRONCLAD","items_purchased":["Entrench","Blood Vial"],"campfire_rested":0,"item_purchase_floors":[13,20],"current_hp_per_floor":[74,79,84,85,85,85,85,85,85,85,75,76,76,68,68,47,76,58,51,51,34,38,38,0],"gold":112,"neow_bonus":"TRANSFORM_TWO_CARDS","is_prod":false,"is_daily":false,"chose_seed":false,"campfire_upgraded":4,"win_rate":0,"timestamp":1549259315,"path_taken":["M","M","?","M","?","R","E","R","T","?","M","M","$","?","R","BOSS","M","M","$","?","M","R","E"],"build_version":"2019-01-23","purchased_purges":1,"victory":false,"max_hp_per_floor":[80,80,85,85,85,85,85,85,85,85,85,85,85,85,85,85,85,85,85,85,85,85,85,85],"card_choices":[{"not_picked":["Sword Boomerang","Clothesline"],"picked":"Shrug It Off","floor":1},{"not_picked":["Iron Wave","True Grit"],"picked":"Metallicize","floor":2},{"not_picked":["Headbutt","Wild Strike"],"picked":"Flame Barrier","floor":4},{"not_picked":["Headbutt","Corruption"],"picked":"Shrug It Off","floor":7},{"not_picked":["Clash","Intimidate"],"picked":"Demon Form","floor":10},{"not_picked":["Uppercut","Pommel Strike"],"picked":"Second Wind","floor":11},{"not_picked":["Inflame","Headbutt","Cleave"],"picked":"SKIP","floor":12},{"not_picked":["True Grit+1","Twin Strike"],"picked":"Intimidate","floor":18},{"not_picked":["Perfected Strike","Cleave","Heavy Blade"],"picked":"SKIP","floor":19},{"not_picked":["Twin Strike","Cleave","Searing Blow"],"picked":"SKIP","floor":21},{"not_picked":["Perfected Strike","Clothesline+1"],"picked":"Pommel Strike","floor":22}],"player_experience":168521,"relics_obtained":[{"floor":7,"key":"Happy Flower"},{"floor":9,"key":"Bag of Marbles"}],"event_choices":[{"damage_healed":0,"gold_gain":0,"player_choice":"Donut","damage_taken":0,"max_hp_gain":5,"max_hp_loss":0,"event_name":"Big Fish","floor":3,"gold_loss":0},{"cards_removed":["Strike_R"],"damage_healed":0,"gold_gain":0,"player_choice":"Card Removal","damage_taken":0,"max_hp_gain":0,"max_hp_loss":0,"event_name":"The Cleric","floor":5,"gold_loss":50},{"damage_healed":0,"gold_gain":75,"player_choice":"Touch","damage_taken":8,"max_hp_gain":0,"max_hp_loss":0,"event_name":"FaceTrader","floor":14,"gold_loss":0}],"is_beta":false,"boss_relics":[{"not_picked":["Cursed Key","Empty Cage"],"picked":"Philosopher\u0027s Stone"}],"items_purged_floors":[13],"is_endless":false,"potions_floor_spawned":[1,4,7,19],"killed_by":"Slavers","ascension_level":10}