{"gold_per_floor":[113,188,204,73,92,92,92,125,172,172,192,192,211,211,211,284,284,303,316,216,216,228,228,242,242,267,283,295,295,14,24,24,95,95,112,128,128,45,59,59,91,91,114,4,4,4,4,4,4,4,4],"floor_reached":51,"playtime":3980,"items_purged":["Strike_R","Strike_R"],"score":1350,"play_id":"15b9bed2-04eb-4b0f-a15e-86416dc585e9","local_time":"20180914133006","is_ascension_mode":true,"campfire_choices":[{"floor":6,"key":"REST"},{"data":"Feed","floor":10,"key":"SMITH"},{"data":"Armaments","floor":12,"key":"SMITH"},{"floor":15,"key":"REST"},{"floor":23,"key":"REST"},{"floor":25,"key":"REST"},{"floor":32,"key":"REST"},{"data":"Limit Break","floor":40,"key":"SMITH"},{"floor":45,"key":"REST"},{"floor":49,"key":"REST"}],"neow_cost":"PERCENT_DAMAGE","seed_source_timestamp":256826644876733,"circlet_count":0,"master_deck":["Strike_R+1","Strike_R+1","Defend_R","Defend_R","Defend_R","Bash","AscendersBane","Feed+1","Thunderclap","Perfected Strike","Inflame","Inflame","Armaments+1","Headbutt","Reaper","Intimidate","Twin Strike","J.A.X.","Reaper+1","Headbutt","Limit Break+1","Battle Trance","Shockwave"],"relics":["Burning Blood","Juzu Bracelet","Bronze Scales","Velvet Choker","Pen Nib","DollysMirror","Busted Crown","Ginger","Ancient Tea Set","Du-Vu Doll"],"potions_floor_usage":[8,8,13,16,22,27,28,33,33,41,50],"damage_taken":[{"damage":0,"enemies":"2 Louse","floor":1,"turns":3},{"damage":17,"enemies":"Jaw Worm","floor":3,"turns":4},{"damage":1,"enemies":"Cultist","floor":5,"turns":3},{"damage":20,"enemies":"Gremlin Nob","floor":8,"turns":4},{"damage":15,"enemies":"3 Louse","floor":11,"turns":4},{"damage":6,"enemies":"Exordium Wildlife","floor":13,"turns":2},{"damage":65,"enemies":"The Guardian","floor":16,"turns":10},{"damage":15,"enemies":"3 Byrds","floor":18,"turns":3},{"damage":8,"enemies":"Chosen","floor":19,"turns":5},{"damage":24,"enemies":"Snake Plant","floor":22,"turns":3},{"damage":34,"enemies":"Cultist and Chosen","floor":24,"turns":7},{"damage":28,"enemies":"Sentry and Sphere","floor":27,"turns":5},{"damage":10,"enemies":"Centurion and Healer","floor":28,"turns":6},{"damage":32,"enemies":"3 Cultists","floor":31,"turns":4},{"damage":150,"enemies":"Collector","floor":33,"turns":10},{"damage":15,"enemies":"3 Shapes","floor":35,"turns":7},{"damage":21,"enemies":"Orb Walker","floor":36,"turns":3},{"damage":44,"enemies":"Maw","floor":39,"turns":5},{"damage":82,"enemies":"Nemesis","floor":41,"turns":5},{"damage":58,"enemies":"Mind Bloom Boss Battle","floor":46,"turns":5},{"damage":152,"enemies":"Awakened One","floor":50,"turns":10},{"damage":19,"enemies":"Donu and Deca","floor":51,"turns":1}],"seed_played":"616189091566327714","potions_obtained":[{"floor":1,"key":"Block Potion"},{"floor":11,"key":"SteroidPotion"},{"floor":13,"key":"Swift Potion"},{"floor":16,"key":"GamblersBrew"},{"floor":24,"key":"AttackPotion"},{"floor":27,"key":"LiquidBronze"},{"floor":28,"key":"Fruit Juice"},{"floor":33,"key":"PowerPotion"},{"floor":36,"key":"Fire Potion"},{"floor":46,"key":"Energy Potion"}],"is_trial":false,"path_per_floor":["M","?","M","$","M","R","?","E","T","R","M","R","M","?","R","B",null,"M","M","$","?","M","R","M","R","T","M","M","?","$","M","R","B",null,"M","M","?","$","M","R","E","?","T","?","R","?","?","?","R","B"],"character_chosen":"IRONCLAD","items_purchased":["PowerPotion","DollysMirror","Block Potion","Battle Trance"],"campfire_rested":7,"item_purchase_floors":[4,30,30,38],"current_hp_per_floor":[59,48,40,40,48,73,48,34,34,34,29,29,33,38,67,8,75,76,80,80,50,36,69,53,86,86,68,73,73,73,95,123,34,101,108,96,96,96,128,128,52,52,52,52,91,101,101,101,124,17,0],"gold":4,"neow_bonus":"THREE_RARE_CARDS","is_prod":false,"is_daily":false,"chose_seed":false,"campfire_upgraded":3,"win_rate":0,"timestamp":1536946206,"path_taken":["M","?","M","$","M","R","?","E","T","R","M","R","M","?","R","BOSS","M","M","$","?","M","R","M","R","T","M","M","?","$","M","R","BOSS","M","M","?","$","M","R","E","?","T","?","R","?","?","?","R","BOSS","BOSS"],"build_version":"2018-09-06","purchased_purges":2,"victory":false,"max_hp_per_floor":[78,78,81,81,84,84,84,84,84,84,88,88,92,97,97,97,97,101,101,101,106,110,110,110,110,110,114,123,123,123,123,123,123,123,127,127,127,127,131,131,131,131,131,131,131,131,131,124,124,124,124],"card_choices":[{"not_picked":["Limit Break","Double Tap"],"picked":"Feed","floor":0},{"not_picked":["Evolve","Wild Strike"],"picked":"Thunderclap","floor":1},{"not_picked":["Sentinel","Reckless Charge"],"picked":"Perfected Strike","floor":3},{"not_picked":["Flex","Perfected Strike"],"picked":"Inflame","floor":5},{"not_picked":["Warcry","Havoc"],"picked":"Inflame","floor":8},{"not_picked":["Pommel Strike","Heavy Blade"],"picked":"Armaments","floor":11},{"not_picked":["Havoc","Warcry"],"picked":"Headbutt","floor":13},{"not_picked":["Berserk","Juggernaut"],"picked":"Reaper","floor":16},{"not_picked":["Body Slam+1","Rampage","Havoc"],"picked":"SKIP","floor":18},{"not_picked":["Clothesline","Wild Strike","Sentinel"],"picked":"SKIP","floor":19},{"not_picked":["Anger","Twin Strike"],"picked":"Intimidate","floor":22},{"not_picked":["Pommel Strike","Wild Strike","Corruption"],"picked":"SKIP","floor":24},{"not_picked":["Clash","Hemokinesis"],"picked":"Twin Strike","floor":27},{"not_picked":["Flex","Second Wind","Feel No Pain+1"],"picked":"SKIP","floor":28},{"not_picked":["Flex","Rage"],"picked":"Headbutt","floor":31},{"not_picked":["Berserk","Reaper"],"picked":"Limit Break","floor":33},{"not_picked":["Perfected Strike"],"picked":"SKIP","floor":35},{"not_picked":["Flex"],"picked":"SKIP","floor":36},{"not_picked":["Clothesline"],"picked":"SKIP","floor":39},{"not_picked":["Clash+1"],"picked":"SKIP","floor":41},{"not_picked":[],"picked":"Shockwave","floor":46}],"player_experience":2729597,"relics_obtained":[{"floor":8,"key":"Juzu Bracelet"},{"floor":9,"key":"Bronze Scales"},{"floor":26,"key":"Pen Nib"},{"floor":41,"key":"Ginger"},{"floor":43,"key":"Ancient Tea Set"},{"floor":46,"key":"Du-Vu Doll"}],"event_choices":[{"event_name":"World of Goop","player_choice":"Gather Gold","floor":2,"damage_taken":0},{"event_name":"Shining Light","player_choice":"Entered Light","floor":7,"damage_taken":0},{"event_name":"Big Fish","player_choice":"Donut","floor":14,"damage_taken":0},{"event_name":"Forgotten Altar","player_choice":"Shed Blood","floor":21,"damage_taken":0},{"event_name":"Drug Dealer","player_choice":"Got JAX","floor":29,"damage_taken":0},{"event_name":"Falling","player_choice":"Removed Skill","floor":37,"damage_taken":0},{"event_name":"Mysterious Sphere","player_choice":"Ignore","floor":42,"damage_taken":0},{"event_name":"Designer","player_choice":"Full Service","floor":44,"damage_taken":0},{"event_name":"MindBloom","player_choice":"Fight","floor":46,"damage_taken":0},{"event_name":"SensoryStone","player_choice":"Memory 1","floor":47,"damage_taken":0},{"event_name":"Winding Halls","player_choice":"Max HP","floor":48,"damage_taken":0}],"is_beta":false,"boss_relics":[{"not_picked":["Mark of Pain","Astrolabe"],"picked":"Velvet Choker"},{"not_picked":["Calling Bell","Pandora\u0027s Box"],"picked":"Busted Crown"}],"items_purged_floors":[4,20],"is_endless":false,"potions_floor_spawned":[1,11,13,16,24,27,28,33,36,39,46],"killed_by":"Donu and Deca","ascension_level":20}