{"gold_per_floor":[109,284,359,196,210,244,244,262,262,262,272,301,201,220,220,319,319,339,36,46,46,61,90,90,106,182,217,227,227,253,264,264,363,363,379,50,50,64,83,83,115,132,132,144,164,190,202,17,17,17,17,17,17,46,46],"floor_reached":56,"playtime":12998,"items_purged":["Doubt","Defend_G","Defend_G","Strike_G"],"score":1384,"play_id":"01f1383a-aa38-4937-911d-cf165655019a","local_time":"20190205210750","is_ascension_mode":true,"campfire_choices":[{"data":"Acrobatics","floor":7,"key":"SMITH"},{"data":"Caltrops","floor":10,"key":"SMITH"},{"floor":15,"key":"REST"},{"data":"Backflip","floor":24,"key":"SMITH"},{"floor":32,"key":"REST"},{"floor":40,"key":"RECALL"},{"data":"Caltrops","floor":49,"key":"SMITH"},{"data":"Reflex","floor":52,"key":"SMITH"}],"neow_cost":"NONE","seed_source_timestamp":599438052420100,"circlet_count":0,"master_deck":["Defend_G","Defend_G","Strike_G","Strike_G","Strike_G","Survivor","Neutralize","Backflip+1","Backflip","Flying Knee","Caltrops+1","Poisoned Stab","Acrobatics+1","Reflex+1","All Out Attack","Outmaneuver","Sucker Punch","Tools of the Trade","Reflex+1","PiercingWail","Blur","Burst+1","Backflip+1","Underhanded Strike+1","Dagger Throw+1","A Thousand Cuts+1","Outmaneuver+1","After Image","Mayhem","Footwork","Footwork+1","Dodge and Roll+1","Calculated Gamble","Caltrops+1"],"relics":["Ring of the Snake","Du-Vu Doll","Thread and Needle","Ornamental Fan","Philosopher\u0027s Stone","Tingsha","Bottled Tornado","Pantograph","Nloth\u0027s Gift","Anchor","Busted Crown","Bag of Marbles","Juzu Bracelet","Incense Burner"],"potions_floor_usage":[23,54,55,55,55,55,55],"damage_taken":[{"damage":0,"enemies":"2 Louse","floor":1,"turns":3},{"damage":2,"enemies":"Small Slimes","floor":5,"turns":4},{"damage":16,"enemies":"3 Sentries","floor":6,"turns":10},{"damage":0,"enemies":"Cultist","floor":8,"turns":3},{"damage":5,"enemies":"Blue Slaver","floor":11,"turns":3},{"damage":21,"enemies":"Lagavulin","floor":12,"turns":11},{"damage":3,"enemies":"Lots of Slimes","floor":14,"turns":3},{"damage":32,"enemies":"The Guardian","floor":16,"turns":16},{"damage":2,"enemies":"Shell Parasite","floor":18,"turns":6},{"damage":0,"enemies":"Chosen","floor":20,"turns":4},{"damage":1,"enemies":"Snake Plant","floor":22,"turns":4},{"damage":0,"enemies":"Gremlin Leader","floor":23,"turns":10},{"damage":0,"enemies":"Cultist and Chosen","floor":25,"turns":5},{"damage":7,"enemies":"Book of Stabbing","floor":27,"turns":6},{"damage":0,"enemies":"Snecko","floor":28,"turns":5},{"damage":13,"enemies":"Gremlin Leader","floor":30,"turns":9},{"damage":0,"enemies":"Shelled Parasite and Fungi","floor":31,"turns":5},{"damage":1,"enemies":"Automaton","floor":33,"turns":11},{"damage":0,"enemies":"Orb Walker","floor":35,"turns":4},{"damage":0,"enemies":"3 Shapes","floor":38,"turns":4},{"damage":2,"enemies":"Transient","floor":39,"turns":5},{"damage":1,"enemies":"Nemesis","floor":41,"turns":8},{"damage":0,"enemies":"Writhing Mass","floor":42,"turns":6},{"damage":0,"enemies":"Maw","floor":44,"turns":8},{"damage":0,"enemies":"3 Darklings","floor":45,"turns":5},{"damage":0,"enemies":"Giant Head","floor":46,"turns":9},{"damage":0,"enemies":"Writhing Mass","floor":47,"turns":7},{"damage":0,"enemies":"Time Eater","floor":50,"turns":15},{"damage":20,"enemies":"Shield and Spear","floor":54,"turns":9},{"damage":50,"enemies":"The Heart","floor":55,"turns":12}],"seed_played":"-1299079007068563254","potions_obtained":[{"floor":5,"key":"GhostInAJar"},{"floor":8,"key":"GamblersBrew"},{"floor":20,"key":"EssenceOfSteel"},{"floor":23,"key":"EntropicBrew"},{"floor":28,"key":"Explosive Potion"}],"is_trial":false,"path_per_floor":["M","?","?","$","M","E","R","M","T","R","M","E","$","M","R","B",null,"M","$","M","?","M","E","R","M","T","E","M","?","E","M","R","B",null,"M","$","?","M","M","R","E","M","T","M","M","E","M","$","R","B",null,"R","$","E","B",null],"character_chosen":"THE_SILENT","items_purchased":["Flying Knee","Caltrops","Tingsha","Mayhem","Footwork","Caltrops"],"campfire_rested":2,"item_purchase_floors":[4,4,19,36,36,48],"current_hp_per_floor":[70,70,59,59,57,41,41,41,41,41,36,15,15,12,33,1,70,68,68,68,68,67,67,67,67,67,60,60,60,47,47,68,69,70,70,70,70,70,68,68,67,67,67,67,67,67,67,67,67,70,70,70,70,50,20],"gold":46,"neow_bonus":"TRANSFORM_CARD","is_prod":false,"is_daily":false,"chose_seed":false,"campfire_upgraded":5,"win_rate":0,"timestamp":1549397270,"path_taken":["M","?","?","$","M","E","R","M","T","R","M","E","$","M","R","BOSS","M","$","M","?","?","E","R","M","T","E","M","?","E","M","R","BOSS","M","?","?","M","M","R","E","?","T","M","M","E","M","$","R","BOSS","R","$","E","BOSS"],"build_version":"2019-01-23","purchased_purges":4,"victory":true,"max_hp_per_floor":[70,70,70,70,70,70,70,70,70,70,70,70,70,70,70,70,70,70,70,70,70,70,70,70,70,70,70,70,70,70,70,70,70,70,70,70,70,70,70,70,70,70,70,70,70,70,70,70,70,70,70,70,70,70,70],"card_choices":[{"not_picked":["PiercingWail","Dagger Throw"],"picked":"Backflip","floor":1},{"not_picked":["Deadly Poison","PiercingWail"],"picked":"Poisoned Stab","floor":5},{"not_picked":["Sucker Punch","Bane"],"picked":"Acrobatics","floor":6},{"not_picked":["PiercingWail","Deadly Poison"],"picked":"Reflex","floor":8},{"not_picked":["Predator","Caltrops"],"picked":"All Out Attack","floor":11},{"not_picked":["Flechettes","Backflip"],"picked":"Outmaneuver","floor":12},{"not_picked":["Flying Knee","Dagger Throw"],"picked":"Sucker Punch","floor":14},{"not_picked":["Venomology","Bullet Time"],"picked":"Tools of the Trade","floor":16},{"not_picked":["Catalyst","Eviscerate"],"picked":"Reflex+1","floor":18},{"not_picked":["Quick Slash","Deadly Poison"],"picked":"PiercingWail","floor":20},{"not_picked":["Caltrops","Slice","Deadly Poison"],"picked":"SKIP","floor":22},{"not_picked":["All Out Attack+1","Backflip"],"picked":"Burst","floor":23},{"not_picked":["Poisoned Stab+1","Quick Slash"],"picked":"Backflip+1","floor":25},{"not_picked":["Sucker Punch","Glass Knife"],"picked":"Underhanded Strike+1","floor":27},{"not_picked":["Bane","Flying Knee"],"picked":"Dagger Throw+1","floor":28},{"not_picked":["Underhanded Strike","Wraith Form v2"],"picked":"A Thousand Cuts","floor":30},{"not_picked":["Venomology","Slice"],"picked":"Outmaneuver+1","floor":31},{"not_picked":["Tools of the Trade","Unload"],"picked":"After Image","floor":33},{"not_picked":["Deadly Poison"],"picked":"SKIP","floor":35},{"not_picked":["Slice+1"],"picked":"SKIP","floor":38},{"not_picked":["Wraith Form v2"],"picked":"SKIP","floor":39},{"not_picked":[],"picked":"Footwork+1","floor":41},{"not_picked":[],"picked":"Dodge and Roll+1","floor":42},{"not_picked":["Slice+1"],"picked":"SKIP","floor":44},{"not_picked":["Sucker Punch+1"],"picked":"SKIP","floor":45},{"not_picked":["Sucker Punch"],"picked":"SKIP","floor":46},{"not_picked":[],"picked":"Calculated Gamble","floor":47},{"not_picked":["Corpse Explosion"],"picked":"SKIP","floor":54}],"player_experience":41621,"relics_obtained":[{"floor":6,"key":"Du-Vu Doll"},{"floor":9,"key":"Thread and Needle"},{"floor":12,"key":"Ornamental Fan"},{"floor":23,"key":"Toxic Egg 2"},{"floor":26,"key":"Bottled Tornado"},{"floor":27,"key":"Pantograph"},{"floor":30,"key":"Anchor"},{"floor":41,"key":"Bag of Marbles"},{"floor":46,"key":"Juzu Bracelet"},{"floor":54,"key":"Incense Burner"}],"event_choices":[{"damage_healed":0,"gold_gain":175,"player_choice":"AGREE","damage_taken":0,"max_hp_gain":0,"max_hp_loss":0,"event_name":"Liars Game","floor":2,"gold_loss":0,"cards_obtained":["Doubt"]},{"damage_healed":0,"gold_gain":75,"player_choice":"Gather Gold","damage_taken":11,"max_hp_gain":0,"max_hp_loss":0,"event_name":"World of Goop","floor":3,"gold_loss":0},{"damage_healed":0,"gold_gain":0,"cards_transformed":["Strike_G"],"player_choice":"Transformed","damage_taken":0,"max_hp_gain":0,"max_hp_loss":0,"event_name":"Transmorgrifier","floor":21,"gold_loss":0,"cards_obtained":["Blur"]},{"damage_healed":0,"gold_gain":0,"player_choice":"Traded Relic","damage_taken":0,"relics_obtained":["Nloth\u0027s Gift"],"max_hp_gain":0,"max_hp_loss":0,"event_name":"N\u0027loth","floor":29,"relics_lost":["Toxic Egg 2"],"gold_loss":0},{"damage_healed":0,"gold_gain":0,"player_choice":"Forge","damage_taken":0,"max_hp_gain":0,"max_hp_loss":0,"event_name":"Accursed Blacksmith","floor":37,"gold_loss":0,"cards_upgraded":["A Thousand Cuts"]}],"is_beta":false,"boss_relics":[{"not_picked":["Ring of the Serpent","Calling Bell"],"picked":"Philosopher\u0027s Stone"},{"not_picked":["Eternal Feather","HoveringKite"],"picked":"Busted Crown"}],"items_purged_floors":[4,13,36,48],"is_endless":false,"potions_floor_spawned":[5,8,20,23,25,27,28,39,42,44,45,46,47],"ascension_level":1}