{"gold_per_floor":[114,64,81,95,95,126,126,126,126,201,232,247,327,366,366,496,496,516,541,541,541],"floor_reached":21,"playtime":3306,"items_purged":[],"score":207,"play_id":"946e93ee-f77c-4466-a1d3-f3193b7241f6","local_time":"20190206130928","is_ascension_mode":true,"campfire_choices":[{"floor":8.0,"key":"REST"},{"floor":15.0,"key":"RECALL"}],"neow_cost":"NONE","seed_source_timestamp":227016755943865,"circlet_count":0,"master_deck":["Strike_R","Strike_R","Strike_R","Strike_R","Strike_R","Defend_R","Defend_R","Defend_R","Defend_R","Bash","Offering","Armaments+1","Clothesline","Wild Strike","Carnage","Feed","Shrug It Off","Shrug It Off","Juggernaut","Juggernaut","Shrug It Off"],"special_seed":0,"relics":["Burning Blood","Art of War","Golden Idol","Blood Vial","Pantograph","Molten Egg 2","Runic Cube","Singing Bowl"],"potions_floor_usage":[],"damage_taken":[{"damage":6.0,"enemies":"2 Louse","floor":1.0,"turns":3.0},{"damage":6.0,"enemies":"Cultist","floor":3.0,"turns":3.0},{"damage":6.0,"enemies":"Small Slimes","floor":4.0,"turns":2.0},{"damage":15.0,"enemies":"3 Sentries","floor":6.0,"turns":8.0},{"damage":25.0,"enemies":"Lagavulin","floor":11.0,"turns":7.0},{"damage":5.0,"enemies":"Blue Slaver","floor":12.0,"turns":3.0},{"damage":17.0,"enemies":"Gremlin Nob","floor":14.0,"turns":4.0},{"damage":53.0,"enemies":"Hexaghost","floor":16.0,"turns":11.0},{"damage":69.0,"enemies":"3 Byrds","floor":18.0,"turns":11.0},{"damage":10.0,"enemies":"Chosen","floor":19.0,"turns":6.0},{"damage":23,"enemies":"Centurion and Healer","floor":21,"turns":6}],"seed_played":"-8626699133572620932","potions_obtained":[{"floor":1.0,"key":"SkillPotion"},{"floor":4.0,"key":"Explosive Potion"},{"floor":11.0,"key":"Weak Potion"}],"is_trial":false,"path_per_floor":["M","$","M","M","?","E","?","R","T","?","E","M","T","E","R","B",null,"M","M","T","M"],"character_chosen":"IRONCLAD","items_purchased":["Clothesline"],"campfire_rested":1,"item_purchase_floors":[2],"current_hp_per_floor":[80,80,80,80,80,71,51,75,75,64,45,48,48,42,42,22,83,23,21,21,0],"gold":541,"neow_bonus":"ONE_RANDOM_RARE_CARD","is_prod":false,"is_daily":false,"chose_seed":false,"campfire_upgraded":0,"win_rate":0,"timestamp":1549454968,"path_taken":["M","$","M","M","?","E","?","R","T","?","E","M","?","E","R","BOSS","M","M","?","M"],"build_version":"2019-01-23","purchased_purges":0,"victory":false,"max_hp_per_floor":[80,80,80,80,80,80,80,80,80,80,80,80,80,83,83,83,83,86,86,86,86],"card_choices":[{"not_picked":["Entrench","Flex"],"picked":"Armaments","floor":1.0},{"not_picked":["Flex","Perfected Strike"],"picked":"Wild Strike","floor":3.0},{"not_picked":["Havoc","Fire Breathing"],"picked":"Carnage","floor":4.0},{"not_picked":["Rupture","Burning Pact"],"picked":"Feed","floor":6.0},{"not_picked":["Reckless Charge","Headbutt"],"picked":"Shrug It Off","floor":11.0},{"not_picked":["Battle Trance","Sentinel"],"picked":"Shrug It Off","floor":12.0},{"not_picked":["Havoc","Combust"],"picked":"Juggernaut","floor":14.0},{"not_picked":["Berserk","Feed+1"],"picked":"Juggernaut","floor":16.0},{"not_picked":["Wild Strike+1","Rage"],"picked":"Shrug It Off","floor":18.0},{"not_picked":["Thunderclap+1","Havoc+1","Perfected Strike+1"],"picked":"SKIP","floor":19.0}],"player_experience":171848,"relics_obtained":[{"floor":6.0,"key":"Art of War"},{"floor":11.0,"key":"Blood Vial"},{"floor":13.0,"key":"Pantograph"},{"floor":14.0,"key":"Molten Egg 2"},{"floor":20.0,"key":"Singing Bowl"}],"event_choices":[{"damage_healed":0.0,"max_hp_gain":0.0,"max_hp_loss":0.0,"gold_gain":0.0,"event_name":"Living Wall","player_choice":"Grow","floor":5.0,"gold_loss":0.0,"damage_taken":0.0,"cards_upgraded":["Armaments"]},{"damage_healed":0.0,"max_hp_gain":0.0,"max_hp_loss":0.0,"gold_gain":0.0,"event_name":"Golden Idol","player_choice":"Take Damage","floor":7.0,"gold_loss":0.0,"damage_taken":20.0,"relics_obtained":["Golden Idol"]},{"damage_healed":0.0,"max_hp_gain":0.0,"max_hp_loss":0.0,"gold_gain":75.0,"event_name":"World of Goop","player_choice":"Gather Gold","floor":10.0,"gold_loss":0.0,"damage_taken":11.0}],"is_beta":false,"boss_relics":[{"not_picked":["Orrery","Pandora\u0027s Box"],"picked":"Runic Cube"}],"items_purged_floors":[],"is_endless":false,"potions_floor_spawned":[1,4,11],"killed_by":"Centurion and Healer","ascension_level":1}