{"gold_per_floor":[409,426,426,438,32,32,32,59,59,59,69,69,69,87,87,184,184,200,216,216,14,114,145,145,159,206,206,217,231,258,258],"floor_reached":31,"playtime":3064,"items_purged":["Strike_R"],"score":300,"play_id":"5e8d7a82-5b26-48d1-9eee-555961f3d63f","local_time":"20180624233920","is_ascension_mode":false,"campfire_choices":[{"data":"True Grit","floor":6,"key":"SMITH"},{"data":"Flame Barrier","floor":12,"key":"SMITH"},{"data":"Body Slam","floor":15,"key":"SMITH"},{"data":"True Grit","floor":24,"key":"SMITH"},{"data":"Armaments","floor":27,"key":"SMITH"}],"neow_cost":"FIFTY_PERCENT_DAMAGE","seed_source_timestamp":578091568837544,"circlet_count":0,"master_deck":["Strike_R","Strike_R","Strike_R","Strike_R","Defend_R","Defend_R","Defend_R","Defend_R","Bash","True Grit+1","Clash","Flame Barrier+1","Metallicize","Sword Boomerang","Body Slam+1","Demon Form+1","Blood for Blood","Clash","Clothesline","Clash","Metallicize+1","True Grit+1","Armaments+1","Thunderclap","Clash","Clash"],"relics":["Burning Blood","Old Coin","Vajra","Gremlin Horn","Centennial Puzzle","Frozen Egg 2","Lantern","Black Star","Potion Belt","Blood Vial","Boot","Paper Frog","Darkstone Periapt"],"potions_floor_usage":[16,16,25,31,31],"damage_taken":[{"damage":2,"enemies":"2 Louse","floor":1,"turns":3},{"damage":7,"enemies":"Jaw Worm","floor":2,"turns":6},{"damage":9,"enemies":"Cultist","floor":4,"turns":4},{"damage":11,"enemies":"3 Sentries","floor":8,"turns":11},{"damage":0,"enemies":"Exordium Wildlife","floor":11,"turns":4},{"damage":0,"enemies":"Exordium Thugs","floor":14,"turns":4},{"damage":60,"enemies":"Hexaghost","floor":16,"turns":13},{"damage":7,"enemies":"3 Byrds","floor":18,"turns":8},{"damage":29,"enemies":"Chosen","floor":19,"turns":5},{"damage":29,"enemies":"Slavers","floor":23,"turns":5},{"damage":19,"enemies":"Slaver and Parasite","floor":25,"turns":7},{"damage":0,"enemies":"Sentry and Sphere","floor":28,"turns":4},{"damage":4,"enemies":"Centurion and Healer","floor":29,"turns":10},{"damage":31,"enemies":"Gremlin Leader","floor":30,"turns":6},{"damage":23,"enemies":"Snecko","floor":31,"turns":4}],"seed_played":"-9194735150997903165","potions_obtained":[{"floor":4,"key":"Fire Potion"},{"floor":8,"key":"FearPotion"},{"floor":11,"key":"Ancient Potion"},{"floor":25,"key":"LiquidBronze"},{"floor":28,"key":"EssenceOfSteel"}],"is_trial":false,"path_per_floor":["M","M","?","M","$","R","?","E","T","T","M","R","$","M","R","B",null,"M","M","?","$","?","E","R","M","T","R","M","M","E"],"character_chosen":"IRONCLAD","items_purchased":["Vajra","Gremlin Horn","Clash","Metallicize+1"],"campfire_rested":0,"item_purchase_floors":[5,5,21,21],"current_hp_per_floor":[44,43,69,66,66,66,66,61,61,61,67,67,67,73,73,19,80,79,56,56,56,56,33,33,22,22,22,30,34,11,0],"gold":258,"neow_bonus":"ONE_RARE_RELIC","is_prod":false,"is_daily":false,"chose_seed":false,"campfire_upgraded":5,"win_rate":0.0,"timestamp":1529897960,"path_taken":["M","M","?","?","$","R","?","E","T","?","?","R","?","M","R","BOSS","M","M","?","$","?","E","R","M","T","R","M","?","E","M"],"build_version":"2018-06-21v2","purchased_purges":1,"victory":false,"max_hp_per_floor":[80,80,80,80,80,80,80,80,80,80,80,80,80,80,80,80,80,80,80,80,80,80,80,80,80,80,80,80,80,80,80],"card_choices":[{"not_picked":["Thunderclap","Clothesline"],"picked":"True Grit","floor":1},{"not_picked":["Flex","Iron Wave"],"picked":"Clash","floor":2},{"not_picked":["True Grit","Barricade"],"picked":"Flame Barrier","floor":4},{"not_picked":["Shrug It Off","Dual Wield"],"picked":"Metallicize","floor":8},{"not_picked":["Twin Strike","Seeing Red"],"picked":"Sword Boomerang","floor":11},{"not_picked":["Anger","Headbutt"],"picked":"Body Slam","floor":14},{"not_picked":["Fiend Fire","Double Tap"],"picked":"Demon Form+1","floor":16},{"not_picked":["Bloodletting","Warcry"],"picked":"Blood for Blood","floor":18},{"not_picked":["Anger","Thunderclap"],"picked":"Clash","floor":19},{"not_picked":["Rampage","Thunderclap"],"picked":"True Grit","floor":23},{"not_picked":["Cleave+1","Headbutt"],"picked":"Armaments","floor":25},{"not_picked":["Rupture+1","Warcry"],"picked":"Thunderclap","floor":28},{"not_picked":["Twin Strike","Brutality+1"],"picked":"Clash","floor":29},{"not_picked":["Iron Wave+1","Entrench"],"picked":"Clash","floor":30}],"player_experience":3057,"relics_obtained":[{"floor":8,"key":"Centennial Puzzle"},{"floor":9,"key":"Frozen Egg 2"},{"floor":10,"key":"Lantern"},{"floor":23,"key":"Potion Belt"},{"floor":23,"key":"Blood Vial"},{"floor":26,"key":"Boot"},{"floor":30,"key":"Paper Frog"},{"floor":30,"key":"Darkstone Periapt"}],"event_choices":[{"event_name":"Big Fish","player_choice":"Banana","floor":3,"damage_taken":0},{"event_name":"The Cleric","player_choice":"Leave","floor":7,"damage_taken":0},{"event_name":"The Library","player_choice":"Read","floor":20,"damage_taken":0},{"event_name":"Golden Shrine","player_choice":"Pray","floor":22,"damage_taken":0}],"boss_relics":[{"not_picked":["Snecko Eye","Ectoplasm"],"picked":"Black Star"}],"items_purged_floors":[21],"is_endless":false,"potions_floor_spawned":[4,8,11,25,28],"killed_by":"Snecko","ascension_level":0}