{"gold_per_floor":[111,3,3,3,15,15,41,41,41,51,3,13,25,40,40,145,145,165,65,85,105,105],"floor_reached":22,"playtime":1095,"items_purged":["Strike_G","Strike_G"],"score":188,"play_id":"a1c4b481-c95b-4068-af7f-b4c093a23b29","local_time":"20190207221524","is_ascension_mode":false,"campfire_choices":[{"data":"Noxious Fumes","floor":6,"key":"SMITH"},{"data":"Poisoned Stab","floor":8,"key":"SMITH"},{"floor":15,"key":"REST"}],"neow_cost":"NONE","seed_source_timestamp":1017630066925630,"circlet_count":0,"master_deck":["Defend_G","Defend_G","Defend_G","Defend_G","Defend_G","Strike_G","Strike_G","Survivor","Neutralize","Poisoned Stab+1","Noxious Fumes+1","Poisoned Stab","Corpse Explosion","Bane","Deadly Poison","Distraction","Bullet Time","Deadly Poison","Quick Slash","Flying Knee"],"relics":["Ring of the Snake","Bag of Preparation","Sundial","Orrery"],"potions_floor_usage":[7,16,22],"damage_taken":[{"damage":1,"enemies":"Cultist","floor":1,"turns":4},{"damage":1,"enemies":"Jaw Worm","floor":5,"turns":6},{"damage":15,"enemies":"3 Sentries","floor":7,"turns":7},{"damage":0,"enemies":"Small Slimes","floor":10,"turns":4},{"damage":9,"enemies":"Blue Slaver","floor":12,"turns":3},{"damage":2,"enemies":"Looter","floor":13,"turns":2},{"damage":2,"enemies":"2 Fungi Beasts","floor":14,"turns":3},{"damage":3,"enemies":"Slime Boss","floor":16,"turns":6},{"damage":10,"enemies":"Chosen","floor":18,"turns":4},{"damage":28,"enemies":"3 Byrds","floor":20,"turns":5},{"damage":30,"enemies":"Cultist and Chosen","floor":21,"turns":6},{"damage":9,"enemies":"3 Cultists","floor":22,"turns":3}],"seed_played":"7418224253406970495","potions_obtained":[{"floor":5,"key":"Swift Potion"},{"floor":12,"key":"AttackPotion"},{"floor":21,"key":"Dexterity Potion"}],"is_trial":false,"path_per_floor":["M","$","?","$","M","R","E","R","T","M","$","M","M","M","R","B",null,"M","$","M","M","M"],"character_chosen":"THE_SILENT","items_purchased":["Noxious Fumes","Bane"],"campfire_rested":1,"item_purchase_floors":[2,11],"current_hp_per_floor":[69,69,62,62,61,61,46,46,46,46,46,37,35,33,54,51,70,60,60,32,2,0],"gold":105,"neow_bonus":"THREE_CARDS","is_prod":false,"is_daily":false,"chose_seed":false,"campfire_upgraded":2,"win_rate":0,"timestamp":1549595724,"path_taken":["M","?","?","$","?","R","E","R","T","M","?","M","?","M","R","BOSS","M","$","M","M","M"],"build_version":"2019-01-23","purchased_purges":2,"victory":false,"max_hp_per_floor":[70,70,70,70,70,70,70,70,70,70,70,70,70,70,70,70,70,70,70,70,70,70],"card_choices":[{"not_picked":["PiercingWail","Eviscerate"],"picked":"Poisoned Stab","floor":0},{"not_picked":["Dagger Throw","Quick Slash","Underhanded Strike"],"picked":"SKIP","floor":1},{"not_picked":["PiercingWail","Dodge and Roll"],"picked":"Poisoned Stab","floor":5},{"not_picked":["Slice","Acrobatics","Underhanded Strike"],"picked":"SKIP","floor":7},{"not_picked":["Sucker Punch","Deadly Poison"],"picked":"Corpse Explosion","floor":10},{"not_picked":["Dodge and Roll","Sucker Punch"],"picked":"Deadly Poison","floor":12},{"not_picked":["Tactician","Dodge and Roll"],"picked":"Distraction","floor":13},{"not_picked":["Dagger Spray","Deflect","Prepared"],"picked":"SKIP","floor":14},{"not_picked":["Tools of the Trade","Malaise"],"picked":"Bullet Time","floor":16},{"not_picked":["Quick Slash","Underhanded Strike"],"picked":"Deadly Poison","floor":17},{"not_picked":["Predator","Blade Dance"],"picked":"Quick Slash","floor":17},{"not_picked":["Choke","Underhanded Strike"],"picked":"Flying Knee","floor":17},{"not_picked":["Well Laid Plans","Dagger Throw+1","Outmaneuver"],"picked":"SKIP","floor":18},{"not_picked":["Underhanded Strike+1","Endless Agony","Prepared"],"picked":"SKIP","floor":20},{"not_picked":["Bouncing Flask","PiercingWail","Acrobatics"],"picked":"SKIP","floor":21}],"player_experience":86328,"relics_obtained":[{"floor":7,"key":"Bag of Preparation"},{"floor":9,"key":"Sundial"}],"event_choices":[{"cards_removed":["Strike_G"],"damage_healed":0,"gold_gain":0,"player_choice":"Card Removal","damage_taken":7,"max_hp_gain":0,"max_hp_loss":0,"event_name":"Golden Wing","floor":3,"gold_loss":0}],"is_beta":false,"boss_relics":[{"not_picked":["Astrolabe","Snecko Eye"],"picked":"Orrery"}],"items_purged_floors":[2,19],"is_endless":false,"potions_floor_spawned":[5,12,21],"killed_by":"3 Cultists","ascension_level":0}