{"gold_per_floor":[363,375,390,106,56,84,84,84,111,111,126,141,141,155,155,250,250,262,17,28,47,47,47,47],"floor_reached":24,"playtime":4032,"items_purged":["Strike_R","Strike_R"],"score":198,"play_id":"c4ddb131-30eb-479b-a6e9-61db8105ca70","local_time":"20190210231640","is_ascension_mode":false,"campfire_choices":[{"data":"Whirlwind","floor":7,"key":"SMITH"},{"data":"Rampage","floor":10,"key":"SMITH"},{"floor":15,"key":"REST"},{"floor":23,"key":"REST"}],"neow_cost":"CURSE","seed_source_timestamp":225070896219676,"circlet_count":0,"master_deck":["Strike_R","Strike_R","Defend_R","Defend_R","Defend_R","Defend_R","Bash","Whirlwind+1","Warcry","Rampage+1","Flex","Rage","Spot Weakness","Demon Form"],"relics":["Burning Blood","HandDrill","Shuriken","Darkstone Periapt","Lantern","Busted Crown","Orichalcum"],"potions_floor_usage":[],"damage_taken":[{"damage":0,"enemies":"Small Slimes","floor":1,"turns":3},{"damage":1,"enemies":"Jaw Worm","floor":2,"turns":5},{"damage":6,"enemies":"Cultist","floor":3,"turns":4},{"damage":36,"enemies":"Gremlin Nob","floor":6,"turns":5},{"damage":4,"enemies":"2 Fungi Beasts","floor":11,"turns":3},{"damage":30,"enemies":"Large Slime","floor":12,"turns":4},{"damage":16,"enemies":"Exordium Thugs","floor":14,"turns":3},{"damage":31,"enemies":"Hexaghost","floor":16,"turns":8},{"damage":17,"enemies":"Spheric Guardian","floor":18,"turns":4},{"damage":29,"enemies":"2 Thieves","floor":20,"turns":3},{"damage":40,"enemies":"Shelled Parasite and Fungi","floor":21,"turns":6},{"damage":36,"enemies":"Slavers","floor":24,"turns":2}],"seed_played":"-7331971789483998345","potions_obtained":[{"floor":1,"key":"SkillPotion"},{"floor":11,"key":"SpeedPotion"},{"floor":12,"key":"Fire Potion"},{"floor":14,"key":"LiquidBronze"},{"floor":21,"key":"Strength Potion"}],"is_trial":false,"path_per_floor":["M","M","M","$","?","E","R","T","T","R","M","M","?","M","R","B",null,"M","$","M","M","$","R","E"],"character_chosen":"IRONCLAD","items_purchased":["HandDrill","Orichalcum"],"campfire_rested":2,"item_purchase_floors":[4,19],"current_hp_per_floor":[80,80,80,80,80,50,50,50,50,50,52,28,28,18,42,17,80,69,69,46,12,12,36,0],"gold":47,"neow_bonus":"TWO_FIFTY_GOLD","is_prod":false,"is_daily":false,"chose_seed":false,"campfire_upgraded":2,"win_rate":0.0,"timestamp":1549837000,"path_taken":["M","M","M","$","?","E","R","?","T","R","M","?","?","M","R","BOSS","M","$","M","M","$","R","E"],"build_version":"2019-01-23","purchased_purges":2,"victory":false,"max_hp_per_floor":[80,80,80,80,80,80,80,80,80,80,80,80,80,80,80,80,80,80,80,80,80,80,80,80],"card_choices":[{"not_picked":["Pummel","Spot Weakness"],"picked":"Whirlwind","floor":1},{"not_picked":["Cleave","Corruption"],"picked":"Warcry","floor":2},{"not_picked":["Reckless Charge","Carnage"],"picked":"Rampage","floor":3},{"not_picked":["Feel No Pain","Heavy Blade"],"picked":"Flex","floor":6},{"not_picked":["Armaments","Sentinel"],"picked":"Rage","floor":11},{"not_picked":["Cleave","Perfected Strike","Clothesline"],"picked":"SKIP","floor":12},{"not_picked":["Feel No Pain","Twin Strike"],"picked":"Spot Weakness","floor":14},{"not_picked":["Impervious","Bludgeon"],"picked":"Demon Form","floor":16},{"not_picked":["Clothesline"],"picked":"SKIP","floor":18},{"not_picked":["Wild Strike"],"picked":"SKIP","floor":20},{"not_picked":["Headbutt"],"picked":"SKIP","floor":21}],"player_experience":180576,"relics_obtained":[{"floor":6,"key":"Shuriken"},{"floor":8,"key":"Darkstone Periapt"},{"floor":9,"key":"Lantern"}],"event_choices":[{"cards_removed":["Clumsy"],"damage_healed":0,"gold_gain":0,"player_choice":"Card Removal","damage_taken":0,"max_hp_gain":0,"max_hp_loss":0,"event_name":"The Cleric","floor":5,"gold_loss":50},{"cards_removed":["Strike_R"],"damage_healed":0,"gold_gain":0,"player_choice":"Forget","damage_taken":0,"max_hp_gain":0,"max_hp_loss":0,"event_name":"Living Wall","floor":13,"gold_loss":0}],"is_beta":false,"boss_relics":[{"not_picked":["Snecko Eye","Cursed Key"],"picked":"Busted Crown"}],"items_purged_floors":[4,19],"is_endless":false,"potions_floor_spawned":[1,11,12,14,21],"killed_by":"Slavers","ascension_level":0}