{"gold_per_floor":[111,130,141,154,172,172,187,248,274,274,305,305,305,315,315,315],"floor_reached":16,"playtime":892,"items_purged":[],"score":148,"play_id":"332d09ae-221c-4c77-83c2-ade229a2723a","local_time":"20181202151044","is_ascension_mode":true,"campfire_choices":[{"data":"Flame Barrier","floor":6,"key":"SMITH"},{"data":"Flame Barrier","floor":10,"key":"SMITH"},{"data":"Seeing Red","floor":13,"key":"SMITH"},{"data":"Secret Technique","floor":15,"key":"SMITH"}],"neow_cost":"TEN_PERCENT_HP_LOSS","seed_source_timestamp":785153440343206,"circlet_count":0,"master_deck":["Strike_R","Strike_R","Strike_R","Strike_R","Strike_R","Defend_R","Defend_R","Defend_R","Defend_R","Bash","Secret Technique","Secret Technique+1","Sword Boomerang","Flame Barrier+1","Shrug It Off","Flame Barrier+1","Iron Wave","Seeing Red+1","Headbutt","Shrug It Off","Anger"],"relics":["Burning Blood","Tiny Chest","Smiling Mask","Darkstone Periapt","Toxic Egg 2"],"potions_floor_usage":[8,11,16],"damage_taken":[{"damage":6,"enemies":"Cultist","floor":1,"turns":3},{"damage":9,"enemies":"Jaw Worm","floor":2,"turns":3},{"damage":0,"enemies":"Small Slimes","floor":3,"turns":4},{"damage":7,"enemies":"Blue Slaver","floor":4,"turns":5},{"damage":9,"enemies":"Lots of Slimes","floor":5,"turns":6},{"damage":6,"enemies":"Large Slime","floor":7,"turns":11},{"damage":18,"enemies":"3 Sentries","floor":8,"turns":10},{"damage":20,"enemies":"Gremlin Nob","floor":11,"turns":5},{"damage":0,"enemies":"2 Fungi Beasts","floor":14,"turns":5},{"damage":49,"enemies":"The Guardian","floor":16,"turns":13}],"seed_played":"-107468917197682882","potions_obtained":[{"floor":2,"key":"Weak Potion"},{"floor":4,"key":"AttackPotion"},{"floor":5,"key":"Explosive Potion"}],"is_trial":false,"path_per_floor":["M","M","M","M","M","R","M","E","T","R","E","T","R","M","R","B"],"character_chosen":"IRONCLAD","items_purchased":[],"campfire_rested":0,"item_purchase_floors":[],"current_hp_per_floor":[72,69,72,71,68,68,68,56,56,56,42,42,42,48,48,0],"gold":315,"neow_bonus":"RANDOM_COLORLESS_2","is_prod":false,"is_daily":false,"chose_seed":false,"campfire_upgraded":4,"win_rate":0,"timestamp":1543781444,"path_taken":["M","M","M","?","M","R","M","E","T","R","E","?","R","?","R","BOSS"],"build_version":"2018-11-15","purchased_purges":0,"victory":false,"max_hp_per_floor":[72,72,72,72,72,72,72,72,72,72,72,72,72,72,72,72],"card_choices":[{"not_picked":["Clash","Evolve"],"picked":"Sword Boomerang","floor":1},{"not_picked":["Body Slam","True Grit"],"picked":"Flame Barrier","floor":2},{"not_picked":["Bloodletting","Body Slam"],"picked":"Shrug It Off","floor":3},{"not_picked":["Twin Strike","Thunderclap"],"picked":"Flame Barrier","floor":4},{"not_picked":["Clothesline","Brutality"],"picked":"Iron Wave","floor":5},{"not_picked":["Cleave","Wild Strike"],"picked":"Seeing Red","floor":7},{"not_picked":["Heavy Blade","Fire Breathing"],"picked":"Headbutt","floor":8},{"not_picked":["Perfected Strike","Sword Boomerang"],"picked":"Shrug It Off","floor":11},{"not_picked":["Sword Boomerang","Flex+1"],"picked":"Anger","floor":14}],"player_experience":337279,"relics_obtained":[{"floor":8,"key":"Tiny Chest"},{"floor":9,"key":"Smiling Mask"},{"floor":11,"key":"Darkstone Periapt"},{"floor":12,"key":"Toxic Egg 2"}],"event_choices":[],"is_beta":false,"boss_relics":[],"items_purged_floors":[],"is_endless":false,"potions_floor_spawned":[2,4,5],"killed_by":"The Guardian","ascension_level":6}