{"gold_per_floor":[110,120,132,151,163,188,188,202,252,277,277,277,291,316,316,416,416,436,436,536,56,72,72,91,107,131,142,142,159,159,172,172,172],"floor_reached":33,"playtime":5441,"items_purged":["Defend_G"],"score":560,"play_id":"83298fee-1828-4f23-9c31-40e6344ca6a6","local_time":"20181226204921","is_ascension_mode":true,"campfire_choices":[{"floor":7.0,"key":"REST"},{"floor":11.0,"key":"REST"},{"floor":15.0,"key":"REST"},{"floor":23,"key":"RECALL"},{"floor":28,"key":"REST"},{"floor":30,"key":"REST"},{"floor":32,"key":"REST"}],"neow_cost":"NONE","seed_source_timestamp":571595662638492,"circlet_count":0,"master_deck":["AscendersBane","Defend_G","Defend_G","Defend_G","Defend_G","Survivor","Neutralize","Poisoned Stab","Backflip+1","Dash","Burst","Blur","Venomology+1","Blur","Infinite Blades","Infinite Blades","Flying Knee","Doppelganger","Cloak And Dagger","Skewer","Dagger Spray","Leg Sweep","Blade Dance","Cloak And Dagger","Bite","Bite","Bite","Bite","Bite","Mayhem","Leg Sweep","Accuracy","Dash","PiercingWail","Cloak And Dagger","Blur","Noxious Fumes","Cloak And Dagger"],"special_seed":0,"relics":["WristBlade","Mango","War Paint","Ornamental Fan","Paper Crane","Orrery","Vajra"],"potions_floor_usage":[24,24,25,25,27,31,31,33,33],"damage_taken":[{"damage":15.0,"enemies":"Cultist","floor":1.0,"turns":5.0},{"damage":2.0,"enemies":"2 Louse","floor":2.0,"turns":4.0},{"damage":7.0,"enemies":"Small Slimes","floor":3.0,"turns":4.0},{"damage":1.0,"enemies":"Red Slaver","floor":4.0,"turns":5.0},{"damage":3.0,"enemies":"3 Louse","floor":5.0,"turns":6.0},{"damage":22.0,"enemies":"3 Sentries","floor":6.0,"turns":14.0},{"damage":12.0,"enemies":"Exordium Wildlife","floor":8.0,"turns":5.0},{"damage":28.0,"enemies":"Gremlin Nob","floor":10.0,"turns":5.0},{"damage":7.0,"enemies":"Gremlin Gang","floor":13.0,"turns":5.0},{"damage":1.0,"enemies":"Lagavulin","floor":14.0,"turns":5.0},{"damage":0.0,"enemies":"Slime Boss","floor":16.0,"turns":10.0},{"damage":12.0,"enemies":"Chosen","floor":18.0,"turns":7.0},{"damage":3.0,"enemies":"3 Byrds","floor":22.0,"turns":6.0},{"damage":23,"enemies":"3 Cultists","floor":24,"turns":6},{"damage":18,"enemies":"Centurion and Healer","floor":25,"turns":6},{"damage":13,"enemies":"Snake Plant","floor":27,"turns":8},{"damage":25,"enemies":"Sentry and Sphere","floor":29,"turns":5},{"damage":14,"enemies":"Shelled Parasite and Fungi","floor":31,"turns":10},{"damage":108,"enemies":"Collector","floor":33,"turns":7}],"seed_played":"-7977770912593295391","potions_obtained":[{"floor":5.0,"key":"FairyPotion"},{"floor":6.0,"key":"PowerPotion"},{"floor":10.0,"key":"AttackPotion"},{"floor":13.0,"key":"Regen Potion"},{"floor":14.0,"key":"PowerPotion"},{"floor":18.0,"key":"GamblersBrew"},{"floor":24,"key":"FearPotion"},{"floor":27,"key":"GamblersBrew"}],"is_trial":false,"path_per_floor":["M","M","M","M","M","E","R","M","T","E","R","T","M","E","R","B",null,"M","?","?","$","M","M","R","M","M","T","M","R","M","R","M","R","B"],"character_chosen":"THE_SILENT","items_purchased":["Mayhem","Leg Sweep","Accuracy","Dash"],"campfire_rested":6,"item_purchase_floors":[21,21,21,21],"current_hp_per_floor":[48,46,39,38,35,27,52,40,40,12,37,37,30,41,66,66,80,68,58,58,58,58,58,35,21,21,18,35,16,33,25,42,0],"gold":172,"neow_bonus":"BOSS_RELIC","is_prod":false,"is_daily":false,"chose_seed":false,"campfire_upgraded":0,"win_rate":0,"timestamp":1545857361,"path_taken":["M","M","?","M","M","E","R","M","T","E","R","?","M","E","R","BOSS","M","?","?","$","M","R","M","M","T","M","R","?","R","M","R","BOSS"],"build_version":"2018-12-20","purchased_purges":1,"victory":false,"max_hp_per_floor":[70,70,70,70,70,84,84,84,84,84,84,84,84,84,84,84,84,84,58,58,58,58,58,58,58,58,58,58,58,58,58,58,58],"card_choices":[{"not_picked":["Dodge and Roll","Outmaneuver"],"picked":"Poisoned Stab","floor":1.0},{"not_picked":["Deadly Poison","Bane"],"picked":"Backflip","floor":2.0},{"not_picked":["Slice","Blur"],"picked":"Dash","floor":3.0},{"not_picked":["Prepared","Slice"],"picked":"Burst","floor":4.0},{"not_picked":["Flechettes","Cloak And Dagger"],"picked":"Blur","floor":5.0},{"not_picked":["Acrobatics","Poisoned Stab"],"picked":"Venomology","floor":6.0},{"not_picked":["Tactician","PiercingWail"],"picked":"Blur","floor":8.0},{"not_picked":["Finisher","Deflect"],"picked":"Infinite Blades","floor":10.0},{"not_picked":["Acrobatics","Accuracy"],"picked":"Infinite Blades","floor":13.0},{"not_picked":["Tactician","Calculated Gamble"],"picked":"Flying Knee","floor":14.0},{"not_picked":["Grand Finale","A Thousand Cuts"],"picked":"Doppelganger","floor":16.0},{"not_picked":["Outmaneuver","Acrobatics"],"picked":"Cloak And Dagger","floor":17.0},{"not_picked":["Flying Knee","Masterful Stab"],"picked":"Skewer","floor":17.0},{"not_picked":["Caltrops","Flechettes"],"picked":"Dagger Spray","floor":17.0},{"not_picked":["Deadly Poison","Distraction"],"picked":"Leg Sweep","floor":17.0},{"not_picked":["Eviscerate","Backstab"],"picked":"Blade Dance","floor":17.0},{"not_picked":["Deflect","PiercingWail"],"picked":"Cloak And Dagger","floor":18.0},{"not_picked":["Eviscerate","Slice"],"picked":"PiercingWail","floor":22},{"not_picked":["PiercingWail","Quick Slash+1"],"picked":"Cloak And Dagger","floor":24},{"not_picked":["Outmaneuver","Glass Knife","Expertise+1"],"picked":"SKIP","floor":25},{"not_picked":["Deflect","Calculated Gamble"],"picked":"Blur","floor":27},{"not_picked":["Prepared","Acrobatics"],"picked":"Noxious Fumes","floor":29},{"not_picked":["Masterful Stab","Dagger Throw"],"picked":"Cloak And Dagger","floor":31}],"player_experience":1087929,"relics_obtained":[{"floor":6.0,"key":"Mango"},{"floor":10.0,"key":"War Paint"},{"floor":12.0,"key":"Ornamental Fan"},{"floor":14.0,"key":"Paper Crane"},{"floor":26,"key":"Vajra"}],"event_choices":[{"damage_healed":0.0,"max_hp_gain":0.0,"max_hp_loss":26.0,"gold_gain":0.0,"event_name":"Vampires","player_choice":"Became a vampire","floor":19.0,"gold_loss":0.0,"damage_taken":0.0,"cards_obtained":["Bite","Bite","Bite","Bite","Bite"]},{"damage_healed":0.0,"max_hp_gain":0.0,"max_hp_loss":0.0,"gold_gain":100.0,"event_name":"Golden Shrine","player_choice":"Pray","floor":20.0,"gold_loss":0.0,"damage_taken":0.0}],"is_beta":false,"boss_relics":[{"not_picked":["Tiny House","Black Star"],"picked":"Orrery"}],"items_purged_floors":[21],"is_endless":false,"potions_floor_spawned":[5,6,10,13,14,18,22,24,27],"killed_by":"Collector","ascension_level":10}