{"gold_per_floor":[117,131,33,45,57,90,102,127,127,127,127,141,203,203,203,299,299,314,5,5,20,34,34,34,34,59,59,74,104,124,144,144,248,248,260,279,103,113,123,123,150,150,150,150,150,170,187,187,187,187],"floor_reached":51,"playtime":2577,"items_purged":["Decay","Decay"],"score":901,"play_id":"8ee5fe87-f22e-40e2-8175-7141755d5f95","local_time":"20190209143344","is_ascension_mode":true,"campfire_choices":[{"data":"Genetic Algorithm","floor":10,"key":"SMITH"},{"data":"White Noise","floor":11,"key":"SMITH"},{"data":"Sunder","floor":15,"key":"SMITH"},{"data":"Consume","floor":23,"key":"SMITH"},{"data":"Capacitor","floor":24,"key":"SMITH"},{"data":"Self Repair","floor":27,"key":"SMITH"},{"floor":32,"key":"REST"},{"data":"Tempest","floor":40,"key":"SMITH"},{"data":"Defragment","floor":42,"key":"SMITH"},{"data":"Storm","floor":44,"key":"SMITH"},{"floor":49,"key":"REST"}],"neow_cost":"CURSE","seed_source_timestamp":679982652752600,"circlet_count":0,"master_deck":["Strike_B+1","Strike_B+1","Strike_B+1","Strike_B+1","Defend_B+1","Defend_B+1","Defend_B+1","Defend_B+1","Zap+1","Dualcast+1","Sunder+1","Self Repair+1","Conserve Battery+1","Tempest+1","Coolheaded+1","White Noise+1","BootSequence+1","Genetic Algorithm+1","Coolheaded+1","Thunder Strike+1","Capacitor+1","Consume+1","White Noise+1","Coolheaded+1","Coolheaded+1","Echo Form+1","Skim+1","Tempest+1","Storm+1","Go for the Eyes+1","Reinforced Body+1","Defragment+1"],"relics":["Cracked Core","WingedGreaves","War Paint","Molten Egg 2","Incense Burner","Shuriken","Turnip","Cursed Key","Ice Cream","Omamori","Kunai","Sozu","Anchor","Pear","Mark of the Bloom"],"potions_floor_usage":[6,7,22,29,50,50],"damage_taken":[{"damage":3,"enemies":"2 Louse","floor":1,"turns":2},{"damage":2,"enemies":"Jaw Worm","floor":2,"turns":3},{"damage":0,"enemies":"Small Slimes","floor":4,"turns":3},{"damage":6,"enemies":"Looter","floor":5,"turns":4},{"damage":36,"enemies":"3 Sentries","floor":6,"turns":10},{"damage":3,"enemies":"Gremlin Gang","floor":7,"turns":5},{"damage":9,"enemies":"Lagavulin","floor":8,"turns":6},{"damage":5,"enemies":"3 Louse","floor":12,"turns":4},{"damage":19,"enemies":"Gremlin Nob","floor":13,"turns":4},{"damage":29,"enemies":"The Guardian","floor":16,"turns":12},{"damage":10,"enemies":"2 Thieves","floor":18,"turns":4},{"damage":0,"enemies":"Spheric Guardian","floor":21,"turns":4},{"damage":25,"enemies":"3 Cultists","floor":22,"turns":6},{"damage":0,"enemies":"Snecko","floor":28,"turns":3},{"damage":25,"enemies":"Slavers","floor":29,"turns":8},{"damage":0,"enemies":"Cultist and Chosen","floor":30,"turns":5},{"damage":21,"enemies":"Snake Plant","floor":31,"turns":4},{"damage":31,"enemies":"Automaton","floor":33,"turns":11},{"damage":0,"enemies":"3 Darklings","floor":35,"turns":6},{"damage":0,"enemies":"Orb Walker","floor":36,"turns":3},{"damage":0,"enemies":"Sphere and 2 Shapes","floor":38,"turns":3},{"damage":4,"enemies":"Transient","floor":39,"turns":5},{"damage":16,"enemies":"Reptomancer","floor":41,"turns":5},{"damage":0,"enemies":"4 Shapes","floor":46,"turns":3},{"damage":12,"enemies":"Sphere and 2 Shapes","floor":47,"turns":3},{"damage":36,"enemies":"Awakened One","floor":50,"turns":8}],"seed_played":"-5845034319801077638","potions_obtained":[{"floor":4,"key":"Regen Potion"},{"floor":5,"key":"SteroidPotion"},{"floor":13,"key":"Strength Potion"},{"floor":16,"key":"Poison Potion"},{"floor":21,"key":"LiquidBronze"},{"floor":29,"key":"Explosive Potion"},{"floor":31,"key":"Poison Potion"}],"is_trial":false,"path_per_floor":["M","M","$","M","M","E","M","E","T","R","R","M","?","?","R","B",null,"M","$","?","M","M","R","R","$","T","R","M","E","M","M","R","B",null,"M","M","$","M","M","R","E","R","T","R","?","M","M","?","R","B",null],"character_chosen":"DEFECT","items_purchased":["Conserve Battery","Ice Cream","Storm"],"campfire_rested":2,"item_purchase_floors":[3,19,37],"current_hp_per_floor":[72,70,70,75,75,61,65,70,70,70,70,72,60,53,53,31,64,61,61,61,68,50,50,50,50,50,50,50,35,45,34,56,35,65,75,75,75,75,75,75,59,59,69,69,69,79,77,77,77,41],"gold":187,"neow_bonus":"ONE_RARE_RELIC","is_prod":false,"is_daily":false,"chose_seed":false,"campfire_upgraded":9,"win_rate":0,"timestamp":1549748024,"path_taken":["M","M","$","M","M","E","M","E","T","R","R","M","?","?","R","BOSS","M","$","?","M","M","R","R","$","T","R","M","E","M","M","R","BOSS","M","M","$","M","M","R","E","R","T","R","?","M","M","?","R","BOSS"],"build_version":"2019-01-23","purchased_purges":2,"victory":true,"max_hp_per_floor":[75,75,75,75,75,75,75,75,75,75,75,75,75,75,75,75,75,75,75,75,75,75,75,75,75,75,75,75,75,75,75,75,75,75,75,75,75,75,75,75,75,75,85,85,85,85,85,85,85,85],"card_choices":[{"not_picked":["Stack","FTL"],"picked":"Sunder","floor":1},{"not_picked":["BootSequence","Leap"],"picked":"Self Repair","floor":2},{"not_picked":["Stack","Aggregate"],"picked":"Tempest","floor":4},{"not_picked":["Turbo","Beam Cell"],"picked":"Coolheaded","floor":5},{"not_picked":["Hologram","Stack"],"picked":"White Noise","floor":6},{"not_picked":["Sweeping Beam","Reinforced Body"],"picked":"BootSequence","floor":7},{"not_picked":["Go for the Eyes","Reboot"],"picked":"Genetic Algorithm","floor":8},{"not_picked":["Scrape+1","Fusion","Steam Power"],"picked":"SKIP","floor":12},{"not_picked":["Steam","Aggregate"],"picked":"Coolheaded","floor":13},{"not_picked":["Meteor Strike+1","Rainbow"],"picked":"Thunder Strike+1","floor":16},{"not_picked":["Redo+1","Fusion"],"picked":"Capacitor","floor":18},{"not_picked":["Coolheaded","Stack"],"picked":"Consume","floor":21},{"not_picked":["Reinforced Body","Redo"],"picked":"White Noise+1","floor":22},{"not_picked":["Streamline+1","Redo","Lockon+1"],"picked":"SKIP","floor":28},{"not_picked":["Ball Lightning+1","Compile Driver+1","Consume+1"],"picked":"SKIP","floor":29},{"not_picked":["Redo","Chaos"],"picked":"Coolheaded+1","floor":30},{"not_picked":["Ball Lightning+1","Beam Cell+1"],"picked":"Coolheaded","floor":31},{"not_picked":["Creative AI","Seek"],"picked":"Echo Form","floor":33},{"not_picked":["Streamline+1","Gash+1"],"picked":"Skim+1","floor":35},{"not_picked":["Rebound+1","Redo"],"picked":"Tempest","floor":36},{"not_picked":["Gash+1","Stack"],"picked":"Go for the Eyes+1","floor":38},{"not_picked":["Go for the Eyes+1","Compile Driver+1"],"picked":"Reinforced Body+1","floor":39},{"not_picked":["Redo","Glacier+1"],"picked":"Defragment","floor":41},{"not_picked":["Recycle","Conserve Battery","Rebound+1"],"picked":"SKIP","floor":46},{"not_picked":["Sweeping Beam+1","Melter+1","Recycle+1"],"picked":"SKIP","floor":47}],"player_experience":318347,"relics_obtained":[{"floor":6,"key":"War Paint"},{"floor":8,"key":"Molten Egg 2"},{"floor":9,"key":"Incense Burner"},{"floor":13,"key":"Shuriken"},{"floor":26,"key":"Omamori"},{"floor":29,"key":"Kunai"},{"floor":41,"key":"Anchor"},{"floor":43,"key":"Pear"}],"event_choices":[{"damage_healed":0,"gold_gain":0,"player_choice":"Searched \u00272\u0027 times","damage_taken":0,"max_hp_gain":0,"max_hp_loss":0,"event_name":"Dead Adventurer","floor":13,"gold_loss":0},{"damage_healed":0,"gold_gain":0,"player_choice":"Success","damage_taken":7,"relics_obtained":["Turnip"],"max_hp_gain":0,"max_hp_loss":0,"event_name":"Scrap Ooze","floor":14,"gold_loss":0},{"damage_healed":0,"gold_gain":0,"player_choice":"Ignored","damage_taken":0,"max_hp_gain":0,"max_hp_loss":0,"event_name":"Beggar","floor":20,"gold_loss":0},{"damage_healed":0,"gold_gain":0,"player_choice":"Memory 1","damage_taken":0,"max_hp_gain":0,"max_hp_loss":0,"event_name":"SensoryStone","floor":45,"gold_loss":0},{"damage_healed":0,"gold_gain":0,"player_choice":"Upgrade","damage_taken":0,"relics_obtained":["Mark of the Bloom"],"max_hp_gain":0,"max_hp_loss":0,"event_name":"MindBloom","floor":48,"gold_loss":0,"cards_upgraded":["Strike_B","Strike_B","Strike_B","Strike_B","Defend_B","Defend_B","Defend_B","Zap","Conserve Battery","Coolheaded","BootSequence","Coolheaded","Coolheaded","Echo Form","Tempest"]}],"is_beta":false,"boss_relics":[{"not_picked":["Pandora\u0027s Box","Nuclear Battery"],"picked":"Cursed Key"},{"not_picked":["White Beast Statue","Snecko Eye"],"picked":"Sozu"}],"items_purged_floors":[3,37],"is_endless":false,"potions_floor_spawned":[4,5,13,16,21,29,31,36,38,41,46,47],"ascension_level":5}