{"gold_per_floor":[110,130,143,143,143,181,181,167,191,207,85,99,99,151,151,280,280,305,305],"floor_reached":19,"playtime":4062,"items_purged":["Injury"],"score":177,"play_id":"d49d6675-6945-4829-801c-5bf7e0e770ea","local_time":"20190204225540","is_ascension_mode":true,"campfire_choices":[{"floor":7.0,"key":"REST"},{"floor":13.0,"key":"REST"},{"floor":15.0,"key":"RECALL"}],"neow_cost":"NONE","seed_source_timestamp":0,"circlet_count":0,"master_deck":["Strike_R","Strike_R","Strike_R","Defend_R","Defend_R","Defend_R","Defend_R","Bash","ReplayTheSpireMod:Strike From Hell","Feel No Pain","Intimidate+1","Warcry","Dropkick","Dark Embrace","True Grit","Blood for Blood","Juggernaut","Headbutt"],"special_seed":0,"relics":["Burning Blood","Golden Idol","Champion Belt","hubris:SlimyHat","Empty Cage"],"potions_floor_usage":[19],"damage_taken":[{"damage":3.0,"enemies":"2 Louse","floor":1.0,"turns":4.0},{"damage":1.0,"enemies":"Jaw Worm","floor":2.0,"turns":6.0},{"damage":18.0,"enemies":"Cultist","floor":3.0,"turns":5.0},{"damage":52.0,"enemies":"Gremlin Nob","floor":6.0,"turns":7.0},{"damage":7.0,"enemies":"Exordium Thugs","floor":8.0,"turns":4.0},{"damage":24.0,"enemies":"Lots of Slimes","floor":10.0,"turns":7.0},{"damage":11.0,"enemies":"3 Louse","floor":12.0,"turns":8.0},{"damage":57.0,"enemies":"Fading Forest","floor":16.0,"turns":11.0},{"damage":48.0,"enemies":"Spheric Guardian","floor":18.0,"turns":9.0},{"damage":48,"enemies":"3 Byrds","floor":19,"turns":7}],"seed_played":"8878883280252836359","potions_obtained":[{"floor":3.0,"key":"Flashbang"},{"floor":6.0,"key":"Elixir"},{"floor":12.0,"key":"Explosive Potion"},{"floor":16.0,"key":"Elixir"},{"floor":18.0,"key":"FearPotion"}],"is_trial":false,"path_per_floor":["M","M","M","?","?","E","R","M","T","M","$","M","R","T","R","B",null,"M","M"],"character_chosen":"IRONCLAD","items_purchased":["True Grit"],"campfire_rested":2,"item_purchase_floors":[11],"current_hp_per_floor":[88,88,76,76,76,30,56,55,55,37,37,32,58,58,58,17,88,46,0],"gold":305,"neow_bonus":"TEN_PERCENT_HP_BONUS","is_prod":false,"is_daily":false,"chose_seed":false,"campfire_upgraded":0,"win_rate":0,"timestamp":1549317340,"path_taken":["M","M","M","?","?","E","R","M","T","M","$","?","R","?","R","BOSS","M","M"],"build_version":"2019-01-23","purchased_purges":1,"victory":false,"max_hp_per_floor":[88,88,88,88,88,88,88,88,88,88,88,88,88,88,88,88,88,88,88],"card_choices":[{"not_picked":["Defy Death","Ghostly Armor"],"picked":"ReplayTheSpireMod:Strike From Hell","floor":1.0},{"not_picked":["Heavy Blade","ReplayTheSpireMod:LeadingStrike"],"picked":"Feel No Pain","floor":2.0},{"not_picked":["Clothesline","ReplayTheSpireMod:Muscle Training"],"picked":"Intimidate","floor":3.0},{"not_picked":["Iron Wave","Whirlwind"],"picked":"Warcry","floor":6.0},{"not_picked":["Wild Strike","Shrug It Off"],"picked":"Dropkick","floor":8.0},{"not_picked":["Headbutt","True Grit"],"picked":"Dark Embrace","floor":10.0},{"not_picked":["Replay:Undeath\u0027s Touch","Perfected Strike"],"picked":"Blood for Blood","floor":12.0},{"not_picked":["Brutality","Barricade"],"picked":"Juggernaut","floor":16.0},{"not_picked":["Entrench","Flex+1"],"picked":"Headbutt","floor":18.0}],"player_experience":154529,"relics_obtained":[{"floor":6.0,"key":"Champion Belt"},{"floor":14.0,"key":"hubris:SlimyHat"}],"event_choices":[{"damage_healed":0.0,"max_hp_gain":0.0,"max_hp_loss":0.0,"gold_gain":0.0,"event_name":"Golden Idol","player_choice":"Take Wound","floor":4.0,"gold_loss":0.0,"damage_taken":0.0,"relics_obtained":["Golden Idol"],"cards_obtained":["Injury"]},{"damage_healed":0.0,"max_hp_gain":0.0,"max_hp_loss":0.0,"gold_gain":0.0,"event_name":"Upgrade Shrine","player_choice":"Upgraded","floor":5.0,"gold_loss":0.0,"damage_taken":0.0,"cards_upgraded":["Intimidate"]}],"is_beta":false,"boss_relics":[{"not_picked":["Busted Crown","hubris:CrackedHourglass"],"picked":"Empty Cage"}],"items_purged_floors":[11],"is_endless":false,"potions_floor_spawned":[3,6,12,16,18],"killed_by":"3 Byrds","ascension_level":1}