{"gold_per_floor":[109,127,52,52,71,71,102,102,102,120,120,120,131,131,131,226,226,241,241],"floor_reached":19,"playtime":616,"items_purged":["Normality"],"score":292,"play_id":"d782116a-1611-4942-8a35-ca19fba57ec1","local_time":"20181222174657","is_ascension_mode":true,"campfire_choices":[{"data":"Cleave","floor":6,"key":"SMITH"},{"data":"Entrench","floor":8,"key":"SMITH"},{"data":"Iron Wave","floor":11,"key":"SMITH"},{"data":"Bash","floor":15,"key":"SMITH"}],"neow_cost":"CURSE","seed_source_timestamp":257270961535145,"circlet_count":0,"master_deck":["AscendersBane","Strike_R","Strike_R","Strike_R","Strike_R","Defend_R","Defend_R","Defend_R","Defend_R","Bash+1","Cleave+1","Iron Wave+1","Entrench+1","Cleave","Limit Break","Whirlwind"],"relics":["Burning Blood","Bird Faced Urn","Blue Candle","Juzu Bracelet","Black Star"],"potions_floor_usage":[7,7,16,18,19],"damage_taken":[{"damage":6,"enemies":"Cultist","floor":1,"turns":3},{"damage":7,"enemies":"Small Slimes","floor":2,"turns":3},{"damage":15,"enemies":"2 Louse","floor":5,"turns":3},{"damage":33,"enemies":"Gremlin Nob","floor":7,"turns":5},{"damage":26,"enemies":"Exordium Thugs","floor":10,"turns":5},{"damage":25,"enemies":"Large Slime","floor":13,"turns":6},{"damage":82,"enemies":"The Guardian","floor":16,"turns":13},{"damage":43,"enemies":"3 Byrds","floor":18,"turns":6},{"damage":41,"enemies":"Spheric Guardian","floor":19,"turns":5}],"seed_played":"-8927065525397488573","potions_obtained":[{"floor":1,"key":"Ancient Potion"},{"floor":2,"key":"Energy Potion"},{"floor":13,"key":"AttackPotion"},{"floor":16,"key":"Fire Potion"},{"floor":18,"key":"AttackPotion"}],"is_trial":false,"path_per_floor":["M","M","$","?","M","R","E","R","T","M","R","?","M","?","R","B",null,"M","M"],"character_chosen":"IRONCLAD","items_purchased":[],"campfire_rested":0,"item_purchase_floors":[],"current_hp_per_floor":[72,71,71,76,69,69,44,44,44,26,26,26,9,95,95,19,76,39,0],"gold":241,"neow_bonus":"ONE_RARE_RELIC","is_prod":false,"is_daily":false,"chose_seed":false,"campfire_upgraded":4,"win_rate":0,"timestamp":1545518817,"path_taken":["M","M","$","?","M","R","E","R","T","M","R","?","M","?","R","BOSS","M","M"],"build_version":"2018-12-20","purchased_purges":1,"victory":false,"max_hp_per_floor":[80,80,80,85,85,85,85,85,85,85,85,85,85,95,95,95,95,95,95],"card_choices":[{"not_picked":["Havoc","Flex"],"picked":"Cleave","floor":1},{"not_picked":["Rage","Flex"],"picked":"Brutality","floor":2},{"not_picked":["True Grit","Body Slam"],"picked":"Iron Wave","floor":5},{"not_picked":["Sword Boomerang","Hemokinesis"],"picked":"Entrench","floor":7},{"not_picked":["Intimidate","Wild Strike","Rampage"],"picked":"SKIP","floor":10},{"not_picked":["Heavy Blade","Twin Strike"],"picked":"Cleave","floor":13},{"not_picked":["Bludgeon","Immolate"],"picked":"Limit Break","floor":16},{"not_picked":["Anger","Hemokinesis"],"picked":"Whirlwind","floor":18}],"player_experience":595037,"relics_obtained":[{"floor":7,"key":"Blue Candle"},{"floor":9,"key":"Juzu Bracelet"}],"event_choices":[{"damage_healed":0,"gold_gain":0,"player_choice":"Donut","damage_taken":0,"max_hp_gain":5,"max_hp_loss":0,"event_name":"Big Fish","floor":4,"gold_loss":0},{"cards_removed":["Strike_R"],"damage_healed":0,"gold_gain":0,"player_choice":"Forget","damage_taken":0,"max_hp_gain":0,"max_hp_loss":0,"event_name":"Living Wall","floor":12,"gold_loss":0},{"cards_removed":["Brutality"],"damage_healed":76,"gold_gain":0,"player_choice":"Offered Rare","damage_taken":0,"max_hp_gain":10,"max_hp_loss":0,"event_name":"Bonfire Elementals","floor":14,"gold_loss":0}],"is_beta":true,"boss_relics":[{"not_picked":["Orrery","Mark of Pain"],"picked":"Black Star"}],"items_purged_floors":[3],"is_endless":false,"potions_floor_spawned":[1,2,13,16,18],"killed_by":"Spheric Guardian","ascension_level":12}