{"gold_per_floor":[116,133,133,133,149,149,175,175,211,187,287,304,314,324,324,421,421],"floor_reached":17,"playtime":439,"items_purged":[],"score":257,"play_id":"213cf4fa-397d-4c63-9e9d-b1133ff50e53","local_time":"20190130021430","is_ascension_mode":false,"campfire_choices":[{"data":"Searing Blow+61","floor":6,"key":"SMITH"},{"data":"Shrug It Off","floor":8,"key":"SMITH"},{"data":"Shrug It Off","floor":15,"key":"SMITH"}],"neow_cost":"","seed_source_timestamp":0,"circlet_count":0,"master_deck":["Shrug It Off+1","Shrug It Off+1","Searing Blow+62","Dropkick","Dropkick","Thunderclap","Dropkick","Thunderclap"],"relics":["Burning Blood","Paper Frog","Ring of the Serpent","Black Blood","Blood Vial","Magic Flower","Mango","Shuriken","Omamori","Kunai","Ornamental Fan","Ice Cream","Nunchaku","Pantograph","Boot"],"potions_floor_usage":[],"damage_taken":[{"damage":0,"enemies":"Jaw Worm","floor":1,"turns":1},{"damage":0,"enemies":"2 Louse","floor":2,"turns":1},{"damage":0,"enemies":"Small Slimes","floor":5,"turns":1},{"damage":0,"enemies":"3 Sentries","floor":7,"turns":3},{"damage":0,"enemies":"Red Slaver","floor":9,"turns":2},{"damage":0,"enemies":"Red Slaver","floor":12,"turns":1},{"damage":0,"enemies":"Exordium Thugs","floor":13,"turns":1},{"damage":0,"enemies":"Lots of Slimes","floor":14,"turns":1},{"damage":0,"enemies":"Hexaghost","floor":16,"turns":1}],"seed_played":"-6245874153663972630","potions_obtained":[{"floor":1,"key":"Block Potion"},{"floor":12,"key":"Ancient Potion"},{"floor":13,"key":"Ancient Potion"}],"is_trial":true,"path_per_floor":["M","M","?","?","M","R","E","R","MIM","$","?","M","M","M","R","B",null],"character_chosen":"IRONCLAD","items_purchased":["Thunderclap"],"campfire_rested":0,"item_purchase_floors":[10],"current_hp_per_floor":[94,94,94,94,94,94,94,94,94,94,94,94,94,94,94,94,94],"gold":421,"neow_bonus":"","is_prod":false,"is_daily":false,"chose_seed":false,"campfire_upgraded":3,"win_rate":0,"timestamp":1548832470,"path_taken":["M","M","?","?","M","R","E","R","MIM","$","?","M","M","?","R","BOSS"],"build_version":"2019-01-23","purchased_purges":0,"victory":false,"max_hp_per_floor":[94,94,94,94,94,94,94,94,94,94,94,94,94,94,94,94,94],"card_choices":[{"not_picked":["Combust","Whirlwind"],"picked":"Dropkick","floor":1},{"not_picked":["Cleave","Perfected Strike","Disarm"],"picked":"SKIP","floor":2},{"not_picked":["Flex","Spot Weakness","Body Slam"],"picked":"SKIP","floor":5},{"not_picked":["Uppercut","Disarm","Bludgeon"],"picked":"SKIP","floor":7},{"not_picked":["Flex","Sentinel","Uppercut"],"picked":"SKIP","floor":12},{"not_picked":["Flame Barrier","Iron Wave","Inflame"],"picked":"SKIP","floor":13},{"not_picked":["Wild Strike","Body Slam","Shockwave"],"picked":"SKIP","floor":14}],"player_experience":521393,"relics_obtained":[{"floor":7,"key":"Pantograph"},{"floor":9,"key":"Boot"}],"event_choices":[{"damage_healed":0,"gold_gain":0,"player_choice":"Grow","damage_taken":0,"max_hp_gain":0,"max_hp_loss":0,"event_name":"Living Wall","floor":3,"gold_loss":0,"cards_upgraded":["Searing Blow"]},{"damage_healed":0,"gold_gain":0,"player_choice":"Leave","damage_taken":0,"max_hp_gain":0,"max_hp_loss":0,"event_name":"The Cleric","floor":4,"gold_loss":0},{"damage_healed":0,"gold_gain":100,"player_choice":"Pray","damage_taken":0,"max_hp_gain":0,"max_hp_loss":0,"event_name":"Golden Shrine","floor":11,"gold_loss":0}],"is_beta":false,"boss_relics":[],"items_purged_floors":[],"is_endless":false,"potions_floor_spawned":[1,12,13,14],"ascension_level":0}