{"gold_per_floor":[114,41,58,233,249,249,263,141,141,23,23,23,35,50,50,155,155,127,145,66,66,66,66,165,165,247,247,257,157,175,201,201,301,301,314,314,325,340,358,358,376,376,376,376,376,153,153,166,166,166],"floor_reached":50,"playtime":4592,"items_purged":["Doubt","Strike_G","Strike_G"],"score":507,"play_id":"a57a1549-d588-4b67-9345-916195a1e2be","local_time":"20180807144528","is_ascension_mode":false,"campfire_choices":[{"data":"Neutralize","floor":6.0,"key":"SMITH"},{"data":"Catalyst","floor":12.0,"key":"SMITH"},{"data":"Catalyst","floor":15.0,"key":"SMITH"},{"data":"Well Laid Plans","floor":23.0,"key":"SMITH"},{"data":"Burst","floor":25.0,"key":"SMITH"},{"data":"Ghostly","floor":27.0,"key":"SMITH"},{"data":"Malaise","floor":32.0,"key":"SMITH"},{"data":"Crippling Poison","floor":40.0,"key":"SMITH"},{"data":"Malaise","floor":42.0,"key":"SMITH"},{"data":"Ghostly","floor":44.0,"key":"SMITH"},{"data":"Ghostly","floor":49.0,"key":"SMITH"}],"neow_cost":"NONE","seed_source_timestamp":0,"circlet_count":0,"master_deck":["Defend_G","Defend_G","Defend_G","Defend_G","Defend_G","Strike_G","Strike_G","Strike_G","Survivor","Neutralize+1","Flying Knee","Deadly Poison","Sucker Punch","Deadly Poison","Outmaneuver","Malaise+1","PiercingWail","Catalyst+1","Noxious Fumes","Crippling Poison+1","Catalyst+1","Burst+1","Well Laid Plans+1","Blur","Ghostly+1","Ghostly+1","Ghostly+1","Ghostly","Ghostly","Leg Sweep","Malaise+1","Backflip+1","Adrenaline","Footwork+1","PiercingWail+1","Madness","Madness"],"special_seed":0,"relics":["Eternal Feather"],"potions_floor_usage":[50,50],"damage_taken":[{"damage":1.0,"enemies":"Cultist","floor":1.0,"turns":5.0},{"damage":5.0,"enemies":"Small Slimes","floor":3.0,"turns":3.0},{"damage":3.0,"enemies":"Jaw Worm","floor":5.0,"turns":4.0},{"damage":2.0,"enemies":"Looter","floor":7.0,"turns":4.0},{"damage":10.0,"enemies":"2 Fungi Beasts","floor":13.0,"turns":5.0},{"damage":14.0,"enemies":"Blue Slaver","floor":14.0,"turns":5.0},{"damage":10.0,"enemies":"Hexaghost","floor":16.0,"turns":6.0},{"damage":26.0,"enemies":"2 Thieves","floor":18.0,"turns":5.0},{"damage":1.0,"enemies":"Chosen","floor":19.0,"turns":4.0},{"damage":4.0,"enemies":"Centurion and Healer","floor":28.0,"turns":12.0},{"damage":3.0,"enemies":"Snake Plant","floor":30.0,"turns":6.0},{"damage":5.0,"enemies":"Champ","floor":33.0,"turns":11.0},{"damage":11.0,"enemies":"3 Darklings","floor":35.0,"turns":9.0},{"damage":11.0,"enemies":"Orb Walker","floor":37.0,"turns":8.0},{"damage":0.0,"enemies":"Spire Growth","floor":38.0,"turns":4.0},{"damage":3.0,"enemies":"Sphere and 2 Shapes","floor":39.0,"turns":11.0},{"damage":3.0,"enemies":"Maw","floor":41.0,"turns":9.0},{"damage":2.0,"enemies":"Transient","floor":48.0,"turns":5.0},{"damage":35,"enemies":"Awakened One","floor":50,"turns":7}],"seed_played":"9191352678784637446","potions_obtained":[{"floor":7.0,"key":"LiquidBronze"},{"floor":14.0,"key":"Explosive Potion"},{"floor":19.0,"key":"Explosive Potion"},{"floor":33.0,"key":"Poison Potion"},{"floor":35.0,"key":"Fire Potion"},{"floor":37.0,"key":"GamblersBrew"},{"floor":48.0,"key":"PowerPotion"}],"is_trial":false,"path_per_floor":["M","$","M","?","M","R","M","$","T","$","T","R","M","M","R","B",null,"M","M","$","?","?","R","?","R","T","R","M","$","M","T","R","B",null,"M","?","M","M","M","R","M","R","T","R","?","$","?","M","R"],"character_chosen":"THE_SILENT","items_purchased":["Deadly Poison","Sucker Punch","PiercingWail","Catalyst","Noxious Fumes","Blur","Dexterity Potion","Fire Potion"],"campfire_rested":0,"item_purchase_floors":[2,2,8,10,10,20,46,46],"current_hp_per_floor":[69,69,64,64,61,70,68,68,68,68,68,70,60,46,58,48,70,44,43,43,35,35,35,35,35,35,35,31,31,28,28,35,30,35,24,24,13,13,10,31,28,35,35,35,31,31,31,29,35,0],"gold":166,"neow_bonus":"BOSS_RELIC","is_prod":false,"is_daily":false,"chose_seed":false,"campfire_upgraded":11,"win_rate":0,"timestamp":1533667528,"path_taken":["M","?","M","?","M","R","M","$","T","?","?","R","M","M","R","BOSS","M","M","$","?","?","R","?","R","T","R","M","$","M","?","R","BOSS","M","?","M","M","M","R","M","R","T","R","?","$","?","M","R","BOSS"],"build_version":"2018-08-02","purchased_purges":3,"victory":false,"max_hp_per_floor":[70,70,70,70,70,70,70,70,70,70,70,70,70,70,70,70,70,70,70,70,35,35,35,35,35,35,35,35,35,35,35,35,35,35,35,35,35,35,35,35,35,35,35,35,35,35,35,35,35,35],"card_choices":[{"not_picked":["Deflect","Distraction"],"picked":"Flying Knee","floor":1.0},{"not_picked":["Slice","Dagger Throw"],"picked":"Deadly Poison","floor":3.0},{"not_picked":["Predator","Blade Dance"],"picked":"Outmaneuver","floor":5.0},{"not_picked":["Deadly Poison","PiercingWail"],"picked":"Malaise","floor":7.0},{"not_picked":["Quick Slash","Dagger Spray"],"picked":"Crippling Poison","floor":13.0},{"not_picked":["Deadly Poison","Dagger Throw"],"picked":"Catalyst","floor":14.0},{"not_picked":["Tools of the Trade","Unload"],"picked":"Burst","floor":16.0},{"not_picked":["Slice","Poisoned Stab"],"picked":"Well Laid Plans","floor":18.0},{"not_picked":["Poisoned Stab","Choke","Outmaneuver"],"picked":"SKIP","floor":19.0},{"not_picked":["Concentrate","Outmaneuver","Deflect"],"picked":"SKIP","floor":28.0},{"not_picked":["Dagger Spray","Quick Slash","Blade Dance"],"picked":"SKIP","floor":30.0},{"not_picked":["A Thousand Cuts","Phantasmal Killer"],"picked":"Malaise","floor":33.0},{"not_picked":["Dodge and Roll","Blade Dance","Caltrops+1"],"picked":"SKIP","floor":35.0},{"not_picked":["Endless Agony","Dagger Spray+1"],"picked":"Backflip+1","floor":37.0},{"not_picked":["Masterful Stab","Expertise"],"picked":"Adrenaline","floor":38.0},{"not_picked":["Infinite Blades+1","Underhanded Strike"],"picked":"Footwork+1","floor":39.0},{"not_picked":["Deflect","Blur"],"picked":"PiercingWail+1","floor":41.0},{"not_picked":["Dagger Spray","Concentrate+1","Skewer"],"picked":"SKIP","floor":48.0}],"player_experience":2053828,"relics_obtained":[],"event_choices":[{"event_name":"Liars Game","player_choice":"agreed","floor":4.0,"damage_taken":0.0},{"event_name":"Ghosts","player_choice":"Became a Ghost","floor":21.0,"damage_taken":0.0},{"event_name":"The Library","player_choice":"Read","floor":22.0,"damage_taken":0.0},{"event_name":"Nest","player_choice":"Stole From Cult","floor":24.0,"damage_taken":0.0},{"event_name":"WeMeetAgain","player_choice":"Attack","floor":36.0,"damage_taken":0.0},{"event_name":"Winding Halls","player_choice":"Embrace Madness","floor":45.0,"damage_taken":0.0},{"event_name":"Mysterious Sphere","player_choice":"Ignore","floor":47.0,"damage_taken":0.0}],"is_beta":false,"boss_relics":[{"not_picked":[]},{"not_picked":[]}],"items_purged_floors":[8,29,46],"is_endless":false,"potions_floor_spawned":[7,14,19,33,35,37,48],"killed_by":"Awakened One","ascension_level":0}