{"gold_per_floor":[13,24,24,37,37,37,65,65,92,92,103,116,116,135,135,135],"floor_reached":16,"playtime":976,"items_purged":[],"score":173,"play_id":"b9e0d4fa-c9f8-4035-b22b-3fd002f7c868","local_time":"20190103034642","is_ascension_mode":true,"campfire_choices":[{"data":"Corruption","floor":6,"key":"SMITH"},{"data":"Bash","floor":8,"key":"SMITH"},{"data":"Evolve","floor":10,"key":"SMITH"},{"data":"Body Slam","floor":13,"key":"SMITH"},{"data":"Pommel Strike","floor":15,"key":"SMITH"}],"neow_cost":"NO_GOLD","seed_source_timestamp":899130797160583,"circlet_count":0,"master_deck":["AscendersBane","Strike_R","Strike_R","Strike_R","Strike_R","Strike_R","Defend_R","Defend_R","Defend_R","Defend_R","Bash+1","Corruption+1","Evolve+1","Power Through","Thunderclap","Body Slam+1","Shrug It Off","Pommel Strike+1"],"relics":["Burning Blood","Ginger","Orichalcum","Magic Flower","Blood Vial"],"potions_floor_usage":[7,12,16],"damage_taken":[{"damage":1,"enemies":"Cultist","floor":1,"turns":3},{"damage":1,"enemies":"2 Louse","floor":2,"turns":5},{"damage":0,"enemies":"Small Slimes","floor":4,"turns":3},{"damage":43,"enemies":"Lagavulin","floor":7,"turns":10},{"damage":0,"enemies":"2 Fungi Beasts","floor":11,"turns":4},{"damage":8,"enemies":"3 Louse","floor":12,"turns":4},{"damage":18,"enemies":"Large Slime","floor":14,"turns":6},{"damage":57,"enemies":"The Guardian","floor":16,"turns":11}],"seed_played":"-454114328821202018","potions_obtained":[{"floor":2,"key":"GamblersBrew"},{"floor":4,"key":"Explosive Potion"},{"floor":5,"key":"BloodPotion"},{"floor":5,"key":"Fire Potion"},{"floor":7,"key":"FearPotion"},{"floor":11,"key":"Dexterity Potion"}],"is_trial":false,"path_per_floor":["M","M","?","M","?","R","E","R","T","R","M","M","R","M","R","B"],"character_chosen":"IRONCLAD","items_purchased":[],"campfire_rested":0,"item_purchase_floors":[],"current_hp_per_floor":[73,75,63,69,69,69,32,32,32,32,44,59,59,53,53,0],"gold":135,"neow_bonus":"ONE_RARE_RELIC","is_prod":false,"is_daily":false,"chose_seed":false,"campfire_upgraded":5,"win_rate":0,"timestamp":1546505202,"path_taken":["M","?","?","M","?","R","E","R","T","R","M","M","R","M","R","BOSS"],"build_version":"2018-12-20","purchased_purges":0,"victory":false,"max_hp_per_floor":[75,75,75,75,75,75,75,75,75,75,75,75,75,75,75,75],"card_choices":[{"not_picked":["Cleave","Heavy Blade"],"picked":"Corruption","floor":1},{"not_picked":["Bloodletting","Twin Strike"],"picked":"Evolve","floor":2},{"not_picked":["Iron Wave","Clash"],"picked":"Power Through","floor":4},{"not_picked":["Second Wind","Ghostly Armor"],"picked":"Thunderclap","floor":7},{"not_picked":["Berserk","Anger"],"picked":"Body Slam","floor":11},{"not_picked":["Perfected Strike","Sword Boomerang"],"picked":"Shrug It Off","floor":12},{"not_picked":["Clash","Cleave"],"picked":"Pommel Strike","floor":14}],"player_experience":455381,"relics_obtained":[{"floor":7,"key":"Magic Flower"},{"floor":9,"key":"Blood Vial"}],"event_choices":[{"damage_healed":0,"gold_gain":0,"player_choice":"Success","damage_taken":12,"relics_obtained":["Orichalcum"],"max_hp_gain":0,"max_hp_loss":0,"event_name":"Scrap Ooze","floor":3,"gold_loss":0},{"damage_healed":0,"gold_gain":0,"player_choice":"Got Potions","damage_taken":0,"max_hp_gain":0,"max_hp_loss":0,"event_name":"Lab","floor":5,"gold_loss":0}],"is_beta":false,"boss_relics":[],"items_purged_floors":[],"is_endless":false,"potions_floor_spawned":[2,4,7,11],"killed_by":"The Guardian","ascension_level":14}