{"gold_per_floor":[116,116,41,41,61,61,78,93,120,136,136,55,74,74,74,173,173,192,206,206,106,117,117,150,162,162,162,81,81,106,106,106,106],"floor_reached":33,"playtime":701,"items_purged":["Strike_R","Strike_R"],"score":275,"play_id":"7c440360-d7d6-43af-85f7-4e211d629064","local_time":"20190203183445","is_ascension_mode":false,"campfire_choices":[{"data":"Whirlwind","floor":6.0,"key":"SMITH"},{"data":"Bloodletting","floor":11.0,"key":"SMITH"},{"data":"Flex","floor":15.0,"key":"SMITH"},{"data":"Demon Form","floor":23,"key":"SMITH"},{"floor":29,"key":"REST"},{"data":"Whirlwind","floor":32,"key":"SMITH"}],"neow_cost":"NONE","seed_source_timestamp":15075798712500,"circlet_count":0,"master_deck":["Strike_R","Defend_R","Defend_R","Defend_R","Defend_R","Bash","Whirlwind+1","Bloodletting+1","Rupture","Flex+1","Intimidate","Reckless Charge","Disarm","Shrug It Off","Demon Form+1","Shockwave+1","Disarm+1","Whirlwind+1","Thunderclap+1","Feed"],"special_seed":0,"relics":["Burning Blood","Potion Belt","PreservedInsect","Dream Catcher","Sozu","Bottled Lightning","Kunai","Matryoshka","Nunchaku"],"potions_floor_usage":[],"damage_taken":[{"damage":6.0,"enemies":"Jaw Worm","floor":1.0,"turns":3.0},{"damage":9.0,"enemies":"Cultist","floor":5.0,"turns":3.0},{"damage":8.0,"enemies":"Small Slimes","floor":7.0,"turns":3.0},{"damage":6.0,"enemies":"Exordium Thugs","floor":8.0,"turns":5.0},{"damage":7.0,"enemies":"2 Fungi Beasts","floor":10.0,"turns":2.0},{"damage":18.0,"enemies":"Large Slime","floor":13.0,"turns":4.0},{"damage":22.0,"enemies":"Slime Boss","floor":16.0,"turns":5.0},{"damage":3.0,"enemies":"3 Byrds","floor":18.0,"turns":4.0},{"damage":10,"enemies":"2 Thieves","floor":19,"turns":3},{"damage":9,"enemies":"Centurion and Healer","floor":22,"turns":4},{"damage":28,"enemies":"Gremlin Leader","floor":24,"turns":5},{"damage":22,"enemies":"Sentry and Sphere","floor":25,"turns":5},{"damage":19,"enemies":"Slavers","floor":30,"turns":2},{"damage":66,"enemies":"Collector","floor":33,"turns":5}],"seed_played":"-5357124721946708864","potions_obtained":[{"floor":1.0,"key":"Regen Potion"},{"floor":8.0,"key":"SpeedPotion"},{"floor":13.0,"key":"FearPotion"},{"floor":16.0,"key":"SpeedPotion"}],"is_trial":false,"path_per_floor":["M","?","$","?","M","R","M","M","T","M","R","$","M","?","R","B",null,"M","M","?","$","M","R","E","M","T","?","$","R","E","?","R","B"],"character_chosen":"IRONCLAD","items_purchased":["Disarm","Whirlwind"],"campfire_rested":1,"item_purchase_floors":[12,28],"current_hp_per_floor":[80,55,55,55,52,52,50,50,50,49,49,49,37,37,37,35,80,80,76,61,61,58,58,36,20,20,20,20,45,32,60,60,0],"gold":106,"neow_bonus":"RANDOM_COMMON_RELIC","is_prod":false,"is_daily":false,"chose_seed":false,"campfire_upgraded":5,"win_rate":0,"timestamp":1549240485,"path_taken":["M","?","$","?","M","R","M","?","T","M","R","?","M","?","R","BOSS","M","M","?","$","M","R","E","M","T","?","$","R","E","?","R","BOSS"],"build_version":"2019-01-23","purchased_purges":2,"victory":false,"max_hp_per_floor":[80,80,80,80,80,80,80,80,80,80,80,80,80,80,80,80,80,80,80,85,85,85,85,85,85,85,85,85,85,85,85,85,85],"card_choices":[{"not_picked":["Rupture","Havoc"],"picked":"Whirlwind","floor":1.0},{"not_picked":["Clothesline","Twin Strike"],"picked":"Rupture","floor":5.0},{"not_picked":["Pummel","Anger"],"picked":"Flex","floor":7.0},{"not_picked":["Sever Soul","Rage"],"picked":"Intimidate","floor":8.0},{"not_picked":["Cleave","Sword Boomerang"],"picked":"Reckless Charge","floor":10.0},{"not_picked":["Sword Boomerang","Spot Weakness"],"picked":"Shrug It Off","floor":13.0},{"not_picked":["Impervious","Double Tap"],"picked":"Demon Form","floor":16.0},{"not_picked":["Thunderclap","Shrug It Off"],"picked":"Shockwave+1","floor":18.0},{"not_picked":["Pommel Strike","Anger","Cleave+1"],"picked":"SKIP","floor":19},{"not_picked":["Blood for Blood","Sever Soul"],"picked":"Disarm+1","floor":22},{"not_picked":["Blood for Blood","Perfected Strike+1","Anger"],"picked":"SKIP","floor":24},{"not_picked":["Warcry","Perfected Strike","Sentinel"],"picked":"SKIP","floor":25},{"not_picked":["Clothesline","Perfected Strike"],"picked":"Thunderclap+1","floor":29},{"not_picked":["Clothesline","Battle Trance"],"picked":"Feed","floor":30}],"player_experience":724908,"relics_obtained":[{"floor":9.0,"key":"Dream Catcher"},{"floor":24,"key":"Bottled Lightning"},{"floor":26,"key":"Kunai"},{"floor":30,"key":"Nunchaku"}],"event_choices":[{"damage_healed":0.0,"max_hp_gain":0.0,"max_hp_loss":0.0,"gold_gain":0.0,"event_name":"Scrap Ooze","player_choice":"Success","floor":2.0,"gold_loss":0.0,"damage_taken":25.0,"relics_obtained":["PreservedInsect"]},{"damage_healed":0.0,"max_hp_gain":0.0,"max_hp_loss":0.0,"gold_gain":0.0,"cards_transformed":["Strike_R"],"event_name":"Transmorgrifier","player_choice":"Transformed","floor":4.0,"gold_loss":0.0,"damage_taken":0.0,"cards_obtained":["Bloodletting"]},{"cards_removed":["Strike_R"],"damage_healed":0.0,"max_hp_gain":0.0,"max_hp_loss":0.0,"gold_gain":0.0,"event_name":"Purifier","player_choice":"Purged","floor":14.0,"gold_loss":0.0,"damage_taken":0.0},{"damage_healed":0,"gold_gain":0,"player_choice":"Shed Blood","damage_taken":20,"max_hp_gain":5,"max_hp_loss":0,"event_name":"Forgotten Altar","floor":20,"gold_loss":0},{"damage_healed":0,"gold_gain":0,"player_choice":"Opened","damage_taken":0,"relics_obtained":["Matryoshka"],"max_hp_gain":0,"max_hp_loss":0,"event_name":"The Mausoleum","floor":27,"gold_loss":0},{"damage_healed":28,"gold_gain":0,"player_choice":"Heal","damage_taken":0,"max_hp_gain":0,"max_hp_loss":0,"event_name":"The Library","floor":31,"gold_loss":0}],"is_beta":false,"boss_relics":[{"not_picked":["White Beast Statue","Orrery"],"picked":"Sozu"}],"items_purged_floors":[3,21],"is_endless":false,"potions_floor_spawned":[1,8,13,16,18,24,25],"killed_by":"Collector","ascension_level":0}