{"path_per_floor":["M","?","M","M","?","E","M","M","T","E","M","R","?","?","R","B",null,"M","?","?","$","M","R","E","M","T","R","$","M"],"character_chosen":"DEFECT","items_purchased":["Conserve Battery","Bronze Scales","Auto Shields"],"gold_per_floor":[117,117,141,157,157,198,216,236,236,277,302,302,302,302,302,433,433,458,383,383,255,280,280,323,347,347,347,23,41,41],"floor_reached":30,"campfire_rested":1,"playtime":1956,"item_purchase_floors":[21,28,28],"current_hp_per_floor":[68,51,47,45,45,39,37,31,31,23,23,23,16,16,36,3,68,51,51,47,47,33,33,16,27,27,27,27,20,0],"items_purged":["Doubt","Injury"],"gold":41,"score":310,"play_id":"cbb765bf-b4a2-48ef-93aa-a6a746313bfc","local_time":"20180608125132","is_prod":false,"is_daily":false,"chose_seed":false,"is_ascension_mode":false,"campfire_upgraded":3,"win_rate":0.0,"timestamp":1528483892,"campfire_choices":[{"data":"Zap","floor":12,"key":"SMITH"},{"floor":15,"key":"REST"},{"data":"Redo","floor":23,"key":"SMITH"},{"data":"Defragment","floor":27,"key":"SMITH"}],"path_taken":["M","?","M","M","?","E","?","M","T","E","M","R","?","?","R","BOSS","M","?","?","$","M","R","E","M","T","R","$","M","E"],"build_version":"2018-06-07","seed_source_timestamp":504494374831466,"purchased_purges":2,"victory":false,"master_deck":["Defend_B","Defend_B","Defend_B+1","Defend_B","Zap+1","Dualcast+1","Defragment+1","Defragment","Defragment","Defragment+1","Electrodynamics","Bite","Bite","Bite","Bite","Bite","Conserve Battery","Redo+1","Self Repair","Reboot","Auto Shields"],"max_hp_per_floor":[68,68,68,68,68,68,68,68,68,68,68,68,68,68,68,68,68,68,68,47,47,47,47,47,47,47,47,47,47,47],"relics":["Cracked Core","Golden Idol","Anchor","Bottled Lightning","Mummified Hand","Ornamental Fan","Calling Bell","Boot","Question Card","Torii","War Paint","Darkstone Periapt","Bronze Scales"],"card_choices":[{"not_picked":["Reinforced Body","Rebound"],"picked":"Defragment","floor":1},{"not_picked":["Gash","Rebound","Compile Driver"],"picked":"SKIP","floor":3},{"not_picked":["Aggregate","Stack","Rebound"],"picked":"SKIP","floor":4},{"not_picked":["Aggregate","Hologram","Chaos"],"picked":"SKIP","floor":6},{"not_picked":["Rip and Tear","Auto Shields","Hello World"],"picked":"SKIP","floor":7},{"not_picked":["Aggregate","Cold Snap"],"picked":"Defragment","floor":8},{"not_picked":["Scrape","Darkness"],"picked":"Defragment","floor":10},{"not_picked":["Barrage","Double Energy"],"picked":"Defragment","floor":11},{"not_picked":["Buffer","All For One"],"picked":"Electrodynamics","floor":16},{"not_picked":["Darkness","Cold Snap","Genetic Algorithm","Stack"],"picked":"SKIP","floor":18},{"not_picked":["Rebound","Stack","Hologram"],"picked":"Redo","floor":22},{"not_picked":["Chaos","Go for the Eyes","Capacitor+1"],"picked":"Self Repair","floor":24},{"not_picked":["Reinforced Body","Heatsinks","Tempest"],"picked":"Reboot","floor":25},{"not_picked":["Melter+1","Barrage","Sweeping Beam","Steam"],"picked":"SKIP","floor":29}],"player_experience":128421,"potions_floor_usage":[6,10,10,16,24,25],"damage_taken":[{"damage":0,"enemies":"Cultist","floor":1,"turns":4},{"damage":4,"enemies":"2 Louse","floor":3,"turns":3},{"damage":2,"enemies":"Small Slimes","floor":4,"turns":3},{"damage":6,"enemies":"Lagavulin","floor":6,"turns":7},{"damage":2,"enemies":"Blue Slaver","floor":7,"turns":4},{"damage":6,"enemies":"Exordium Wildlife","floor":8,"turns":5},{"damage":23,"enemies":"3 Sentries","floor":10,"turns":8},{"damage":0,"enemies":"2 Fungi Beasts","floor":11,"turns":3},{"damage":33,"enemies":"Hexaghost","floor":16,"turns":9},{"damage":17,"enemies":"Spheric Guardian","floor":18,"turns":4},{"damage":20,"enemies":"Shell Parasite","floor":22,"turns":4},{"damage":27,"enemies":"Gremlin Leader","floor":24,"turns":5},{"damage":2,"enemies":"Snake Plant","floor":25,"turns":3},{"damage":26,"enemies":"Chosen and Byrds","floor":29,"turns":6},{"damage":31,"enemies":"Book of Stabbing","floor":30,"turns":4}],"relics_obtained":[{"floor":6,"key":"Anchor"},{"floor":9,"key":"Bottled Lightning"},{"floor":10,"key":"Mummified Hand"},{"floor":17,"key":"Boot"},{"floor":17,"key":"Question Card"},{"floor":17,"key":"Torii"},{"floor":24,"key":"War Paint"},{"floor":26,"key":"Darkstone Periapt"}],"event_choices":[{"event_name":"Golden Idol","player_choice":"Take Damage","floor":2,"damage_taken":0},{"event_name":"Liars Game","player_choice":"disagreed","floor":5,"damage_taken":0},{"event_name":"Scrap Ooze","player_choice":"success","floor":13,"damage_taken":7},{"event_name":"Living Wall","player_choice":"Grow","floor":14,"damage_taken":0},{"event_name":"Beggar","player_choice":"Gave Gold","floor":19,"damage_taken":0},{"event_name":"Vampires","player_choice":"Became a vampire","floor":20,"damage_taken":0}],"boss_relics":[{"not_picked":["Philosopher\u0027s Stone","Runic Pyramid"],"picked":"Calling Bell"}],"items_purged_floors":[21,28],"potions_floor_spawned":[1,4,7,8,11,22,24],"seed_played":"5591410765381798662","killed_by":"Book of Stabbing","ascension_level":0,"potions_obtained":[{"floor":1,"key":"SteroidPotion"},{"floor":4,"key":"Weak Potion"},{"floor":7,"key":"Regen Potion"},{"floor":8,"key":"SpeedPotion"},{"floor":11,"key":"Swift Potion"},{"floor":22,"key":"Block Potion"},{"floor":24,"key":"Weak Potion"}],"is_trial":false}