{"gold_per_floor":[218,293,468,128,138,164,90,119,190,190,190,40,50,67,67,164,164,179,179,192,22,41,41],"floor_reached":23,"playtime":1327,"items_purged":["Doubt"],"score":189,"play_id":"3ca5dc39-5aea-40fb-b09f-0acf6a3db2bb","local_time":"20190210173725","is_ascension_mode":false,"campfire_choices":[{"floor":10,"key":"REST"},{"floor":15,"key":"RECALL"}],"neow_cost":"NONE","seed_source_timestamp":1038331875238343,"circlet_count":0,"master_deck":["Strike_R","Strike_R","Strike_R","Strike_R","Strike_R","Defend_R","Defend_R","Defend_R","Defend_R","Bash","Iron Wave","Dropkick","Apotheosis","Rage","Shrug It Off","Spot Weakness","Rampage","Double Tap","Bludgeon","Flex","Exhume","Rampage","Infernal Blade","Metamorphosis"],"relics":["Burning Blood","Oddly Smooth Stone","Odd Mushroom","Darkstone Periapt","Nunchaku","Mark of Pain"],"potions_floor_usage":[16,22,23],"damage_taken":[{"damage":6,"enemies":"Cultist","floor":1,"turns":3},{"damage":1,"enemies":"Jaw Worm","floor":5,"turns":3},{"damage":21,"enemies":"Lagavulin","floor":6,"turns":8},{"damage":23,"enemies":"The Mushroom Lair","floor":8,"turns":5},{"damage":1,"enemies":"Small Slimes","floor":13,"turns":3},{"damage":7,"enemies":"2 Fungi Beasts","floor":14,"turns":3},{"damage":33,"enemies":"Hexaghost","floor":16,"turns":9},{"damage":20,"enemies":"2 Thieves","floor":18,"turns":3},{"damage":0,"enemies":"Chosen","floor":20,"turns":4},{"damage":39,"enemies":"Snake Plant","floor":22,"turns":6},{"damage":41,"enemies":"Gremlin Leader","floor":23,"turns":6}],"seed_played":"-2631151250767569541","potions_obtained":[{"floor":1,"key":"FearPotion"},{"floor":6,"key":"Explosive Potion"},{"floor":8,"key":"Block Potion"},{"floor":20,"key":"AttackPotion"}],"is_trial":false,"path_per_floor":["M","?","?","$","M","E","$","?","T","R","?","$","M","M","R","B",null,"M","?","M","$","M","E"],"character_chosen":"IRONCLAD","items_purchased":["Dropkick","Apotheosis","Spot Weakness","Double Tap","Metamorphosis"],"campfire_rested":1,"item_purchase_floors":[4,4,7,12,21],"current_hp_per_floor":[80,69,69,69,74,59,59,42,42,66,59,59,64,63,63,36,80,66,66,72,72,39,0],"gold":41,"neow_bonus":"HUNDRED_GOLD","is_prod":false,"is_daily":false,"chose_seed":false,"campfire_upgraded":0,"win_rate":0,"timestamp":1549827445,"path_taken":["M","?","?","$","M","E","$","?","T","R","?","?","?","M","R","BOSS","M","?","?","$","M","E"],"build_version":"2019-01-23","purchased_purges":1,"victory":false,"max_hp_per_floor":[80,80,80,80,80,80,80,80,80,80,80,80,80,80,80,80,80,80,80,80,80,80,80],"card_choices":[{"not_picked":["Blood for Blood","Perfected Strike"],"picked":"Iron Wave","floor":1},{"not_picked":["True Grit","Clothesline"],"picked":"Rage","floor":5},{"not_picked":["Intimidate","Heavy Blade"],"picked":"Shrug It Off","floor":6},{"not_picked":["True Grit","Clash"],"picked":"Rampage","floor":8},{"not_picked":["Sever Soul","Combust"],"picked":"Bludgeon","floor":13},{"not_picked":["Searing Blow","Combust"],"picked":"Flex","floor":14},{"not_picked":["Bludgeon","Brutality"],"picked":"Exhume","floor":16},{"not_picked":["Wild Strike+1","Shrug It Off","Sword Boomerang"],"picked":"SKIP","floor":18},{"not_picked":["Intimidate","Dual Wield+1"],"picked":"Infernal Blade","floor":20},{"not_picked":["Reckless Charge","Warcry","Anger+1"],"picked":"SKIP","floor":22}],"player_experience":379661,"relics_obtained":[{"floor":6,"key":"Oddly Smooth Stone"},{"floor":8,"key":"Odd Mushroom"},{"floor":9,"key":"Darkstone Periapt"}],"event_choices":[{"damage_healed":0,"gold_gain":75,"player_choice":"Gather Gold","damage_taken":11,"max_hp_gain":0,"max_hp_loss":0,"event_name":"World of Goop","floor":2,"gold_loss":0},{"damage_healed":0,"gold_gain":175,"player_choice":"AGREE","damage_taken":0,"max_hp_gain":0,"max_hp_loss":0,"event_name":"Liars Game","floor":3,"gold_loss":0,"cards_obtained":["Doubt"]},{"damage_healed":0,"gold_gain":0,"player_choice":"Fought Mushrooms","damage_taken":0,"max_hp_gain":0,"max_hp_loss":0,"event_name":"Mushrooms","floor":8,"gold_loss":0},{"damage_healed":0,"gold_gain":0,"player_choice":"Success","damage_taken":7,"relics_obtained":["Nunchaku"],"max_hp_gain":0,"max_hp_loss":0,"event_name":"Scrap Ooze","floor":11,"gold_loss":0},{"damage_healed":0,"gold_gain":0,"player_choice":"Copied","damage_taken":0,"max_hp_gain":0,"max_hp_loss":0,"event_name":"Duplicator","floor":19,"gold_loss":0,"cards_obtained":["Rampage"]}],"is_beta":false,"boss_relics":[{"not_picked":["Eternal Feather","Runic Cube"],"picked":"Mark of Pain"}],"items_purged_floors":[4],"is_endless":false,"potions_floor_spawned":[1,6,8,13,20],"killed_by":"Gremlin Leader","ascension_level":0}