{"gold_per_floor":[111,111,127,127,74,74,74,85,111,146,49,49,49,62,62,160,160,177,177,177,177],"floor_reached":21,"playtime":3951,"items_purged":["Defend_R"],"score":184,"play_id":"0fde2bfc-5dd1-4d6c-aed3-aafcabc038d0","local_time":"20190205194247","is_ascension_mode":true,"campfire_choices":[{"data":"Shrug It Off","floor":6.0,"key":"SMITH"},{"data":"True Grit","floor":13.0,"key":"SMITH"},{"data":"Shrug It Off","floor":15.0,"key":"SMITH"}],"neow_cost":"NONE","seed_source_timestamp":0,"circlet_count":0,"master_deck":["Strike_R","Strike_R","Strike_R","Defend_R","Defend_R","Bash","Shrug It Off+1","True Grit+1","Shockwave","Shrug It Off+1"],"special_seed":0,"relics":["Burning Blood","Anchor","Bag of Marbles","Ancient Tea Set","Eternal Feather"],"potions_floor_usage":[],"damage_taken":[{"damage":1.0,"enemies":"Cultist","floor":1.0,"turns":3.0},{"damage":9.0,"enemies":"Jaw Worm","floor":3.0,"turns":4.0},{"damage":2.0,"enemies":"Small Slimes","floor":8.0,"turns":4.0},{"damage":26.0,"enemies":"Lagavulin","floor":10.0,"turns":9.0},{"damage":0.0,"enemies":"Exordium Wildlife","floor":14.0,"turns":4.0},{"damage":37.0,"enemies":"The Guardian","floor":16.0,"turns":26.0},{"damage":70.0,"enemies":"Spheric Guardian","floor":18.0,"turns":22.0},{"damage":18,"enemies":"Colosseum Slavers","floor":21,"turns":8}],"seed_played":"6947501939993458932","potions_obtained":[{"floor":3.0,"key":"Weak Potion"},{"floor":8.0,"key":"BloodPotion"},{"floor":16.0,"key":"SkillPotion"}],"is_trial":false,"path_per_floor":["M","?","M","?","$","R","?","M","T","E","$","?","R","M","R","B",null,"M","?","?","?"],"character_chosen":"IRONCLAD","items_purchased":["Shrug It Off","Shrug It Off"],"campfire_rested":0,"item_purchase_floors":[5,11],"current_hp_per_floor":[80,73,70,70,70,70,80,80,80,68,68,68,68,74,74,43,80,16,16,16,0],"gold":177,"neow_bonus":"RANDOM_COMMON_RELIC","is_prod":false,"is_daily":false,"chose_seed":false,"campfire_upgraded":3,"win_rate":0,"timestamp":1549413767,"path_taken":["M","?","M","?","$","R","?","?","T","E","?","?","R","?","R","BOSS","M","?","?","?"],"build_version":"2019-01-23","purchased_purges":1,"victory":false,"max_hp_per_floor":[80,80,80,80,80,80,80,80,80,80,80,80,80,80,80,80,80,80,80,80,80],"card_choices":[{"not_picked":["Wild Strike","Thunderclap","Searing Blow"],"picked":"SKIP","floor":1.0},{"not_picked":["Twin Strike","Sentinel","Sword Boomerang"],"picked":"SKIP","floor":3.0},{"not_picked":["Perfected Strike","Power Through"],"picked":"True Grit","floor":8.0},{"not_picked":["Bloodletting","Sword Boomerang"],"picked":"Shockwave","floor":10.0},{"not_picked":["Evolve","Havoc","Pommel Strike"],"picked":"SKIP","floor":14.0},{"not_picked":["Bloodletting","Hemokinesis","Clash+1"],"picked":"SKIP","floor":18.0}],"player_experience":69077,"relics_obtained":[{"floor":9.0,"key":"Bag of Marbles"},{"floor":10.0,"key":"Ancient Tea Set"}],"event_choices":[{"cards_removed":["Strike_R"],"damage_healed":0.0,"max_hp_gain":0.0,"max_hp_loss":0.0,"gold_gain":0.0,"event_name":"Golden Wing","player_choice":"Card Removal","floor":2.0,"gold_loss":0.0,"damage_taken":7.0},{"cards_removed":["Strike_R"],"damage_healed":0.0,"max_hp_gain":0.0,"max_hp_loss":0.0,"gold_gain":0.0,"event_name":"Living Wall","player_choice":"Forget","floor":4.0,"gold_loss":0.0,"damage_taken":0.0},{"damage_healed":26.0,"max_hp_gain":0.0,"max_hp_loss":0.0,"gold_gain":0.0,"event_name":"Big Fish","player_choice":"Banana","floor":7.0,"gold_loss":0.0,"damage_taken":0.0},{"cards_removed":["Defend_R"],"damage_healed":0.0,"max_hp_gain":0.0,"max_hp_loss":0.0,"gold_gain":0.0,"event_name":"Purifier","player_choice":"Purged","floor":12.0,"gold_loss":0.0,"damage_taken":0.0},{"damage_healed":0.0,"max_hp_gain":0.0,"max_hp_loss":0.0,"gold_gain":0.0,"event_name":"The Mausoleum","player_choice":"Ignored","floor":19.0,"gold_loss":0.0,"damage_taken":0.0},{"damage_healed":0.0,"max_hp_gain":0.0,"max_hp_loss":0.0,"gold_gain":0.0,"event_name":"Ghosts","player_choice":"Ignored","floor":20.0,"gold_loss":0.0,"damage_taken":0.0},{"damage_healed":0,"gold_gain":0,"player_choice":"Fight","damage_taken":0,"max_hp_gain":0,"max_hp_loss":0,"event_name":"Colosseum","floor":21,"gold_loss":0}],"is_beta":false,"boss_relics":[{"not_picked":["Black Star","Philosopher\u0027s Stone"],"picked":"Eternal Feather"}],"items_purged_floors":[11],"is_endless":false,"potions_floor_spawned":[3,8,16],"killed_by":"Colosseum Slavers","ascension_level":1}