{"gold_per_floor":[212,387,387,61,78,78,103,103,126,155,172,184,134,134,134,233,233,248,298,317,336,347,347,347,347,401,421,39,39,39,51,51,155,155,168,181,191,16,31,31,48,48],"floor_reached":42,"playtime":4026,"items_purged":["Doubt","Pain"],"score":533,"play_id":"d178f946-6a6a-42db-878d-252a9b7d60b9","local_time":"20190210002301","is_ascension_mode":true,"campfire_choices":[{"data":"True Grit","floor":6,"key":"SMITH"},{"floor":8,"key":"REST"},{"floor":15,"key":"REST"},{"data":"Carnage","floor":23,"key":"SMITH"},{"data":"Battle Trance","floor":25,"key":"SMITH"},{"data":"Flex","floor":30,"key":"SMITH"},{"data":"Metallicize","floor":32,"key":"SMITH"},{"data":"Magnetism","floor":40,"key":"SMITH"}],"neow_cost":"NONE","seed_source_timestamp":1325180803094352,"circlet_count":0,"master_deck":["Strike_R","Strike_R","Strike_R","Strike_R","Defend_R","Defend_R+1","Defend_R","Defend_R","Bash","Iron Wave+1","True Grit+1","Ghostly Armor+1","Wild Strike+1","Warcry","Metallicize+1","Carnage+1","Shrug It Off","Reaper","Thunderclap+1","Battle Trance+1","Armaments+1","Flex+1","Feel No Pain","Reaper","Exhume","Immolate","Rampage","Parasite","Feel No Pain","Rage","Magnetism+1","Infernal Blade","Battle Trance+1","Dual Wield+1"],"relics":["Burning Blood","Membership Card","Nunchaku","Whetstone","Cursed Key","Nloth\u0027s Gift","Red Skull","ClockworkSouvenir","Ornamental Fan","Sozu"],"potions_floor_usage":[16,16,27,31,33,33,33,33,33],"damage_taken":[{"damage":0,"enemies":"Small Slimes","floor":1,"turns":3},{"damage":0,"enemies":"2 Louse","floor":5,"turns":2},{"damage":58,"enemies":"Lagavulin","floor":7,"turns":9},{"damage":14,"enemies":"3 Sentries","floor":10,"turns":9},{"damage":0,"enemies":"Cultist","floor":11,"turns":3},{"damage":12,"enemies":"Gremlin Gang","floor":12,"turns":5},{"damage":54,"enemies":"Slime Boss","floor":16,"turns":11},{"damage":0,"enemies":"Chosen","floor":18,"turns":6},{"damage":9,"enemies":"Shell Parasite","floor":20,"turns":8},{"damage":7,"enemies":"Shelled Parasite and Fungi","floor":21,"turns":10},{"damage":1,"enemies":"Centurion and Healer","floor":22,"turns":8},{"damage":26,"enemies":"3 Cultists","floor":27,"turns":5},{"damage":13,"enemies":"Shelled Parasite and Fungi","floor":31,"turns":6},{"damage":89,"enemies":"Collector","floor":33,"turns":14},{"damage":0,"enemies":"Orb Walker","floor":35,"turns":4},{"damage":8,"enemies":"3 Darklings","floor":36,"turns":3},{"damage":25,"enemies":"Writhing Mass","floor":37,"turns":7},{"damage":23,"enemies":"4 Shapes","floor":39,"turns":4},{"damage":36,"enemies":"3 Darklings","floor":41,"turns":7},{"damage":67,"enemies":"Nemesis","floor":42,"turns":3}],"seed_played":"-1980535935708310290","potions_obtained":[{"floor":10,"key":"FearPotion"},{"floor":12,"key":"Explosive Potion"},{"floor":18,"key":"Energy Potion"},{"floor":22,"key":"SpeedPotion"},{"floor":29,"key":"SteroidPotion"},{"floor":29,"key":"EntropicBrew"}],"is_trial":false,"path_per_floor":["M","?","?","$","M","R","E","R","T","E","M","M","?","?","R","B",null,"M","?","M","M","M","R","?","R","T","M","$","?","R","M","R","B",null,"M","M","M","$","M","R","M","E"],"character_chosen":"IRONCLAD","items_purchased":["Membership Card","True Grit","Ghostly Armor","Wild Strike","ClockworkSouvenir","Flex","Feel No Pain","Reaper","Ornamental Fan","Feel No Pain","Rage","Magnetism","Infernal Blade"],"campfire_rested":2,"item_purchase_floors":[4,4,4,4,28,28,28,28,28,38,38,38,38],"current_hp_per_floor":[78,78,83,83,85,85,33,58,58,50,56,50,50,33,58,10,66,76,76,74,79,85,85,85,85,85,70,70,70,70,63,63,17,68,74,80,67,67,66,66,60,0],"gold":48,"neow_bonus":"HUNDRED_GOLD","is_prod":false,"is_daily":false,"chose_seed":false,"campfire_upgraded":6,"win_rate":0,"timestamp":1549754581,"path_taken":["M","?","?","$","M","R","E","R","T","E","M","M","?","?","R","BOSS","M","?","?","M","?","R","?","R","T","?","$","?","R","M","R","BOSS","M","?","M","$","M","R","M","E"],"build_version":"2019-01-23","purchased_purges":2,"victory":false,"max_hp_per_floor":[80,80,85,85,85,85,85,85,85,85,85,85,85,85,85,85,85,85,85,85,85,85,85,85,85,85,85,85,85,85,85,85,85,85,85,85,85,85,85,85,85,85],"card_choices":[{"not_picked":["Clash","Intimidate"],"picked":"Iron Wave","floor":1},{"not_picked":["Bloodletting","Burning Pact"],"picked":"Warcry","floor":5},{"not_picked":["Exhume","Heavy Blade","Dual Wield"],"picked":"SKIP","floor":7},{"not_picked":["Body Slam","Iron Wave"],"picked":"Metallicize","floor":10},{"not_picked":["Entrench","Anger"],"picked":"Carnage","floor":11},{"not_picked":["Iron Wave","Power Through"],"picked":"Shrug It Off","floor":12},{"not_picked":["Feed","Limit Break"],"picked":"Reaper","floor":16},{"not_picked":["Cleave","Second Wind"],"picked":"Thunderclap+1","floor":18},{"not_picked":["Heavy Blade","Pummel","Anger+1"],"picked":"SKIP","floor":20},{"not_picked":["Iron Wave","Havoc"],"picked":"Battle Trance","floor":21},{"not_picked":["Thunderclap","Sword Boomerang","Clash"],"picked":"SKIP","floor":22},{"not_picked":["Disarm","Shrug It Off+1"],"picked":"Armaments+1","floor":27},{"not_picked":["Entrench+1","Clash+1"],"picked":"Exhume","floor":31},{"not_picked":["Reaper","Bludgeon"],"picked":"Immolate","floor":33},{"not_picked":["Anger","Cleave","Armaments"],"picked":"SKIP","floor":35},{"not_picked":["Thunderclap+1","Shrug It Off"],"picked":"Rampage","floor":36},{"not_picked":["Clash+1","True Grit+1","Armaments+1"],"picked":"SKIP","floor":37},{"not_picked":["Iron Wave","Shrug It Off"],"picked":"Battle Trance+1","floor":39},{"not_picked":["Iron Wave+1","Sword Boomerang"],"picked":"Dual Wield+1","floor":41}],"player_experience":351152,"relics_obtained":[{"floor":7,"key":"Nunchaku"},{"floor":9,"key":"Whetstone"},{"floor":10,"key":"Blue Candle"},{"floor":26,"key":"Red Skull"}],"event_choices":[{"damage_healed":0,"gold_gain":175,"player_choice":"AGREE","damage_taken":0,"max_hp_gain":0,"max_hp_loss":0,"event_name":"Liars Game","floor":2,"gold_loss":0,"cards_obtained":["Doubt"]},{"damage_healed":0,"gold_gain":0,"player_choice":"Donut","damage_taken":0,"max_hp_gain":5,"max_hp_loss":0,"event_name":"Big Fish","floor":3,"gold_loss":0},{"cards_removed":["Strike_R"],"damage_healed":0,"gold_gain":0,"player_choice":"Card Removal","damage_taken":0,"max_hp_gain":0,"max_hp_loss":0,"event_name":"The Cleric","floor":13,"gold_loss":50},{"damage_healed":0,"gold_gain":0,"player_choice":"Entered Light","damage_taken":17,"max_hp_gain":0,"max_hp_loss":0,"event_name":"Shining Light","floor":14,"gold_loss":0,"cards_upgraded":["Ghostly Armor","Defend_R"]},{"damage_healed":0,"gold_gain":100,"player_choice":"Bet on Murderer","damage_taken":0,"max_hp_gain":0,"max_hp_loss":0,"event_name":"The Joust","floor":19,"gold_loss":50},{"damage_healed":0,"gold_gain":0,"player_choice":"Traded Relic","damage_taken":0,"relics_obtained":["Nloth\u0027s Gift"],"max_hp_gain":0,"max_hp_loss":0,"event_name":"N\u0027loth","floor":24,"relics_lost":["Blue Candle"],"gold_loss":0},{"damage_healed":0,"gold_gain":0,"player_choice":"Got Potions","damage_taken":0,"max_hp_gain":0,"max_hp_loss":0,"event_name":"Lab","floor":29,"gold_loss":0}],"is_beta":false,"boss_relics":[{"not_picked":["Astrolabe","Velvet Choker"],"picked":"Cursed Key"},{"not_picked":["Philosopher\u0027s Stone","Eternal Feather"],"picked":"Sozu"}],"items_purged_floors":[4,28],"is_endless":false,"potions_floor_spawned":[10,12,18,22,36,37],"killed_by":"Nemesis","ascension_level":6}