{"gold_per_floor":[116,191,209,209,101,101,126,301,301,401,416,448,30,47,47,47],"floor_reached":16,"playtime":887,"items_purged":[],"score":108,"play_id":"4cecf83b-e950-47d7-a1b9-333ab55f68fb","local_time":"20181208181624","is_ascension_mode":false,"campfire_choices":[{"floor":6,"key":"REST"},{"floor":15,"key":"REST"}],"neow_cost":"NONE","seed_source_timestamp":195164346280016,"circlet_count":0,"master_deck":["Strike_R+1","Strike_R","Strike_R","Strike_R","Strike_R","Defend_R","Defend_R","Defend_R","Defend_R","Bash","Panacea+1","Rampage","Ghostly Armor","Inflame","Searing Blow","Iron Wave","Doubt","Anger","Armaments","Thunderclap","Burning Pact","Rampage"],"relics":["Burning Blood","Calipers","Happy Flower","Anchor","Du-Vu Doll"],"potions_floor_usage":[14,16],"damage_taken":[{"damage":0,"enemies":"Small Slimes","floor":1,"turns":4},{"damage":6,"enemies":"2 Louse","floor":3,"turns":3},{"damage":44,"enemies":"3 Sentries","floor":7,"turns":9},{"damage":1,"enemies":"Cultist","floor":11,"turns":3},{"damage":29,"enemies":"Lagavulin","floor":12,"turns":8},{"damage":4,"enemies":"Exordium Thugs","floor":14,"turns":4},{"damage":45,"enemies":"The Guardian","floor":16,"turns":9}],"seed_played":"-6409442506041770231","potions_obtained":[{"floor":12,"key":"Weak Potion"},{"floor":14,"key":"Swift Potion"}],"is_trial":false,"path_per_floor":["M","?","M","?","$","R","E","?","T","?","M","E","$","M","R","B"],"character_chosen":"IRONCLAD","items_purchased":["Inflame","Searing Blow","Thunderclap","Du-Vu Doll","Burning Pact"],"campfire_rested":2,"item_purchase_floors":[5,5,13,13,13],"current_hp_per_floor":[80,69,69,53,53,77,39,39,39,39,44,21,21,23,47,2],"gold":47,"neow_bonus":"RANDOM_COLORLESS","is_prod":false,"is_daily":false,"chose_seed":false,"campfire_upgraded":0,"win_rate":0,"timestamp":1544292984,"path_taken":["M","?","M","?","$","R","E","?","T","?","?","E","?","M","R","BOSS"],"build_version":"2018-12-06","purchased_purges":0,"victory":false,"max_hp_per_floor":[80,80,80,80,80,80,80,80,80,80,80,80,80,80,80,80],"card_choices":[{"not_picked":["Anger","Body Slam"],"picked":"Rampage","floor":1},{"not_picked":["Pommel Strike","Hemokinesis"],"picked":"Ghostly Armor","floor":3},{"not_picked":["Searing Blow","Havoc"],"picked":"Iron Wave","floor":7},{"not_picked":["Body Slam","Warcry"],"picked":"Anger","floor":11},{"not_picked":["Bloodletting","Headbutt"],"picked":"Armaments","floor":12},{"not_picked":["Sword Boomerang","Iron Wave"],"picked":"Rampage","floor":14}],"player_experience":185404,"relics_obtained":[{"floor":7,"key":"Calipers"},{"floor":9,"key":"Happy Flower"},{"floor":12,"key":"Anchor"}],"event_choices":[{"damage_healed":0,"gold_gain":75,"player_choice":"Gather Gold","damage_taken":11,"max_hp_gain":0,"max_hp_loss":0,"event_name":"World of Goop","floor":2,"gold_loss":0},{"damage_healed":0,"gold_gain":0,"player_choice":"Entered Light","damage_taken":16,"max_hp_gain":0,"max_hp_loss":0,"event_name":"Shining Light","floor":4,"gold_loss":0,"cards_upgraded":["Panacea","Strike_R"]},{"damage_healed":0,"gold_gain":175,"player_choice":"AGREE","damage_taken":0,"max_hp_gain":0,"max_hp_loss":0,"event_name":"Liars Game","floor":8,"gold_loss":0,"cards_obtained":["Doubt"]},{"damage_healed":0,"gold_gain":100,"player_choice":"Pray","damage_taken":0,"max_hp_gain":0,"max_hp_loss":0,"event_name":"Golden Shrine","floor":10,"gold_loss":0}],"is_beta":false,"boss_relics":[],"items_purged_floors":[],"is_endless":false,"potions_floor_spawned":[12,14],"killed_by":"The Guardian","ascension_level":0}