{"gold_per_floor":[16,36,52,68,33,33,52,78,157,157,168,179,179,179,179,277,277,259,184,203,52,0,33,45,57,117,129,141,7,7,23,23,120,120,139,139,139,239,239,239,339,370,370,422,422,40,54,0,0,0],"floor_reached":51,"playtime":3005,"items_purged":["Strike_G"],"score":899,"play_id":"76f9dc53-b45e-4f15-aa45-acbda10d2057","local_time":"20190208172325","is_ascension_mode":true,"campfire_choices":[{"data":"Neutralize","floor":6.0,"key":"SMITH"},{"floor":10.0,"key":"REST"},{"data":"Noxious Fumes","floor":15,"key":"SMITH"},{"data":"Envenom","floor":25,"key":"SMITH"},{"data":"Blur","floor":27,"key":"SMITH"},{"data":"Leg Sweep","floor":30,"key":"SMITH"},{"data":"Skewer","floor":32,"key":"SMITH"},{"floor":40,"key":"REST"},{"floor":49,"key":"REST"}],"neow_cost":"NO_GOLD","seed_source_timestamp":368466464513379,"circlet_count":0,"master_deck":["Defend_G","Defend_G","Defend_G","Defend_G","Defend_G","Strike_G","Survivor","Neutralize+1","Skewer+1","Quick Slash","Flying Knee","Leg Sweep+1","Dagger Throw","Blur+1","Adrenaline","Noxious Fumes+1","Backflip","Envenom+1","Outmaneuver","A Thousand Cuts","Pain","Madness","Madness","Sadistic Nature","Footwork","Backflip","Flying Knee","Terror"],"special_seed":0,"relics":["Ring of the Snake","Juzu Bracelet","Matryoshka","Thread and Needle","Busted Crown","PreservedInsect","MawBank","Regal Pillow","Lantern","Bag of Marbles","Darkstone Periapt","Fusion Hammer","WarpedTongs","Ginger","Anchor","The Specimen","Orichalcum","Shuriken","Red Mask"],"potions_floor_usage":[16,23,23,33,45,45,50],"damage_taken":[{"damage":3.0,"enemies":"Jaw Worm","floor":1.0,"turns":5.0},{"damage":0.0,"enemies":"Cultist","floor":2.0,"turns":3.0},{"damage":0.0,"enemies":"2 Louse","floor":3.0,"turns":2.0},{"damage":0.0,"enemies":"Looter","floor":4.0,"turns":4.0},{"damage":1.0,"enemies":"Blue Slaver","floor":7.0,"turns":5.0},{"damage":33.0,"enemies":"Gremlin Nob","floor":8.0,"turns":6.0},{"damage":17.0,"enemies":"Gremlin Gang","floor":11.0,"turns":5.0},{"damage":5.0,"enemies":"Large Slime","floor":12.0,"turns":6.0},{"damage":54,"enemies":"Slime Boss","floor":16,"turns":13},{"damage":1,"enemies":"2 Thieves","floor":18,"turns":4},{"damage":0,"enemies":"Shell Parasite","floor":20,"turns":8},{"damage":4,"enemies":"Gremlin Leader","floor":23,"turns":8},{"damage":2,"enemies":"Shelled Parasite and Fungi","floor":31,"turns":6},{"damage":67,"enemies":"Champ","floor":33,"turns":17},{"damage":5,"enemies":"3 Shapes","floor":35,"turns":5},{"damage":22,"enemies":"Mind Bloom Boss Battle","floor":41,"turns":7},{"damage":12,"enemies":"Nemesis","floor":42,"turns":7},{"damage":6,"enemies":"Orb Walker","floor":47,"turns":3},{"damage":83,"enemies":"Donu and Deca","floor":50,"turns":11}],"seed_played":"-2438815920481567802","potions_obtained":[{"floor":3.0,"key":"Dexterity Potion"},{"floor":4.0,"key":"LiquidBronze"},{"floor":11.0,"key":"AttackPotion"},{"floor":12.0,"key":"GamblersBrew"},{"floor":18,"key":"Ancient Potion"},{"floor":20,"key":"Dexterity Potion"},{"floor":33,"key":"GhostInAJar"},{"floor":35,"key":"Explosive Potion"},{"floor":41,"key":"Fire Potion"},{"floor":45,"key":"Fruit Juice"},{"floor":45,"key":"Fruit Juice"},{"floor":45,"key":"Explosive Potion"}],"is_trial":false,"path_per_floor":["M","M","M","M","$","R","M","E","T","R","M","M","?","?","R","B",null,"M","?","M","$","?","E","?","R","T","R","T","$","R","M","R","B",null,"M","?","?","?","?","R","?","E","T","T","?","$","M","?","R","B",null],"character_chosen":"THE_SILENT","items_purchased":["Reflex","PreservedInsect","A Thousand Cuts","Footwork","Backflip","Shuriken","Flying Knee"],"campfire_rested":3,"item_purchase_floors":[5,21,29,46,46,46,46],"current_hp_per_floor":[67,67,67,67,67,67,66,33,33,54,37,32,32,70,70,16,57,56,56,56,56,56,52,70,70,70,70,70,70,70,68,68,1,53,48,54,44,44,44,76,54,42,42,42,52,52,46,46,86,3],"gold":0,"neow_bonus":"TRANSFORM_TWO_CARDS","is_prod":false,"is_daily":false,"chose_seed":false,"campfire_upgraded":6,"win_rate":0,"timestamp":1549625005,"path_taken":["M","M","M","M","$","R","M","E","T","R","M","M","?","?","R","BOSS","M","?","M","$","?","E","?","R","T","R","?","$","R","M","R","BOSS","M","?","?","?","?","R","?","E","T","?","?","?","M","?","R","BOSS"],"build_version":"2019-01-23","purchased_purges":1,"victory":true,"max_hp_per_floor":[70,70,70,70,70,70,70,70,70,70,70,70,70,70,70,70,70,70,70,70,70,70,70,70,70,70,70,70,70,70,70,70,70,70,70,76,76,76,76,76,76,76,76,76,86,86,86,86,86,86],"card_choices":[{"not_picked":["Deflect","Cloak And Dagger"],"picked":"Flying Knee","floor":1.0},{"not_picked":["Flying Knee","Dodge and Roll"],"picked":"Leg Sweep","floor":2.0},{"not_picked":["Accuracy","Poisoned Stab"],"picked":"Dagger Throw","floor":3.0},{"not_picked":["Bane","Dagger Throw","Flechettes"],"picked":"SKIP","floor":4.0},{"not_picked":["PiercingWail","Sucker Punch"],"picked":"Blur","floor":7.0},{"not_picked":["Sucker Punch","Outmaneuver"],"picked":"Adrenaline","floor":8.0},{"not_picked":["Deflect","Eviscerate"],"picked":"Noxious Fumes","floor":11.0},{"not_picked":["Underhanded Strike","Cloak And Dagger"],"picked":"Backflip","floor":12.0},{"not_picked":["A Thousand Cuts","Phantasmal Killer"],"picked":"Envenom","floor":16},{"not_picked":[],"picked":"Outmaneuver","floor":18},{"not_picked":["Endless Agony"],"picked":"SKIP","floor":20},{"not_picked":["Dagger Spray"],"picked":"SKIP","floor":23},{"not_picked":["PiercingWail"],"picked":"SKIP","floor":31},{"not_picked":["Underhanded Strike+1"],"picked":"SKIP","floor":35},{"not_picked":[],"picked":"Sadistic Nature","floor":39},{"not_picked":["Outmaneuver"],"picked":"SKIP","floor":42},{"not_picked":[],"picked":"Terror","floor":47}],"player_experience":762101,"relics_obtained":[{"floor":8.0,"key":"Juzu Bracelet"},{"floor":9.0,"key":"Matryoshka"},{"floor":13,"key":"Thread and Needle"},{"floor":23,"key":"MawBank"},{"floor":26,"key":"Regal Pillow"},{"floor":26,"key":"Lantern"},{"floor":28,"key":"Bag of Marbles"},{"floor":28,"key":"Darkstone Periapt"},{"floor":41,"key":"Ginger"},{"floor":42,"key":"Anchor"},{"floor":43,"key":"The Specimen"},{"floor":44,"key":"Orichalcum"}],"event_choices":[{"damage_healed":0,"gold_gain":0,"player_choice":"Relic","damage_taken":0,"max_hp_gain":0,"max_hp_loss":0,"event_name":"Wheel of Change","floor":13,"gold_loss":0},{"cards_removed":["Reflex"],"damage_healed":38,"gold_gain":0,"player_choice":"Offered Uncommon","damage_taken":0,"max_hp_gain":0,"max_hp_loss":0,"event_name":"Bonfire Elementals","floor":14,"gold_loss":0},{"cards_removed":["Strike_G"],"damage_healed":0,"gold_gain":0,"player_choice":"Gave Gold","damage_taken":0,"max_hp_gain":0,"max_hp_loss":0,"event_name":"Beggar","floor":19,"gold_loss":75},{"damage_healed":0,"gold_gain":0,"player_choice":"Paid Fearfully","damage_taken":0,"max_hp_gain":0,"max_hp_loss":0,"event_name":"Masked Bandits","floor":22,"gold_loss":52},{"damage_healed":23,"gold_gain":0,"player_choice":"Heal","damage_taken":0,"max_hp_gain":0,"max_hp_loss":0,"event_name":"The Library","floor":24,"gold_loss":0},{"damage_healed":0,"gold_gain":0,"player_choice":"Rummage","damage_taken":0,"relics_obtained":["WarpedTongs"],"max_hp_gain":0,"max_hp_loss":0,"event_name":"Accursed Blacksmith","floor":36,"gold_loss":0,"cards_obtained":["Pain"]},{"damage_healed":0,"gold_gain":0,"player_choice":"Embrace Madness","damage_taken":10,"max_hp_gain":0,"max_hp_loss":0,"event_name":"Winding Halls","floor":37,"gold_loss":0,"cards_obtained":["Madness","Madness"]},{"damage_healed":0,"gold_gain":100,"player_choice":"Pray","damage_taken":0,"max_hp_gain":0,"max_hp_loss":0,"event_name":"Golden Shrine","floor":38,"gold_loss":0},{"damage_healed":0,"gold_gain":0,"player_choice":"Memory 1","damage_taken":0,"max_hp_gain":0,"max_hp_loss":0,"event_name":"SensoryStone","floor":39,"gold_loss":0},{"damage_healed":0,"gold_gain":0,"player_choice":"Fight","damage_taken":0,"max_hp_gain":0,"max_hp_loss":0,"event_name":"MindBloom","floor":41,"gold_loss":0},{"damage_healed":0,"gold_gain":0,"player_choice":"Got Potions","damage_taken":0,"max_hp_gain":0,"max_hp_loss":0,"event_name":"Lab","floor":45,"gold_loss":0},{"damage_healed":0,"gold_gain":0,"player_choice":"Paid","damage_taken":0,"relics_obtained":["Red Mask"],"max_hp_gain":0,"max_hp_loss":0,"event_name":"Tomb of Lord Red Mask","floor":48,"gold_loss":54}],"is_beta":false,"boss_relics":[{"not_picked":["Velvet Choker","Sozu"],"picked":"Busted Crown"},{"not_picked":["HoveringKite","Runic Dome"],"picked":"Fusion Hammer"}],"items_purged_floors":[29],"is_endless":false,"potions_floor_spawned":[3,4,11,12,18,20,33,35,41],"ascension_level":5}