{"gold_per_floor":[118,135,153,253,272,300,18,18,18,29,29,144,163,183,183,183],"floor_reached":16,"playtime":1165,"items_purged":["Strike_R"],"score":106,"play_id":"4a594508-c18c-4a5b-9bff-45f70c5c4b01","local_time":"20190208035354","is_ascension_mode":false,"campfire_choices":[{"floor":8,"key":"REST"},{"floor":11,"key":"REST"},{"data":"Fire Breathing","floor":15,"key":"SMITH"}],"neow_cost":"NONE","seed_source_timestamp":53130269198212,"circlet_count":0,"master_deck":["Strike_R","Strike_R","Strike_R","Strike_R","Defend_R+1","Defend_R","Defend_R+1","Defend_R","Bash","Battle Trance","Cleave","Iron Wave","Fire Breathing+1","Impervious","Rage","Infernal Blade","Carnage","Combust"],"relics":["Eternal Feather","War Paint","Toolbox","Bottled Flame"],"potions_floor_usage":[],"damage_taken":[{"damage":1,"enemies":"Jaw Worm","floor":1,"turns":5},{"damage":1,"enemies":"Cultist","floor":2,"turns":3},{"damage":6,"enemies":"2 Louse","floor":3,"turns":2},{"damage":5,"enemies":"Looter","floor":5,"turns":4},{"damage":51,"enemies":"Gremlin Nob","floor":6,"turns":6},{"damage":4,"enemies":"2 Fungi Beasts","floor":10,"turns":3},{"damage":15,"enemies":"Lots of Slimes","floor":12,"turns":12},{"damage":2,"enemies":"3 Louse","floor":13,"turns":3},{"damage":0,"enemies":"2 Fungi Beasts","floor":14,"turns":3},{"damage":71,"enemies":"The Guardian","floor":16,"turns":6}],"seed_played":"-1429344047491157555","potions_obtained":[{"floor":2,"key":"AttackPotion"},{"floor":3,"key":"SmokeBomb"},{"floor":5,"key":"Regen Potion"}],"is_trial":false,"path_per_floor":["M","M","M","?","M","E","$","R","T","M","R","M","M","M","R","B"],"character_chosen":"IRONCLAD","items_purchased":["Toolbox"],"campfire_rested":2,"item_purchase_floors":[7],"current_hp_per_floor":[79,78,72,72,67,16,16,46,46,42,75,60,58,58,67,0],"gold":183,"neow_bonus":"BOSS_RELIC","is_prod":false,"is_daily":false,"chose_seed":false,"campfire_upgraded":1,"win_rate":0.0,"timestamp":1549594434,"path_taken":["M","M","M","?","M","E","$","R","T","M","R","?","M","M","R","BOSS"],"build_version":"2019-01-23","purchased_purges":1,"victory":false,"max_hp_per_floor":[80,80,80,80,80,80,80,80,80,80,80,80,80,80,80,80],"card_choices":[{"not_picked":["Iron Wave","Headbutt"],"picked":"Battle Trance","floor":1},{"not_picked":["Spot Weakness","Body Slam"],"picked":"Cleave","floor":2},{"not_picked":["Sword Boomerang","Anger"],"picked":"Iron Wave","floor":3},{"not_picked":["Warcry","Headbutt"],"picked":"Fire Breathing","floor":5},{"not_picked":["Rage","Heavy Blade"],"picked":"Impervious","floor":6},{"not_picked":["Clothesline","Clash"],"picked":"Rage","floor":10},{"not_picked":["Clothesline","Hemokinesis"],"picked":"Infernal Blade","floor":12},{"not_picked":["Ghostly Armor","Shockwave"],"picked":"Carnage","floor":13},{"not_picked":["Clash","Evolve"],"picked":"Combust","floor":14}],"player_experience":45673,"relics_obtained":[{"floor":6,"key":"War Paint"},{"floor":9,"key":"Bottled Flame"}],"event_choices":[{"damage_healed":0,"gold_gain":100,"player_choice":"Gold","damage_taken":0,"max_hp_gain":0,"max_hp_loss":0,"event_name":"Wheel of Change","floor":4,"gold_loss":0}],"is_beta":false,"boss_relics":[],"items_purged_floors":[7],"is_endless":false,"potions_floor_spawned":[2,3,5],"killed_by":"The Guardian","ascension_level":0}