{"gold_per_floor":[115,125,125,225,237,237,149,184,184,201,201],"floor_reached":11,"playtime":595,"items_purged":[],"score":120,"play_id":"56d024f7-b825-48ed-afd6-2b2fce946b2b","local_time":"20190210223347","is_ascension_mode":true,"campfire_choices":[{"data":"Go for the Eyes","floor":6,"key":"SMITH"}],"neow_cost":"NONE","seed_source_timestamp":1940935556591643,"circlet_count":0,"master_deck":["AscendersBane","Strike_B","Strike_B","Strike_B","Strike_B","Defend_B","Defend_B","Defend_B","Defend_B","Zap","Dualcast","FTL","Go for the Eyes+1","Go for the Eyes","Beam Cell","Consume"],"relics":["Cracked Core","NeowsBlessing","Gremlin Horn","Bag of Preparation","Singing Bowl"],"potions_floor_usage":[10],"damage_taken":[{"damage":0,"enemies":"2 Louse","floor":1,"turns":1},{"damage":0,"enemies":"Cultist","floor":2,"turns":1},{"damage":0,"enemies":"Jaw Worm","floor":5,"turns":1},{"damage":20,"enemies":"Lagavulin","floor":8,"turns":6},{"damage":10,"enemies":"Gremlin Gang","floor":10,"turns":3},{"damage":42,"enemies":"3 Sentries","floor":11,"turns":6}],"seed_played":"8153583535768247856","potions_obtained":[{"floor":8,"key":"PowerPotion"}],"is_trial":false,"path_per_floor":["M","M","?","?","M","R","?","E","T","M","E"],"character_chosen":"DEFECT","items_purchased":[],"campfire_rested":0,"item_purchase_floors":[],"current_hp_per_floor":[68,68,68,68,68,68,68,48,48,38,0],"gold":201,"neow_bonus":"THREE_ENEMY_KILL","is_prod":false,"is_daily":false,"chose_seed":false,"campfire_upgraded":1,"win_rate":0,"timestamp":1549838027,"path_taken":["M","M","?","?","?","R","?","E","T","M","E"],"build_version":"2019-01-23","purchased_purges":0,"victory":false,"max_hp_per_floor":[75,75,75,75,75,75,75,75,75,75,75],"card_choices":[{"not_picked":["Leap","Steam"],"picked":"FTL","floor":1},{"not_picked":["Streamline","Undo"],"picked":"Go for the Eyes","floor":2},{"not_picked":["Turbo","Hologram"],"picked":"Go for the Eyes","floor":5},{"not_picked":["Go for the Eyes","Conserve Battery"],"picked":"Beam Cell","floor":8},{"not_picked":["Force Field","Storm"],"picked":"Consume","floor":10}],"player_experience":1320345,"relics_obtained":[{"floor":8,"key":"Bag of Preparation"},{"floor":9,"key":"Singing Bowl"}],"event_choices":[{"damage_healed":0,"gold_gain":0,"player_choice":"Ignored","damage_taken":0,"max_hp_gain":0,"max_hp_loss":0,"event_name":"Liars Game","floor":3,"gold_loss":0},{"damage_healed":0,"gold_gain":100,"player_choice":"Gold","damage_taken":0,"max_hp_gain":0,"max_hp_loss":0,"event_name":"Wheel of Change","floor":4,"gold_loss":0},{"damage_healed":0,"gold_gain":0,"player_choice":"Paid Gold","damage_taken":0,"relics_obtained":["Gremlin Horn"],"max_hp_gain":0,"max_hp_loss":0,"event_name":"WeMeetAgain","floor":7,"gold_loss":88}],"is_beta":false,"boss_relics":[],"items_purged_floors":[],"is_endless":false,"potions_floor_spawned":[8],"killed_by":"3 Sentries","ascension_level":13}