{"gold_per_floor":[115,80,80,94,58,58,133,133,133,57,57,83,83,103,103,178,178,196,211,211,222,222],"floor_reached":22,"playtime":699,"items_purged":[],"score":309,"play_id":"f6a731d5-3c2c-4ef8-b706-03bba5a80232","local_time":"20190119025220","is_ascension_mode":true,"campfire_choices":[{"data":"Zap","floor":6,"key":"SMITH"},{"data":"Beam Cell","floor":8,"key":"SMITH"},{"data":"Dualcast","floor":11,"key":"SMITH"},{"data":"Gash","floor":15,"key":"SMITH"}],"neow_cost":"NONE","seed_source_timestamp":636984210821301,"circlet_count":0,"master_deck":["AscendersBane","Strike_B","Strike_B","Strike_B","Strike_B","Defend_B","Defend_B","Defend_B","Defend_B","Zap+1","Dualcast+1","Gash+1","Beam Cell+1","Steam Power","Steam Power","Steam Power","Machine Learning","Glacier","Leap+1","Beam Cell"],"relics":["Cracked Core","Pen Nib","Dead Branch","Ancient Tea Set","Cursed Key"],"potions_floor_usage":[18],"damage_taken":[{"damage":14,"enemies":"Small Slimes","floor":1,"turns":4},{"damage":7,"enemies":"Jaw Worm","floor":4,"turns":3},{"damage":8,"enemies":"Gremlin Nob","floor":12,"turns":3},{"damage":2,"enemies":"2 Louse","floor":14,"turns":2},{"damage":43,"enemies":"Hexaghost","floor":16,"turns":11},{"damage":2,"enemies":"Chosen","floor":18,"turns":3},{"damage":18,"enemies":"Shell Parasite","floor":19,"turns":5},{"damage":26,"enemies":"Chosen and Byrds","floor":21,"turns":6},{"damage":12,"enemies":"3 Cultists","floor":22,"turns":5}],"seed_played":"1975186634600778070","potions_obtained":[{"floor":1,"key":"LiquidBronze"},{"floor":14,"key":"SteroidPotion"},{"floor":18,"key":"LiquidBronze"}],"is_trial":false,"path_per_floor":["M","?","?","M","$","R","?","R","T","$","R","E","?","M","R","B",null,"M","M","$","M","M"],"character_chosen":"DEFECT","items_purchased":["Steam Power","Steam Power"],"campfire_rested":0,"item_purchase_floors":[5,10],"current_hp_per_floor":[50,67,72,65,65,65,54,54,54,54,54,46,46,44,44,1,57,55,37,37,11,0],"gold":222,"neow_bonus":"RANDOM_COMMON_RELIC","is_prod":false,"is_daily":false,"chose_seed":false,"campfire_upgraded":4,"win_rate":0,"timestamp":1547884340,"path_taken":["M","?","?","M","?","R","?","R","T","?","R","E","?","?","R","BOSS","M","?","$","?","M"],"build_version":"2019-01-17v2","purchased_purges":0,"victory":false,"max_hp_per_floor":[71,71,76,76,76,76,76,76,76,76,76,76,76,76,76,76,76,76,76,76,76,76],"card_choices":[{"not_picked":["Undo","Conserve Battery"],"picked":"Gash","floor":1},{"not_picked":["Chaos","Blizzard"],"picked":"Beam Cell","floor":4},{"not_picked":["Recycle","Streamline"],"picked":"Steam Power","floor":12},{"not_picked":["Stack","Double Energy","Redo"],"picked":"SKIP","floor":14},{"not_picked":["Rainbow","Meteor Strike"],"picked":"Machine Learning","floor":16},{"not_picked":["Go for the Eyes","Loop"],"picked":"Glacier","floor":18},{"not_picked":["Steam","Coolheaded"],"picked":"Leap+1","floor":19},{"not_picked":["Stack","Turbo"],"picked":"Beam Cell","floor":21}],"player_experience":511612,"relics_obtained":[{"floor":9,"key":"Dead Branch"},{"floor":12,"key":"Ancient Tea Set"}],"event_choices":[{"damage_healed":17,"gold_gain":0,"player_choice":"Healed","damage_taken":0,"max_hp_gain":0,"max_hp_loss":0,"event_name":"The Cleric","floor":2,"gold_loss":35},{"damage_healed":0,"gold_gain":0,"player_choice":"Donut","damage_taken":0,"max_hp_gain":5,"max_hp_loss":0,"event_name":"Big Fish","floor":3,"gold_loss":0},{"damage_healed":0,"gold_gain":75,"player_choice":"Gather Gold","damage_taken":11,"max_hp_gain":0,"max_hp_loss":0,"event_name":"World of Goop","floor":7,"gold_loss":0},{"damage_healed":0,"gold_gain":0,"player_choice":"Ignored","damage_taken":0,"max_hp_gain":0,"max_hp_loss":0,"event_name":"Liars Game","floor":13,"gold_loss":0}],"is_beta":false,"boss_relics":[{"not_picked":["Fusion Hammer","Inserter"],"picked":"Cursed Key"}],"items_purged_floors":[],"is_endless":false,"potions_floor_spawned":[1,14,18],"killed_by":"3 Cultists","ascension_level":14}