{"gold_per_floor":[112,112,130,130,153,180,197,197,197,215,232,245,8,8,8,104,104,121,137,137,148,159,159,189,189,189,199,199],"floor_reached":28,"playtime":998,"items_purged":["Strike_B"],"score":327,"play_id":"7509a752-cb60-4247-97a9-299416ad64c0","local_time":"20181202231539","is_ascension_mode":true,"campfire_choices":[{"data":"Hyperbeam","floor":8,"key":"SMITH"},{"data":"Apotheosis","floor":15,"key":"SMITH"},{"data":"Seek","floor":23,"key":"SMITH"},{"data":"Strike_B","floor":25,"key":"PURGE"}],"neow_cost":"PERCENT_DAMAGE","seed_source_timestamp":814141483396419,"circlet_count":0,"master_deck":["Strike_B","Defend_B","Defend_B","Defend_B","Defend_B","Zap","Dualcast","Discovery","PanicButton","Conserve Battery","Fusion","Hyperbeam+1","Hologram","Ball Lightning","Go for the Eyes","Double Energy","Apotheosis+1","Seek+1","Double Energy","Skim+1","Pain","Loop","BootSequence+1"],"relics":["Cracked Core","Cables","Anchor","Singing Bowl","Peace Pipe","Sozu","WarpedTongs","Bird Faced Urn","Bag of Marbles"],"potions_floor_usage":[19],"damage_taken":[{"damage":0,"enemies":"2 Louse","floor":1,"turns":2},{"damage":5,"enemies":"Small Slimes","floor":3,"turns":3},{"damage":37,"enemies":"Gremlin Nob","floor":6,"turns":5},{"damage":0,"enemies":"Jaw Worm","floor":7,"turns":2},{"damage":0,"enemies":"Lots of Slimes","floor":10,"turns":3},{"damage":10,"enemies":"Gremlin Gang","floor":11,"turns":3},{"damage":0,"enemies":"Blue Slaver","floor":12,"turns":2},{"damage":11,"enemies":"The Guardian","floor":16,"turns":11},{"damage":19,"enemies":"Chosen","floor":18,"turns":6},{"damage":1,"enemies":"2 Thieves","floor":19,"turns":2},{"damage":4,"enemies":"3 Cultists","floor":21,"turns":4},{"damage":10,"enemies":"Centurion and Healer","floor":22,"turns":3},{"damage":8,"enemies":"Slavers","floor":24,"turns":2},{"damage":0,"enemies":"Shelled Parasite and Fungi","floor":27,"turns":1},{"damage":35,"enemies":"Snecko","floor":28,"turns":4}],"seed_played":"7420457599354494504","potions_obtained":[{"floor":3,"key":"FearPotion"},{"floor":16,"key":"Explosive Potion"}],"is_trial":false,"path_per_floor":["M","?","M","?","T","E","M","R","T","M","M","M","$","?","R","B",null,"M","M","?","M","M","R","E","R","T","M","M"],"character_chosen":"DEFECT","items_purchased":["Apotheosis"],"campfire_rested":0,"item_purchase_floors":[13],"current_hp_per_floor":[50,47,42,67,67,30,30,30,30,30,20,20,20,20,20,9,59,40,39,39,37,27,27,21,21,21,21,0],"gold":199,"neow_bonus":"RANDOM_COLORLESS_2","is_prod":false,"is_daily":false,"chose_seed":false,"campfire_upgraded":3,"win_rate":0,"timestamp":1543810539,"path_taken":["M","?","M","?","?","E","?","R","T","M","?","M","$","?","R","BOSS","M","?","?","M","?","R","E","R","T","M","M"],"build_version":"2018-11-15","purchased_purges":1,"victory":false,"max_hp_per_floor":[75,75,75,75,75,75,75,75,75,75,75,75,75,75,75,75,75,75,75,75,77,77,77,79,79,79,79,79],"card_choices":[{"not_picked":["Turbo","Beam Cell"],"picked":"Conserve Battery","floor":1},{"not_picked":["Conserve Battery","Turbo"],"picked":"Fusion","floor":3},{"not_picked":["All For One","Rebound"],"picked":"Hyperbeam","floor":6},{"not_picked":["Redo","Streamline"],"picked":"Hologram","floor":7},{"not_picked":["Stack","Leap"],"picked":"Ball Lightning","floor":10},{"not_picked":["Barrage","Capacitor"],"picked":"Go for the Eyes","floor":11},{"not_picked":["Streamline","Stack"],"picked":"Double Energy","floor":12},{"not_picked":["Fission","Machine Learning"],"picked":"Seek","floor":16},{"not_picked":["Doom and Gloom","Go for the Eyes"],"picked":"Double Energy","floor":18},{"not_picked":["Undo","Chaos+1"],"picked":"Skim+1","floor":19},{"not_picked":["Conserve Battery+1","Stack+1","Chill+1"],"picked":"Singing Bowl","floor":21},{"not_picked":["Recycle","Auto Shields"],"picked":"Loop","floor":22},{"not_picked":["Beam Cell","Glacier+1","Consume"],"picked":"Singing Bowl","floor":24},{"not_picked":["Chaos","Sweeping Beam"],"picked":"BootSequence+1","floor":27}],"player_experience":342102,"relics_obtained":[{"floor":5,"key":"Anchor"},{"floor":6,"key":"Singing Bowl"},{"floor":9,"key":"Peace Pipe"},{"floor":24,"key":"Bird Faced Urn"},{"floor":26,"key":"Bag of Marbles"}],"event_choices":[{"damage_healed":0,"gold_gain":0,"player_choice":"Success","damage_taken":3,"relics_obtained":["Cables"],"max_hp_gain":0,"max_hp_loss":0,"event_name":"Scrap Ooze","floor":2,"gold_loss":0},{"damage_healed":25,"gold_gain":0,"player_choice":"Banana","damage_taken":0,"max_hp_gain":0,"max_hp_loss":0,"event_name":"Big Fish","floor":4,"gold_loss":0},{"cards_removed":["Strike_B"],"damage_healed":0,"gold_gain":0,"player_choice":"Offered Basic","damage_taken":0,"max_hp_gain":0,"max_hp_loss":0,"event_name":"Bonfire Elementals","floor":14,"gold_loss":0},{"damage_healed":0,"gold_gain":0,"player_choice":"Rummage","damage_taken":0,"relics_obtained":["WarpedTongs"],"max_hp_gain":0,"max_hp_loss":0,"event_name":"Accursed Blacksmith","floor":20,"gold_loss":0,"cards_obtained":["Pain"]}],"is_beta":false,"boss_relics":[{"not_picked":["Ectoplasm","FrozenCore"],"picked":"Sozu"}],"items_purged_floors":[13],"is_endless":false,"potions_floor_spawned":[3,16,18,22,27],"killed_by":"Snecko","ascension_level":7}