{"gold_per_floor":[118,130,141,158,158,158,333,363,363,13,25,38,38,70,70,166,166,176,101,115,214,224,224,256,256,283,295,295,77,77,96,96,192,192,208,222,15,27,43,43],"floor_reached":40,"playtime":1866,"items_purged":["Doubt","Streamline"],"score":534,"play_id":"e173b5b3-6bc8-4055-88de-f27b879868cd","local_time":"20181128225740","is_ascension_mode":true,"campfire_choices":[{"data":"Zap","floor":6,"key":"SMITH"},{"floor":15,"key":"REST"},{"floor":23,"key":"REST"},{"floor":30,"key":"REST"},{"floor":32,"key":"REST"}],"neow_cost":"NONE","seed_source_timestamp":466586308035220,"circlet_count":0,"master_deck":["Zap+1","Dualcast","Doom and Gloom","Barrage+1","Reinforced Body+1","Core Surge","Auto Shields","Loop","White Noise+1","Tempest","Double Energy","Thunder Strike+1","Fusion","Heatsinks","Rebound","Redo","Coolheaded","Steam","Coolheaded","Hologram+1","Capacitor","Compile Driver","Hologram","White Noise+1","Undo+1","Go for the Eyes","Chaos+1","Seek","Steam","Steam+1","Glacier+1","Hologram"],"relics":["Cracked Core","NeowsBlessing","The Courier","Bottled Lightning","Cables","Bag of Preparation","Pandora\u0027s Box","Du-Vu Doll","DataDisk","Whetstone","Runic Pyramid","Bottled Flame"],"potions_floor_usage":[8,24,33,33,38,39],"damage_taken":[{"damage":0,"enemies":"Cultist","floor":1,"turns":1},{"damage":0,"enemies":"2 Louse","floor":2,"turns":1},{"damage":0,"enemies":"Jaw Worm","floor":3,"turns":1},{"damage":20,"enemies":"Gremlin Gang","floor":4,"turns":3},{"damage":34,"enemies":"Lagavulin","floor":8,"turns":6},{"damage":2,"enemies":"Exordium Wildlife","floor":11,"turns":3},{"damage":0,"enemies":"Looter","floor":12,"turns":3},{"damage":0,"enemies":"Gremlin Nob","floor":14,"turns":3},{"damage":7,"enemies":"Hexaghost","floor":16,"turns":7},{"damage":9,"enemies":"Spheric Guardian","floor":18,"turns":3},{"damage":20,"enemies":"3 Byrds","floor":20,"turns":4},{"damage":15,"enemies":"Centurion and Healer","floor":22,"turns":6},{"damage":46,"enemies":"Book of Stabbing","floor":24,"turns":7},{"damage":0,"enemies":"Cultist and Chosen","floor":27,"turns":5},{"damage":8,"enemies":"Shelled Parasite and Fungi","floor":31,"turns":3},{"damage":17,"enemies":"Champ","floor":33,"turns":8},{"damage":4,"enemies":"Orb Walker","floor":35,"turns":4},{"damage":40,"enemies":"3 Darklings","floor":36,"turns":5},{"damage":8,"enemies":"Sphere and 2 Shapes","floor":38,"turns":4},{"damage":5,"enemies":"Transient","floor":39,"turns":5},{"damage":41,"enemies":"Nemesis","floor":40,"turns":2}],"seed_played":"3935875044291365188","potions_obtained":[{"floor":2,"key":"SpeedPotion"},{"floor":3,"key":"EssenceOfSteel"},{"floor":16,"key":"EntropicBrew"},{"floor":18,"key":"GamblersBrew"},{"floor":22,"key":"PowerPotion"},{"floor":27,"key":"PowerPotion"},{"floor":33,"key":"Regen Potion"},{"floor":36,"key":"Ancient Potion"},{"floor":38,"key":"GamblersBrew"}],"is_trial":false,"path_per_floor":["M","M","M","M","?","R","?","E","T","$","M","M","?","E","R","B",null,"M","?","M","?","M","R","E","?","T","M","?","$","R","M","R","B",null,"M","M","$","M","M","E"],"character_chosen":"DEFECT","items_purchased":["Auto Shields","Cables","Loop","Whetstone","Go for the Eyes","Bottled Flame"],"campfire_rested":4,"item_purchase_floors":[10,10,10,29,29,37],"current_hp_per_floor":[75,75,75,55,40,40,40,6,6,6,4,4,4,4,26,19,75,66,66,46,46,31,53,7,7,7,7,7,7,29,21,43,26,75,71,31,31,35,30,0],"gold":43,"neow_bonus":"THREE_ENEMY_KILL","is_prod":false,"is_daily":false,"chose_seed":false,"campfire_upgraded":1,"win_rate":0,"timestamp":1543463860,"path_taken":["M","M","M","?","?","R","?","E","T","$","M","M","?","E","R","BOSS","M","?","M","?","M","R","E","?","T","?","?","$","R","M","R","BOSS","M","?","$","M","M","E"],"build_version":"2018-11-15","purchased_purges":2,"victory":false,"max_hp_per_floor":[75,75,75,75,75,75,75,75,75,75,75,75,75,75,75,75,75,75,75,75,75,75,75,75,75,75,75,75,75,75,75,75,75,75,75,75,75,75,75,75],"card_choices":[{"not_picked":["Redo","Recycle"],"picked":"Doom and Gloom","floor":1},{"not_picked":["Turbo","Gash"],"picked":"Barrage","floor":2},{"not_picked":["Redo","Recycle"],"picked":"Streamline","floor":3},{"not_picked":["Cold Snap","Storm"],"picked":"Reinforced Body","floor":4},{"not_picked":["Static Discharge","Skim"],"picked":"Core Surge","floor":8},{"not_picked":["Redo","Steam"],"picked":"White Noise","floor":11},{"not_picked":["Gash","Reprogram"],"picked":"Tempest","floor":12},{"not_picked":["Turbo","Coolheaded"],"picked":"Double Energy","floor":14},{"not_picked":["All For One","Machine Learning"],"picked":"Thunder Strike","floor":16},{"not_picked":["Ball Lightning","Glacier"],"picked":"Hologram+1","floor":18},{"not_picked":["Turbo","Conserve Battery+1"],"picked":"Capacitor","floor":20},{"not_picked":["Storm","Chill"],"picked":"Compile Driver","floor":22},{"not_picked":["Stack","Steam Power"],"picked":"Hologram","floor":24},{"not_picked":["Turbo","Stack+1"],"picked":"Undo+1","floor":27},{"not_picked":["Consume+1","Barrage"],"picked":"Chaos+1","floor":31},{"not_picked":["Thunder Strike","Creative AI"],"picked":"Seek","floor":33},{"not_picked":["Leap","Coolheaded"],"picked":"Steam","floor":35},{"not_picked":["Leap","Cold Snap+1"],"picked":"Steam+1","floor":36},{"not_picked":["Melter","Aggregate"],"picked":"Glacier+1","floor":38},{"not_picked":["Conserve Battery","Streamline"],"picked":"Hologram","floor":39}],"player_experience":322975,"relics_obtained":[{"floor":8,"key":"The Courier"},{"floor":9,"key":"Bottled Lightning"},{"floor":14,"key":"Bag of Preparation"},{"floor":24,"key":"Du-Vu Doll"},{"floor":26,"key":"DataDisk"}],"event_choices":[{"damage_healed":0,"gold_gain":0,"player_choice":"Entered Light","damage_taken":15,"max_hp_gain":0,"max_hp_loss":0,"event_name":"Shining Light","floor":5,"gold_loss":0,"cards_upgraded":["Defend_B","Reinforced Body"]},{"damage_healed":0,"gold_gain":175,"player_choice":"AGREE","damage_taken":0,"max_hp_gain":0,"max_hp_loss":0,"event_name":"Liars Game","floor":7,"gold_loss":0,"cards_obtained":["Doubt"]},{"damage_healed":0,"gold_gain":0,"player_choice":"Upgraded","damage_taken":0,"max_hp_gain":0,"max_hp_loss":0,"event_name":"Upgrade Shrine","floor":13,"gold_loss":0,"cards_upgraded":["White Noise"]},{"cards_removed":["Streamline"],"damage_healed":0,"gold_gain":0,"player_choice":"Gave Gold","damage_taken":0,"max_hp_gain":0,"max_hp_loss":0,"event_name":"Beggar","floor":19,"gold_loss":75},{"damage_healed":0,"gold_gain":99,"player_choice":"Stole From Cult","damage_taken":0,"max_hp_gain":0,"max_hp_loss":0,"event_name":"Nest","floor":21,"gold_loss":0},{"damage_healed":0,"gold_gain":0,"player_choice":"Copied","damage_taken":0,"max_hp_gain":0,"max_hp_loss":0,"event_name":"Duplicator","floor":25,"gold_loss":0,"cards_obtained":["White Noise"]},{"damage_healed":0,"gold_gain":0,"player_choice":"Ignored","damage_taken":0,"max_hp_gain":0,"max_hp_loss":0,"event_name":"WeMeetAgain","floor":28,"gold_loss":0}],"is_beta":false,"boss_relics":[{"not_picked":["Orrery","Black Star"],"picked":"Pandora\u0027s Box"},{"not_picked":["Eternal Feather","Nuclear Battery"],"picked":"Runic Pyramid"}],"items_purged_floors":[10,29],"is_endless":false,"potions_floor_spawned":[2,3,16,18,22,27,33,36,38],"killed_by":"Nemesis","ascension_level":4}