{"gold_per_floor":[110,60,74,88,16,42,42,42,122,148,162,181,181,192,192,288,288,306,318,74,86,86,86],"floor_reached":23,"playtime":2027,"items_purged":[],"score":253,"play_id":"f6e6d757-4ff7-4da1-9985-f50340c4fa92","local_time":"20190210061055","is_ascension_mode":false,"campfire_choices":[{"data":"Flame Barrier","floor":8,"key":"SMITH"},{"data":"Heavy Blade","floor":13,"key":"SMITH"},{"data":"Inflame","floor":15,"key":"SMITH"}],"neow_cost":"NONE","seed_source_timestamp":172551777935204,"circlet_count":0,"master_deck":["Strike_R","Strike_R","Strike_R","Strike_R","Defend_R","Defend_R","Defend_R","Defend_R","Bash","Bloodletting","Inflame+1","Heavy Blade+1","Metallicize","Flame Barrier+1","Spot Weakness","Battle Trance","Flex","Double Tap","Flex","Rupture+1","Iron Wave+1"],"relics":["Sozu","Potion Belt","Molten Egg 2","FossilizedHelix","Runic Cube","Self Forming Clay"],"potions_floor_usage":[],"damage_taken":[{"damage":11,"enemies":"Jaw Worm","floor":1,"turns":4},{"damage":0,"enemies":"Small Slimes","floor":3,"turns":4},{"damage":0,"enemies":"Cultist","floor":4,"turns":2},{"damage":19,"enemies":"Lagavulin","floor":6,"turns":8},{"damage":9,"enemies":"3 Sentries","floor":10,"turns":8},{"damage":0,"enemies":"Large Slime","floor":11,"turns":5},{"damage":0,"enemies":"Exordium Wildlife","floor":12,"turns":5},{"damage":0,"enemies":"Red Slaver","floor":14,"turns":3},{"damage":0,"enemies":"Slime Boss","floor":16,"turns":4},{"damage":19,"enemies":"2 Thieves","floor":18,"turns":4},{"damage":30,"enemies":"3 Byrds","floor":19,"turns":7},{"damage":12,"enemies":"3 Cultists","floor":21,"turns":6},{"damage":5,"enemies":"Book of Stabbing","floor":23,"turns":2}],"seed_played":"814672991539338910","potions_obtained":[],"is_trial":false,"path_per_floor":["M","?","M","M","$","E","?","R","T","E","M","M","R","M","R","B",null,"M","M","$","M","?","E"],"character_chosen":"IRONCLAD","items_purchased":["Metallicize","Self Forming Clay"],"campfire_rested":0,"item_purchase_floors":[5,20],"current_hp_per_floor":[69,69,69,69,69,50,50,50,50,41,41,41,41,41,41,41,80,61,31,31,19,4,0],"gold":86,"neow_bonus":"BOSS_RELIC","is_prod":false,"is_daily":false,"chose_seed":false,"campfire_upgraded":3,"win_rate":0.0,"timestamp":1549775455,"path_taken":["M","?","M","M","$","E","?","R","T","E","?","M","R","M","R","BOSS","M","M","$","M","?","E"],"build_version":"2019-01-23","purchased_purges":0,"victory":false,"max_hp_per_floor":[80,80,80,80,80,80,80,80,80,80,80,80,80,80,80,80,80,80,80,80,80,85,85],"card_choices":[{"not_picked":["True Grit","Iron Wave"],"picked":"Bloodletting","floor":1},{"not_picked":["Warcry","Bloodletting"],"picked":"Inflame","floor":3},{"not_picked":["Clothesline","Body Slam"],"picked":"Heavy Blade","floor":4},{"not_picked":["Second Wind","Metallicize"],"picked":"Flame Barrier","floor":6},{"not_picked":["Shrug It Off","Wild Strike+1"],"picked":"Spot Weakness","floor":10},{"not_picked":["True Grit","Perfected Strike+1"],"picked":"Battle Trance","floor":11},{"not_picked":["Combust","Perfected Strike+1","Havoc"],"picked":"SKIP","floor":12},{"not_picked":["Rupture","Sword Boomerang+1"],"picked":"Flex","floor":14},{"not_picked":["Dark Embrace","Immolate+1"],"picked":"Double Tap","floor":16},{"not_picked":["Cleave+1","Twin Strike+1"],"picked":"Flex","floor":18},{"not_picked":["Pommel Strike+1","Warcry"],"picked":"Rupture+1","floor":19},{"not_picked":["Exhume","Twin Strike+1"],"picked":"Iron Wave+1","floor":21}],"player_experience":129328,"relics_obtained":[{"floor":6,"key":"Potion Belt"},{"floor":9,"key":"Molten Egg 2"},{"floor":10,"key":"FossilizedHelix"}],"event_choices":[{"cards_removed":["Strike_R"],"damage_healed":0,"gold_gain":0,"player_choice":"Card Removal","damage_taken":0,"max_hp_gain":0,"max_hp_loss":0,"event_name":"The Cleric","floor":2,"gold_loss":50},{"damage_healed":0,"gold_gain":0,"player_choice":"Ignored","damage_taken":0,"max_hp_gain":0,"max_hp_loss":0,"event_name":"NoteForYourself","floor":7,"gold_loss":0},{"damage_healed":0,"gold_gain":0,"player_choice":"Shed Blood","damage_taken":20,"max_hp_gain":5,"max_hp_loss":0,"event_name":"Forgotten Altar","floor":22,"gold_loss":0}],"is_beta":false,"boss_relics":[{"not_picked":["Eternal Feather","Calling Bell"],"picked":"Runic Cube"}],"items_purged_floors":[],"is_endless":false,"potions_floor_spawned":[1,6,11,16,19],"killed_by":"Book of Stabbing","ascension_level":0}