{"gold_per_floor":[110,110,21,21,46,46,60,92,92,111,126,139,157,184,184,279,279,289,289,289,23,42,42,75,75,75,108,108,108,108,108],"floor_reached":31,"playtime":1130,"items_purged":[],"score":400,"play_id":"03829d22-760d-4bea-b4c5-9bd0d61b205f","local_time":"20181220201013","is_ascension_mode":true,"campfire_choices":[{"data":"Madness","floor":6,"key":"SMITH"},{"data":"Caltrops","floor":15,"key":"SMITH"},{"floor":23,"key":"RECALL"},{"floor":25,"key":"REST"},{"floor":29,"key":"REST"}],"neow_cost":"NONE","seed_source_timestamp":261141170766400,"circlet_count":0,"master_deck":["Defend_G","Defend_G","Defend_G","Defend_G","Defend_G","Strike_G","Strike_G","Strike_G","Strike_G","Strike_G","Survivor","Neutralize","Well Laid Plans","Madness+1","Leg Sweep","Deadly Poison","Footwork","Caltrops+1","Bullet Time","Noxious Fumes","Noxious Fumes"],"relics":["Ring of the Snake","NeowsBlessing","Art of War","StoneCalendar","Pantograph","Bronze Scales","Lizard Tail","HandDrill","Pocketwatch","Ornamental Fan","Dead Branch"],"potions_floor_usage":[12,16,16,22,24,24,28],"damage_taken":[{"damage":0,"enemies":"Jaw Worm","floor":1,"turns":1},{"damage":0,"enemies":"Cultist","floor":7,"turns":1},{"damage":0,"enemies":"Gremlin Nob","floor":8,"turns":1},{"damage":1,"enemies":"Small Slimes","floor":10,"turns":4},{"damage":4,"enemies":"Blue Slaver","floor":11,"turns":5},{"damage":0,"enemies":"Red Slaver","floor":12,"turns":6},{"damage":11,"enemies":"Lots of Slimes","floor":13,"turns":6},{"damage":0,"enemies":"Lagavulin","floor":14,"turns":7},{"damage":16,"enemies":"Slime Boss","floor":16,"turns":10},{"damage":22,"enemies":"Spheric Guardian","floor":18,"turns":7},{"damage":7,"enemies":"Shell Parasite","floor":22,"turns":4},{"damage":70,"enemies":"Slavers","floor":24,"turns":6},{"damage":13,"enemies":"Book of Stabbing","floor":27,"turns":5},{"damage":4,"enemies":"Sentry and Sphere","floor":28,"turns":3},{"damage":39,"enemies":"Gremlin Leader","floor":31,"turns":3}],"seed_played":"5456386490272269751","potions_obtained":[{"floor":1,"key":"Swift Potion"},{"floor":7,"key":"Ancient Potion"},{"floor":10,"key":"Swift Potion"},{"floor":14,"key":"LiquidBronze"},{"floor":18,"key":"Strength Potion"},{"floor":20,"key":"AttackPotion"},{"floor":22,"key":"SmokeBomb"}],"is_trial":false,"path_per_floor":["M","?","$","?","T","R","M","E","T","M","M","M","M","E","R","B",null,"M","?","?","$","M","R","E","R","T","E","M","R","?","E"],"character_chosen":"THE_SILENT","items_purchased":["Madness","Noxious Fumes","HandDrill"],"campfire_rested":2,"item_purchase_floors":[3,21,21],"current_hp_per_floor":[70,70,70,70,70,70,70,70,70,69,65,65,54,54,54,54,70,48,48,48,48,41,41,8,29,29,16,12,33,33,0],"gold":108,"neow_bonus":"THREE_ENEMY_KILL","is_prod":false,"is_daily":false,"chose_seed":false,"campfire_upgraded":2,"win_rate":0,"timestamp":1545333013,"path_taken":["M","?","?","?","?","R","M","E","T","M","?","M","M","E","R","BOSS","M","?","?","$","M","R","E","R","T","E","?","R","?","E"],"build_version":"2018-12-13","purchased_purges":0,"victory":false,"max_hp_per_floor":[70,70,70,70,70,70,70,70,70,70,70,70,70,70,70,70,70,70,70,70,70,70,70,70,70,70,70,70,70,70,70],"card_choices":[{"not_picked":["Acrobatics","Outmaneuver"],"picked":"Well Laid Plans","floor":1},{"not_picked":["Deadly Poison","Slice"],"picked":"Leg Sweep","floor":7},{"not_picked":["Crippling Poison","Poisoned Stab"],"picked":"Deadly Poison","floor":8},{"not_picked":["Bane","Crippling Poison"],"picked":"Footwork","floor":10},{"not_picked":["Deadly Poison","Quick Slash"],"picked":"Caltrops","floor":11},{"not_picked":["Prepared","All Out Attack","Bouncing Flask"],"picked":"SKIP","floor":12},{"not_picked":["Prepared","Choke","Cloak And Dagger"],"picked":"SKIP","floor":13},{"not_picked":["Wraith Form v2","Riddle With Holes","Predator"],"picked":"SKIP","floor":14},{"not_picked":["Phantasmal Killer","Wraith Form v2"],"picked":"Bullet Time","floor":16},{"not_picked":["Terror","Prepared","Finisher"],"picked":"SKIP","floor":18},{"not_picked":["Cloak And Dagger","Deflect"],"picked":"Noxious Fumes","floor":22},{"not_picked":["Reflex","Finisher","Prepared+1"],"picked":"SKIP","floor":24},{"not_picked":["Bouncing Flask","Dagger Throw+1","Accuracy+1"],"picked":"SKIP","floor":27}],"player_experience":807111,"relics_obtained":[{"floor":5,"key":"Art of War"},{"floor":8,"key":"StoneCalendar"},{"floor":9,"key":"Pantograph"},{"floor":14,"key":"Bronze Scales"},{"floor":24,"key":"Pocketwatch"},{"floor":26,"key":"Ornamental Fan"},{"floor":27,"key":"Dead Branch"}],"event_choices":[{"damage_healed":0,"gold_gain":0,"player_choice":"Bought 0 Potions","damage_taken":0,"max_hp_gain":0,"max_hp_loss":0,"event_name":"The Woman in Blue","floor":2,"gold_loss":0},{"damage_healed":0,"gold_gain":0,"player_choice":"Leave","damage_taken":0,"max_hp_gain":0,"max_hp_loss":0,"event_name":"The Cleric","floor":4,"gold_loss":0},{"damage_healed":0,"gold_gain":0,"player_choice":"Ignored","damage_taken":0,"max_hp_gain":0,"max_hp_loss":0,"event_name":"Ghosts","floor":19,"gold_loss":0},{"damage_healed":0,"gold_gain":0,"player_choice":"Got Potions","damage_taken":0,"max_hp_gain":0,"max_hp_loss":0,"event_name":"Lab","floor":20,"gold_loss":0},{"damage_healed":0,"gold_gain":0,"player_choice":"Ignored","damage_taken":0,"max_hp_gain":0,"max_hp_loss":0,"event_name":"Cursed Tome","floor":30,"gold_loss":0}],"is_beta":false,"boss_relics":[{"not_picked":["Philosopher\u0027s Stone","Ectoplasm"],"picked":"Lizard Tail"}],"items_purged_floors":[],"is_endless":false,"potions_floor_spawned":[1,7,10,14,18,22],"killed_by":"Gremlin Leader","ascension_level":4}