{"gold_per_floor":[112,187,187,67,86,86,113,132,155,155,169,199,199,213,213,213],"floor_reached":16,"playtime":706,"items_purged":[],"score":189,"play_id":"21b02009-7ae2-4c7e-bec1-7e7ed23edfc9","local_time":"20190207115725","is_ascension_mode":true,"campfire_choices":[{"data":"Footwork","floor":6,"key":"SMITH"},{"data":"Terror","floor":10,"key":"SMITH"},{"floor":15,"key":"REST"}],"neow_cost":"NONE","seed_source_timestamp":1110969701409066,"circlet_count":0,"master_deck":["Defend_G","Defend_G","Defend_G","Defend_G","Defend_G","Strike_G","Strike_G","Strike_G","Strike_G","Strike_G","Survivor","Neutralize+1","Terror+1","Footwork+1","Deadly Poison","Acrobatics","Tactician+1","Sucker Punch+1","Backflip"],"relics":["Ring of the Snake","NeowsBlessing","Art of War","Centennial Puzzle","Molten Egg 2"],"potions_floor_usage":[12,16,16,16],"damage_taken":[{"damage":0,"enemies":"2 Louse","floor":1,"turns":1},{"damage":0,"enemies":"Small Slimes","floor":5,"turns":1},{"damage":0,"enemies":"3 Sentries","floor":7,"turns":1},{"damage":0,"enemies":"Jaw Worm","floor":8,"turns":5},{"damage":15,"enemies":"Exordium Thugs","floor":11,"turns":7},{"damage":8,"enemies":"Gremlin Nob","floor":12,"turns":3},{"damage":0,"enemies":"2 Fungi Beasts","floor":14,"turns":3},{"damage":40,"enemies":"Slime Boss","floor":16,"turns":13}],"seed_played":"4013014192140648999","potions_obtained":[{"floor":1,"key":"SkillPotion"},{"floor":5,"key":"SpeedPotion"},{"floor":12,"key":"Strength Potion"},{"floor":14,"key":"Poison Potion"}],"is_trial":false,"path_per_floor":["M","?","?","$","M","R","E","M","T","R","M","E","?","M","R","B"],"character_chosen":"THE_SILENT","items_purchased":["Footwork","Deadly Poison"],"campfire_rested":1,"item_purchase_floors":[4,4],"current_hp_per_floor":[63,52,49,49,49,49,49,49,49,49,34,26,12,12,33,0],"gold":213,"neow_bonus":"THREE_ENEMY_KILL","is_prod":false,"is_daily":false,"chose_seed":false,"campfire_upgraded":2,"win_rate":0,"timestamp":1549537045,"path_taken":["M","?","?","$","M","R","E","M","T","R","M","E","?","M","R","BOSS"],"build_version":"2019-01-23","purchased_purges":0,"victory":false,"max_hp_per_floor":[70,70,70,70,70,70,70,70,70,70,70,70,70,70,70,70],"card_choices":[{"not_picked":["Reflex","Poisoned Stab"],"picked":"Terror","floor":1},{"not_picked":["All Out Attack","Dagger Spray","Cloak And Dagger"],"picked":"SKIP","floor":5},{"not_picked":["Underhanded Strike","Slice","Eviscerate"],"picked":"SKIP","floor":7},{"not_picked":["Riddle With Holes","Prepared"],"picked":"Acrobatics","floor":8},{"not_picked":["Outmaneuver","Deflect"],"picked":"Tactician","floor":11},{"not_picked":["Outmaneuver","Venomology"],"picked":"Sucker Punch","floor":12},{"not_picked":["Choke+1","All Out Attack+1"],"picked":"Backflip","floor":14}],"player_experience":267734,"relics_obtained":[{"floor":7,"key":"Centennial Puzzle"},{"floor":12,"key":"Molten Egg 2"}],"event_choices":[{"damage_healed":0,"gold_gain":75,"player_choice":"Gather Gold","damage_taken":11,"max_hp_gain":0,"max_hp_loss":0,"event_name":"World of Goop","floor":2,"gold_loss":0},{"damage_healed":0,"gold_gain":0,"player_choice":"Success","damage_taken":3,"relics_obtained":["Art of War"],"max_hp_gain":0,"max_hp_loss":0,"event_name":"Scrap Ooze","floor":3,"gold_loss":0},{"damage_healed":0,"gold_gain":0,"player_choice":"Entered Light","damage_taken":14,"max_hp_gain":0,"max_hp_loss":0,"event_name":"Shining Light","floor":13,"gold_loss":0,"cards_upgraded":["Neutralize","Tactician"]}],"is_beta":false,"boss_relics":[],"items_purged_floors":[],"is_endless":false,"potions_floor_spawned":[1,5,12,14],"killed_by":"Slime Boss","ascension_level":8}