{"gold_per_floor":[113,123,48,48,48,48,67,67,92,102,102,122,48,77,77,179,179,191,191,91,91,91,91,110,128,152,179,179,179,15,40,40,143,143,163,175,0,0,0,0,19,19,19,19,34,47,47,77,77,77],"floor_reached":51,"playtime":2923,"items_purged":["Strike_R","Defend_R","Injury"],"score":1088,"play_id":"bf2b131b-1e81-4056-b759-6aebb31dfcc0","local_time":"20190204140016","is_ascension_mode":true,"campfire_choices":[{"data":"Uppercut","floor":6,"key":"SMITH"},{"data":"Shrug It Off","floor":11,"key":"SMITH"},{"data":"Pommel Strike","floor":15,"key":"SMITH"},{"data":"Whirlwind","floor":23,"key":"SMITH"},{"data":"Rupture","floor":29,"key":"SMITH"},{"data":"Demon Form","floor":32,"key":"SMITH"},{"data":"Flame Barrier","floor":40,"key":"SMITH"},{"data":"Intimidate","floor":42,"key":"SMITH"},{"floor":49,"key":"REST"}],"neow_cost":"NONE","seed_source_timestamp":60883858053543,"circlet_count":0,"master_deck":["Strike_R","Defend_R","Defend_R","Defend_R","Bash","Uppercut+1","Shrug It Off+1","Intimidate+1","Rupture+1","Whirlwind+1","Pommel Strike+1","Brutality","Shrug It Off","Demon Form+1","Flame Barrier+1","Parasite","Limit Break+1"],"relics":["Burning Blood","Centennial Puzzle","Mercury Hourglass","Cursed Key","MutagenicStrength","Ancient Tea Set","Question Card","Juzu Bracelet","Sozu","Red Mask","Darkstone Periapt"],"potions_floor_usage":[10,14,16,35,48,50],"damage_taken":[{"damage":1,"enemies":"2 Louse","floor":1,"turns":4},{"damage":9,"enemies":"Jaw Worm","floor":2,"turns":3},{"damage":2,"enemies":"Small Slimes","floor":7,"turns":4},{"damage":32,"enemies":"Gremlin Gang","floor":10,"turns":10},{"damage":0,"enemies":"Exordium Wildlife","floor":12,"turns":7},{"damage":10,"enemies":"3 Sentries","floor":14,"turns":4},{"damage":39,"enemies":"Slime Boss","floor":16,"turns":11},{"damage":2,"enemies":"3 Byrds","floor":18,"turns":4},{"damage":12,"enemies":"Spheric Guardian","floor":24,"turns":3},{"damage":4,"enemies":"Cultist and Chosen","floor":25,"turns":4},{"damage":21,"enemies":"Slavers","floor":27,"turns":3},{"damage":5,"enemies":"Champ","floor":33,"turns":7},{"damage":12,"enemies":"Orb Walker","floor":35,"turns":2},{"damage":12,"enemies":"3 Darklings","floor":36,"turns":3},{"damage":10,"enemies":"Spire Growth","floor":41,"turns":4},{"damage":9,"enemies":"Transient","floor":45,"turns":5},{"damage":0,"enemies":"Jaw Worm Horde","floor":46,"turns":2},{"damage":45,"enemies":"Nemesis","floor":48,"turns":7},{"damage":42,"enemies":"Donu and Deca","floor":50,"turns":6}],"seed_played":"9015386899654009054","potions_obtained":[{"floor":1,"key":"Block Potion"},{"floor":10,"key":"SteroidPotion"},{"floor":14,"key":"SteroidPotion"},{"floor":18,"key":"Swift Potion"},{"floor":25,"key":"Regen Potion"},{"floor":33,"key":"SteroidPotion"}],"is_trial":false,"path_per_floor":["M","M","$","?","?","R","M","?","T","M","R","M","$","E","R","B",null,"M","?","$","?","$","R","M","M","T","E","?","R","$","T","R","B",null,"M","M","?","?","?","R","M","R","T","?","M","M","T","E","R","B",null],"character_chosen":"IRONCLAD","items_purchased":["Whirlwind","Flame Barrier"],"campfire_rested":1,"item_purchase_floors":[13,30],"current_hp_per_floor":[77,74,74,79,79,79,83,83,83,57,57,63,63,59,59,26,70,74,74,74,74,74,74,68,70,70,55,55,55,55,55,55,56,78,72,66,66,66,66,66,62,62,62,62,59,65,65,38,63,27],"gold":77,"neow_bonus":"TRANSFORM_CARD","is_prod":false,"is_daily":false,"chose_seed":false,"campfire_upgraded":8,"win_rate":0,"timestamp":1549256416,"path_taken":["M","M","$","?","?","R","M","?","T","M","R","?","$","E","R","BOSS","M","?","$","?","?","R","?","M","T","E","?","R","?","?","R","BOSS","M","M","?","?","?","R","M","R","T","?","M","M","?","E","R","BOSS"],"build_version":"2019-01-23","purchased_purges":3,"victory":true,"max_hp_per_floor":[80,80,80,85,85,85,85,85,85,85,85,85,85,85,85,85,85,85,85,85,85,85,85,85,85,85,85,85,85,85,85,85,85,85,85,85,85,85,85,85,85,85,85,85,85,85,85,85,85,85],"card_choices":[{"not_picked":["Blood for Blood","Clothesline","Corruption"],"picked":"SKIP","floor":1},{"not_picked":["Rupture","Clash"],"picked":"Shrug It Off","floor":2},{"not_picked":["Cleave","Headbutt"],"picked":"Intimidate","floor":7},{"not_picked":["Iron Wave","Rage","Anger"],"picked":"SKIP","floor":10},{"not_picked":["Corruption","Wild Strike","Searing Blow"],"picked":"SKIP","floor":12},{"not_picked":["Corruption","Wild Strike","Searing Blow"],"picked":"SKIP","floor":12},{"not_picked":["Clash","Body Slam"],"picked":"Pommel Strike","floor":14},{"not_picked":["Double Tap","Exhume"],"picked":"Brutality","floor":16},{"not_picked":["Twin Strike","Clash","Flex"],"picked":"SKIP","floor":18},{"not_picked":["Iron Wave","Perfected Strike"],"picked":"Shrug It Off","floor":24},{"not_picked":["Combust+1","Perfected Strike+1","Disarm"],"picked":"SKIP","floor":25},{"not_picked":["Warcry","Perfected Strike","Infernal Blade"],"picked":"SKIP","floor":27},{"not_picked":["Dark Embrace","Double Tap","Impervious"],"picked":"Limit Break","floor":33},{"not_picked":["Pommel Strike+1","Clothesline+1","Clash+1","Perfected Strike"],"picked":"SKIP","floor":35},{"not_picked":["Havoc+1","Wild Strike","Spot Weakness","Clothesline"],"picked":"SKIP","floor":36},{"not_picked":["Twin Strike","Feel No Pain+1","Spot Weakness+1","Clothesline+1"],"picked":"SKIP","floor":41},{"not_picked":["Fire Breathing","Disarm+1","Anger+1","Thunderclap"],"picked":"SKIP","floor":45},{"not_picked":["Juggernaut","Reckless Charge","Metallicize+1","Sever Soul"],"picked":"SKIP","floor":46},{"not_picked":["Havoc+1","True Grit","Reckless Charge","Warcry+1"],"picked":"SKIP","floor":48}],"player_experience":164840,"relics_obtained":[{"floor":9,"key":"Centennial Puzzle"},{"floor":14,"key":"Mercury Hourglass"},{"floor":26,"key":"Ancient Tea Set"},{"floor":27,"key":"Question Card"},{"floor":31,"key":"Juzu Bracelet"},{"floor":48,"key":"Darkstone Periapt"}],"event_choices":[{"damage_healed":0,"gold_gain":0,"player_choice":"Donut","damage_taken":0,"max_hp_gain":5,"max_hp_loss":0,"event_name":"Big Fish","floor":4,"gold_loss":0},{"damage_healed":0,"gold_gain":0,"player_choice":"Ignored","damage_taken":0,"max_hp_gain":0,"max_hp_loss":0,"event_name":"Liars Game","floor":5,"gold_loss":0},{"damage_healed":0,"gold_gain":0,"cards_transformed":["Strike_R"],"player_choice":"Transformed","damage_taken":0,"max_hp_gain":0,"max_hp_loss":0,"event_name":"Transmorgrifier","floor":8,"gold_loss":0,"cards_obtained":["Rupture"]},{"damage_healed":0,"gold_gain":0,"player_choice":"Ignored","damage_taken":0,"max_hp_gain":0,"max_hp_loss":0,"event_name":"Vampires","floor":19,"gold_loss":0},{"damage_healed":0,"gold_gain":0,"player_choice":"Inject Mutagens","damage_taken":0,"relics_obtained":["MutagenicStrength"],"max_hp_gain":0,"max_hp_loss":0,"event_name":"Drug Dealer","floor":21,"gold_loss":0},{"damage_healed":0,"gold_gain":0,"player_choice":"Read","damage_taken":0,"max_hp_gain":0,"max_hp_loss":0,"event_name":"The Library","floor":28,"gold_loss":0,"cards_obtained":["Demon Form"]},{"damage_healed":0,"gold_gain":0,"player_choice":"Paid","damage_taken":0,"relics_obtained":["Red Mask"],"max_hp_gain":0,"max_hp_loss":0,"event_name":"Tomb of Lord Red Mask","floor":37,"gold_loss":175},{"damage_healed":0,"gold_gain":0,"player_choice":"Ignored","damage_taken":0,"max_hp_gain":0,"max_hp_loss":0,"event_name":"Mysterious Sphere","floor":38,"gold_loss":0},{"damage_healed":0,"gold_gain":0,"player_choice":"Forge","damage_taken":0,"max_hp_gain":0,"max_hp_loss":0,"event_name":"Accursed Blacksmith","floor":39,"gold_loss":0,"cards_upgraded":["Limit Break"]},{"cards_removed":["Strike_R"],"damage_healed":0,"gold_gain":0,"player_choice":"Removed Attack","damage_taken":0,"max_hp_gain":0,"max_hp_loss":0,"event_name":"Falling","floor":44,"gold_loss":0}],"is_beta":false,"boss_relics":[{"not_picked":["Tiny House","White Beast Statue"],"picked":"Cursed Key"},{"not_picked":["Black Blood","Runic Cube"],"picked":"Sozu"}],"items_purged_floors":[3,20,30],"is_endless":false,"potions_floor_spawned":[1,10,14,18,25,33,35,36,46],"ascension_level":9}