{"gold_per_floor":[110,110,35,35,51,78,78,7,7,24,24,38,38,50,50,151,151,167,167,180,105,105,118,118,151,151,169,169,169,201,213,213,213],"floor_reached":33,"playtime":1982,"items_purged":["Defend_B"],"score":299,"play_id":"6dbe66a8-bbf5-4d9b-aafc-f23aa5ded188","local_time":"20181030223651","is_ascension_mode":true,"campfire_choices":[{"data":"Fusion","floor":7,"key":"SMITH"},{"data":"Self Repair","floor":11,"key":"SMITH"},{"floor":13,"key":"REST"},{"data":"Defragment","floor":15,"key":"SMITH"},{"data":"Electrodynamics","floor":24,"key":"SMITH"},{"data":"Heatsinks","floor":28,"key":"SMITH"},{"data":"Zap","floor":32,"key":"SMITH"}],"neow_cost":"NONE","seed_source_timestamp":114500026377611,"circlet_count":0,"master_deck":["Strike_B","Strike_B","Strike_B","Defend_B","Defend_B","Defend_B","Zap+1","Dualcast","Conserve Battery","Defragment+1","Fusion+1","Self Repair+1","Sweeping Beam","Self Repair","Glacier","Electrodynamics+1","Gash","Gash","Gash+1","Glacier+1","Heatsinks+1","Fusion+1"],"relics":["Cracked Core","Omamori","Lantern","Sundial","Gremlin Horn","Bottled Flame","Sozu","Regal Pillow","Shuriken","Necronomicon","Art of War"],"potions_floor_usage":[6,16],"damage_taken":[{"damage":1,"enemies":"Cultist","floor":1,"turns":3},{"damage":0,"enemies":"Small Slimes","floor":5,"turns":4},{"damage":22,"enemies":"Gremlin Nob","floor":6,"turns":4},{"damage":0,"enemies":"2 Louse","floor":10,"turns":2},{"damage":27,"enemies":"Exordium Thugs","floor":12,"turns":5},{"damage":10,"enemies":"Looter","floor":14,"turns":4},{"damage":29,"enemies":"The Guardian","floor":16,"turns":15},{"damage":8,"enemies":"Shell Parasite","floor":18,"turns":9},{"damage":11,"enemies":"Chosen","floor":20,"turns":6},{"damage":38,"enemies":"Colosseum Slavers","floor":22,"turns":3},{"damage":14,"enemies":"Snecko","floor":23,"turns":6},{"damage":29,"enemies":"Book of Stabbing","floor":25,"turns":7},{"damage":14,"enemies":"Cultist and Chosen","floor":27,"turns":6},{"damage":8,"enemies":"Slavers","floor":30,"turns":3},{"damage":0,"enemies":"Centurion and Healer","floor":31,"turns":4},{"damage":60,"enemies":"Automaton","floor":33,"turns":6}],"seed_played":"5131030815625522916","potions_obtained":[{"floor":1,"key":"Poison Potion"},{"floor":12,"key":"LiquidBronze"},{"floor":16,"key":"FearPotion"}],"is_trial":false,"path_per_floor":["M","?","$","?","M","E","R","$","T","M","R","M","R","M","R","B",null,"M","?","M","?","?","M","R","E","T","M","R","?","E","M","R"],"character_chosen":"DEFECT","items_purchased":["Self Repair"],"campfire_rested":1,"item_purchase_floors":[8],"current_hp_per_floor":[74,49,49,49,49,27,27,27,27,34,34,17,39,46,46,34,75,75,75,75,75,54,57,57,45,45,48,48,32,41,58,58,0],"gold":213,"neow_bonus":"RANDOM_COMMON_RELIC","is_prod":false,"is_daily":false,"chose_seed":false,"campfire_upgraded":6,"win_rate":0,"timestamp":1540953411,"path_taken":["M","?","?","?","?","E","R","$","T","?","R","M","R","M","R","BOSS","M","?","?","?","?","M","R","E","T","M","R","?","E","M","R","BOSS"],"build_version":"2018-10-25v2","purchased_purges":1,"victory":false,"max_hp_per_floor":[75,75,75,75,75,75,75,75,75,75,75,75,75,75,75,75,75,75,75,75,75,75,75,75,75,75,75,75,75,75,75,75,75],"card_choices":[{"not_picked":["Melter","Coolheaded"],"picked":"Conserve Battery","floor":1},{"not_picked":["Reinforced Body","Go for the Eyes"],"picked":"Defragment","floor":5},{"not_picked":["Double Energy","Stack"],"picked":"Fusion","floor":6},{"not_picked":["Ball Lightning","Tempest"],"picked":"Sweeping Beam","floor":10},{"not_picked":["Coolheaded","Conserve Battery"],"picked":"Self Repair","floor":12},{"not_picked":["Ball Lightning","Electrodynamics"],"picked":"Glacier","floor":14},{"not_picked":["Buffer","Multi-Cast"],"picked":"Electrodynamics","floor":16},{"not_picked":["Sweeping Beam","Beam Cell"],"picked":"Gash","floor":18},{"not_picked":["Blizzard","Skim"],"picked":"Gash","floor":20},{"not_picked":["Steam","Conserve Battery+1"],"picked":"Gash+1","floor":23},{"not_picked":["Barrage+1","Reinforced Body"],"picked":"Glacier+1","floor":25},{"not_picked":["Steam","Redo"],"picked":"Heatsinks","floor":27},{"not_picked":["Steam Power","Coolheaded+1"],"picked":"Fusion+1","floor":30},{"not_picked":["Turbo","Blizzard","Genetic Algorithm+1"],"picked":"SKIP","floor":31}],"player_experience":197421,"relics_obtained":[{"floor":6,"key":"Gremlin Horn"},{"floor":9,"key":"Bottled Flame"},{"floor":25,"key":"Regal Pillow"},{"floor":26,"key":"Shuriken"},{"floor":29,"key":"Necronomicon"},{"floor":30,"key":"Art of War"}],"event_choices":[{"damage_healed":0,"gold_gain":0,"player_choice":"Success","damage_taken":25,"relics_obtained":["Lantern"],"max_hp_gain":0,"max_hp_loss":0,"event_name":"Scrap Ooze","floor":2,"gold_loss":0},{"damage_healed":0,"gold_gain":0,"player_choice":"Box","damage_taken":0,"relics_obtained":["Sundial"],"max_hp_gain":0,"max_hp_loss":0,"event_name":"Big Fish","floor":4,"gold_loss":0,"cards_obtained":["Regret"]},{"damage_healed":0,"gold_gain":0,"player_choice":"Ignored","damage_taken":0,"max_hp_gain":0,"max_hp_loss":0,"event_name":"Vampires","floor":19,"gold_loss":0},{"cards_removed":["Strike_B"],"damage_healed":0,"gold_gain":0,"player_choice":"Gave Gold","damage_taken":0,"max_hp_gain":0,"max_hp_loss":0,"event_name":"Beggar","floor":21,"gold_loss":75},{"damage_healed":0,"gold_gain":0,"player_choice":"Fight","damage_taken":0,"max_hp_gain":0,"max_hp_loss":0,"event_name":"Colosseum","floor":22,"gold_loss":0},{"damage_healed":0,"gold_gain":0,"player_choice":"Fled From Nobs","damage_taken":0,"max_hp_gain":0,"max_hp_loss":0,"event_name":"Colosseum","floor":22,"gold_loss":0},{"damage_healed":0,"gold_gain":0,"player_choice":"Obtained Book","damage_taken":16,"max_hp_gain":0,"max_hp_loss":0,"event_name":"Cursed Tome","floor":29,"gold_loss":0}],"is_beta":false,"boss_relics":[{"not_picked":["Velvet Choker","Cursed Key"],"picked":"Sozu"}],"items_purged_floors":[3],"is_endless":false,"potions_floor_spawned":[1,12,16,20,22,27,31],"killed_by":"Automaton","ascension_level":1}