{"gold_per_floor":[363,375,340,340,340,340,340,340,386,412,138,148,171,200,200,300,300,314,109,109,92,92,119,139,164,211,211,211,126,139,154,154,253,253,272,272,147,157,157,157,177,177,177,187,219,28,28,0,0,0],"floor_reached":51,"playtime":2157,"items_purged":["Strike_B","Strike_B","Dualcast"],"score":873,"play_id":"31f8471d-a8da-467b-a310-803f225704bb","local_time":"20190201221608","is_ascension_mode":true,"campfire_choices":[{"data":"Compile Driver","floor":6,"key":"SMITH"},{"data":"Zap","floor":8,"key":"SMITH"},{"data":"Scrape","floor":15,"key":"SMITH"},{"floor":27,"key":"REST"},{"data":"Fission","floor":32,"key":"SMITH"},{"data":"Go for the Eyes","floor":40,"key":"SMITH"},{"data":"Seek","floor":42,"key":"SMITH"},{"data":"Skim","floor":47,"key":"SMITH"},{"floor":49,"key":"REST"}],"neow_cost":"PERCENT_DAMAGE","seed_source_timestamp":16911812954800,"circlet_count":0,"master_deck":["Defend_B","Defend_B","Defend_B","Defend_B+1","Zap+1","Conserve Battery+1","Compile Driver+1","Gash","Scrape+1","Go for the Eyes+1","Genetic Algorithm","Gash","Skim+1","Fission+1","Beam Cell","Gash","Scrape+1","Sweeping Beam+1","Ball Lightning+1","Beam Cell+1","Gash+1","Seek+1","Hologram+1","Leap+1","Hologram+1","All For One+1"],"special_seed":0,"relics":["Cracked Core","Darkstone Periapt","Juzu Bracelet","Art of War","Odd Mushroom","Strawberry","Nuclear Battery","Molten Egg 2","Bag of Preparation","Bag of Marbles","Regal Pillow","Enchiridion","Oddly Smooth Stone","Empty Cage","Mummified Hand","Bird Faced Urn","Red Mask"],"potions_floor_usage":[10,13,16,21,23,50,50],"damage_taken":[{"damage":6.0,"enemies":"Jaw Worm","floor":1.0,"turns":4.0},{"damage":0,"enemies":"Small Slimes","floor":2,"turns":4},{"damage":23,"enemies":"Gremlin Nob","floor":10,"turns":4},{"damage":0,"enemies":"Cultist","floor":12,"turns":3},{"damage":1,"enemies":"The Mushroom Lair","floor":13,"turns":4},{"damage":17,"enemies":"Lagavulin","floor":14,"turns":5},{"damage":15,"enemies":"The Guardian","floor":16,"turns":11},{"damage":12,"enemies":"Chosen","floor":18,"turns":4},{"damage":0,"enemies":"2 Thieves","floor":21,"turns":4},{"damage":16,"enemies":"Gremlin Leader","floor":23,"turns":6},{"damage":35,"enemies":"Snecko","floor":24,"turns":5},{"damage":5,"enemies":"Slavers","floor":25,"turns":4},{"damage":0,"enemies":"Shelled Parasite and Fungi","floor":30,"turns":2},{"damage":0,"enemies":"3 Cultists","floor":31,"turns":3},{"damage":36,"enemies":"Champ","floor":33,"turns":6},{"damage":8,"enemies":"3 Shapes","floor":35,"turns":4},{"damage":0,"enemies":"3 Darklings","floor":38,"turns":2},{"damage":0,"enemies":"Transient","floor":41,"turns":5},{"damage":0,"enemies":"Jaw Worm Horde","floor":44,"turns":2},{"damage":0,"enemies":"Giant Head","floor":45,"turns":4},{"damage":27,"enemies":"Time Eater","floor":50,"turns":7}],"seed_played":"-7236136951994381843","potions_obtained":[{"floor":1,"key":"GamblersBrew"},{"floor":2,"key":"SkillPotion"},{"floor":7,"key":"EssenceOfSteel"},{"floor":7,"key":"Regen Potion"},{"floor":16,"key":"FocusPotion"},{"floor":21,"key":"Explosive Potion"},{"floor":30,"key":"Energy Potion"},{"floor":33,"key":"FocusPotion"},{"floor":35,"key":"Strength Potion"}],"is_trial":false,"path_per_floor":["M","M","?","?","?","R","?","R","T","E","$","M","?","E","R","B",null,"M","$","?","M","?","E","M","E","T","R","?","?","M","M","R","B",null,"M","?","$","M","?","R","M","R","T","M","E","$","R","?","R","B",null],"character_chosen":"DEFECT","items_purchased":["Scrape","Go for the Eyes","Genetic Algorithm","Gash","Block Potion","All For One+1","Block Potion"],"campfire_rested":2,"item_purchase_floors":[11,11,11,19,19,46,46],"current_hp_per_floor":[48,48,66,59,44,44,44,44,44,33,33,33,32,22,22,7,82,70,70,76,76,76,60,25,20,20,61,45,45,45,45,45,9,88,80,72,72,72,72,72,72,72,72,72,72,72,72,72,84,57],"gold":0,"neow_bonus":"TWO_FIFTY_GOLD","is_prod":false,"is_daily":false,"chose_seed":false,"campfire_upgraded":7,"win_rate":0,"timestamp":1549084568,"path_taken":["M","M","?","?","?","R","?","R","T","E","$","M","?","E","R","BOSS","M","$","?","M","?","E","M","E","T","R","?","?","M","M","R","BOSS","M","?","?","M","?","R","M","R","T","M","E","$","R","?","R","BOSS"],"build_version":"2019-01-23","purchased_purges":3,"victory":true,"max_hp_per_floor":[75,75,75,75,75,75,75,75,75,75,75,75,75,82,82,82,82,82,82,88,88,88,88,88,88,88,88,88,88,88,88,88,88,88,88,88,88,88,84,84,84,84,84,84,84,84,84,84,84,84],"card_choices":[{"not_picked":["Fusion","Blizzard"],"picked":"Conserve Battery","floor":1},{"not_picked":["Sunder","Hello World"],"picked":"Compile Driver","floor":2},{"not_picked":["Chill","Leap"],"picked":"Gash","floor":10},{"not_picked":["Undo","Hologram"],"picked":"Gash","floor":12},{"not_picked":["Stack","Core Surge"],"picked":"Skim","floor":14},{"not_picked":["Thunder Strike","Creative AI"],"picked":"Fission","floor":16},{"not_picked":["Go for the Eyes","Chaos"],"picked":"Beam Cell","floor":18},{"not_picked":["Aggregate","Recycle","Storm+1"],"picked":"SKIP","floor":21},{"not_picked":["Lockon+1","Redo"],"picked":"Scrape+1","floor":23},{"not_picked":["Cold Snap+1","Rebound+1"],"picked":"Sweeping Beam+1","floor":24},{"not_picked":["Tempest","Multi-Cast"],"picked":"Ball Lightning+1","floor":25},{"not_picked":["Capacitor","Turbo"],"picked":"Beam Cell+1","floor":30},{"not_picked":["Leap","Tempest"],"picked":"Gash+1","floor":31},{"not_picked":["Core Surge+1","Amplify"],"picked":"Seek","floor":33},{"not_picked":["Melter+1","Streamline+1","Rebound+1"],"picked":"SKIP","floor":35},{"not_picked":["Rebound+1","Blizzard+1","Hello World"],"picked":"SKIP","floor":38},{"not_picked":["Barrage+1","Ball Lightning+1"],"picked":"Hologram+1","floor":41},{"not_picked":["Fusion","Streamline+1"],"picked":"Leap+1","floor":44},{"not_picked":["Sweeping Beam+1","Beam Cell+1"],"picked":"Hologram+1","floor":45}],"player_experience":287693,"relics_obtained":[{"floor":9,"key":"Juzu Bracelet"},{"floor":10,"key":"Art of War"},{"floor":13,"key":"Odd Mushroom"},{"floor":14,"key":"Strawberry"},{"floor":23,"key":"Bag of Preparation"},{"floor":25,"key":"Bag of Marbles"},{"floor":26,"key":"Regal Pillow"},{"floor":28,"key":"Enchiridion"},{"floor":43,"key":"Mummified Hand"},{"floor":45,"key":"Bird Faced Urn"}],"event_choices":[{"damage_healed":18,"gold_gain":0,"player_choice":"Healed","damage_taken":0,"max_hp_gain":0,"max_hp_loss":0,"event_name":"The Cleric","floor":3,"gold_loss":35},{"damage_healed":0,"gold_gain":0,"player_choice":"Success","damage_taken":7,"relics_obtained":["Darkstone Periapt"],"max_hp_gain":0,"max_hp_loss":0,"event_name":"Scrap Ooze","floor":4,"gold_loss":0},{"damage_healed":0,"gold_gain":0,"player_choice":"Entered Light","damage_taken":15,"max_hp_gain":0,"max_hp_loss":0,"event_name":"Shining Light","floor":5,"gold_loss":0,"cards_upgraded":["Conserve Battery","Defend_B"]},{"damage_healed":0,"gold_gain":0,"player_choice":"Got Potions","damage_taken":0,"max_hp_gain":0,"max_hp_loss":0,"event_name":"Lab","floor":7,"gold_loss":0},{"damage_healed":0,"gold_gain":0,"player_choice":"Fought Mushrooms","damage_taken":0,"max_hp_gain":0,"max_hp_loss":0,"event_name":"Mushrooms","floor":13,"gold_loss":0},{"damage_healed":0,"gold_gain":0,"player_choice":"Opened","damage_taken":0,"relics_obtained":["Molten Egg 2"],"max_hp_gain":0,"max_hp_loss":0,"event_name":"The Mausoleum","floor":20,"gold_loss":0,"cards_obtained":["Writhe"]},{"cards_removed":["Writhe"],"damage_healed":0,"gold_gain":0,"player_choice":"Elegance","damage_taken":0,"max_hp_gain":0,"max_hp_loss":0,"event_name":"Back to Basics","floor":22,"gold_loss":0},{"damage_healed":0,"gold_gain":0,"player_choice":"Obtained Book","damage_taken":16,"max_hp_gain":0,"max_hp_loss":0,"event_name":"Cursed Tome","floor":28,"gold_loss":0},{"damage_healed":0,"gold_gain":0,"player_choice":"Obtained Relic","damage_taken":0,"relics_obtained":["Oddly Smooth Stone"],"max_hp_gain":0,"max_hp_loss":0,"event_name":"Addict","floor":29,"gold_loss":85},{"damage_healed":0,"gold_gain":0,"player_choice":"Damaged","damage_taken":8,"max_hp_gain":0,"max_hp_loss":0,"event_name":"Wheel of Change","floor":36,"gold_loss":0},{"damage_healed":0,"gold_gain":0,"player_choice":"Max HP","damage_taken":0,"max_hp_gain":0,"max_hp_loss":4,"event_name":"Winding Halls","floor":39,"gold_loss":0},{"damage_healed":0,"gold_gain":0,"player_choice":"Paid","damage_taken":0,"relics_obtained":["Red Mask"],"max_hp_gain":0,"max_hp_loss":0,"event_name":"Tomb of Lord Red Mask","floor":48,"gold_loss":28}],"is_beta":false,"boss_relics":[{"not_picked":["Busted Crown","Pandora\u0027s Box"],"picked":"Nuclear Battery"},{"not_picked":["Cursed Key","Astrolabe"],"picked":"Empty Cage"}],"items_purged_floors":[11,19,37],"is_endless":false,"potions_floor_spawned":[1,2,16,21,30,33,35,41],"ascension_level":3}