{"gold_per_floor":[110,120,48,59,71,99,99,21,21,51,51,4,36,52,52,150,150,167,266,281,44,244,277,77,77],"floor_reached":25,"playtime":4832,"items_purged":[],"score":287,"play_id":"55b23639-2004-436c-9cdb-9cbf5acacdca","local_time":"20180626171825","is_ascension_mode":true,"campfire_choices":[{"floor":15,"key":"REST"}],"neow_cost":"NONE","seed_source_timestamp":930685064666598,"circlet_count":0,"master_deck":["Strike_B+1","Strike_B+1","Strike_B","Defend_B+1","Defend_B+1","Defend_B","Defend_B","Zap","Dualcast+1","Self Repair","Self Repair","Redo","Darkness","Machine Learning","Double Energy","Defragment","Heatsinks","Cold Snap","Redo","Defragment+1","Static Discharge+1"],"relics":["Cracked Core","Regal Pillow","Bottled Lightning","Torii","Frozen Egg 2","Coffee Dripper","Whetstone","War Paint","Runic Capacitor"],"potions_floor_usage":[6,10,13,14,16,23],"damage_taken":[{"damage":7,"enemies":"Small Slimes","floor":1,"turns":3},{"damage":0,"enemies":"Cultist","floor":2,"turns":4},{"damage":0,"enemies":"2 Louse","floor":4,"turns":2},{"damage":11,"enemies":"Blue Slaver","floor":5,"turns":4},{"damage":36,"enemies":"Lagavulin","floor":6,"turns":8},{"damage":31,"enemies":"Gremlin Nob","floor":10,"turns":5},{"damage":12,"enemies":"3 Sentries","floor":13,"turns":5},{"damage":8,"enemies":"Exordium Wildlife","floor":14,"turns":4},{"damage":16,"enemies":"The Guardian","floor":16,"turns":11},{"damage":42,"enemies":"2 Thieves","floor":18,"turns":4},{"damage":18,"enemies":"Shell Parasite","floor":20,"turns":6},{"damage":38,"enemies":"Book of Stabbing","floor":23,"turns":4},{"damage":8,"enemies":"Snecko","floor":25,"turns":3}],"seed_played":"-4461254479337741555","potions_obtained":[{"floor":2,"key":"Weak Potion"},{"floor":4,"key":"FocusPotion"},{"floor":5,"key":"Block Potion"},{"floor":10,"key":"SpeedPotion"},{"floor":14,"key":"Swift Potion"},{"floor":20,"key":"Poison Potion"}],"is_trial":false,"path_per_floor":["M","M","$","M","M","E","?","$","T","E","?","$","E","M","R","B",null,"M","?","M","$","?","E","$"],"character_chosen":"DEFECT","items_purchased":["Self Repair","Defragment","Cold Snap","Static Discharge+1","Whetstone","Runic Capacitor"],"campfire_rested":1,"item_purchase_floors":[3,8,12,21,21,24],"current_hp_per_floor":[68,75,75,75,75,53,53,53,53,36,36,36,38,37,74,65,75,47,47,43,43,43,5,5,0],"gold":77,"neow_bonus":"UPGRADE_CARD","is_prod":false,"is_daily":false,"chose_seed":false,"campfire_upgraded":0,"win_rate":0,"timestamp":1530055105,"path_taken":["M","M","$","M","M","E","?","$","T","E","?","?","E","?","R","BOSS","M","?","M","$","?","E","?","M"],"build_version":"2018-06-21v2","purchased_purges":0,"victory":false,"max_hp_per_floor":[75,75,75,75,75,75,75,75,75,75,75,75,75,75,75,75,75,75,75,75,75,75,75,75,75],"card_choices":[{"not_picked":["Gash","Scrape"],"picked":"Self Repair","floor":1},{"not_picked":["Beam Cell","Stack","Steam Power"],"picked":"SKIP","floor":2},{"not_picked":["Melter","Undo"],"picked":"Redo","floor":4},{"not_picked":["Barrage","Cold Snap"],"picked":"Darkness","floor":5},{"not_picked":["Rebound","Reinforced Body"],"picked":"Machine Learning","floor":6},{"not_picked":["Consume","Blizzard"],"picked":"Heatsinks","floor":10},{"not_picked":["Hello World","Barrage"],"picked":"Redo","floor":13},{"not_picked":["Double Energy","Sweeping Beam","Chill"],"picked":"SKIP","floor":14},{"not_picked":["Cold Snap","Stack"],"picked":"Defragment+1","floor":18},{"not_picked":["Coolheaded","Streamline+1","Scrape"],"picked":"SKIP","floor":20},{"not_picked":["Fusion","Stack+1","Genetic Algorithm"],"picked":"SKIP","floor":23}],"player_experience":172501,"relics_obtained":[{"floor":6,"key":"Regal Pillow"},{"floor":9,"key":"Bottled Lightning"},{"floor":10,"key":"Torii"},{"floor":13,"key":"Frozen Egg 2"},{"floor":23,"key":"War Paint"}],"event_choices":[{"event_name":"Transmorgrifier","player_choice":"Transform","floor":7,"damage_taken":0},{"event_name":"Shining Light","player_choice":"Ignored","floor":11,"damage_taken":0},{"event_name":"Nest","player_choice":"Stole From Cult","floor":19,"damage_taken":0},{"event_name":"Wheel of Change","player_choice":"Gold","floor":22,"damage_taken":0}],"boss_relics":[{"not_picked":["Astrolabe","Velvet Choker"],"picked":"Coffee Dripper"}],"items_purged_floors":[],"is_endless":false,"potions_floor_spawned":[2,4,5,10,14,20],"killed_by":"Snecko","ascension_level":4}