{"path_per_floor":["M","$","M","?","?","E","R","E","T","R","M","E","R","M","R"],"character_chosen":"THE_SILENT","items_purchased":["Flying Knee","Prepared"],"gold_per_floor":[112,38,54,54,129,161,161,188,188,188,206,233,233,245,245],"floor_reached":16,"campfire_rested":2,"playtime":1081,"current_hp_per_floor":[70,70,70,70,59,59,59,30,30,30,32,23,44,23,44],"items_purged":[],"gold":245,"play_id":"aa6e7d4c-f32a-4c69-ade4-7dfbc702341d","is_prod":false,"is_daily":false,"campfire_rituals":0,"campfire_upgraded":2,"is_hardmode":false,"path_taken":["M","$","?","?","?","E","R","E","T","R","M","E","R","?","R","BOSS"],"build_version":"2018-01-11-PROD2","purchased_purges":0,"victory":false,"master_deck":["Defend_G","Defend_G","Defend_G","Defend_G","Defend_G","Strike_G","Strike_G","Strike_G","Strike_G","Strike_G","Survivor","Neutralize","Dodge and Roll","Flying Knee","Prepared","Sucker Punch","Infinite Blades","Backstab","Quick Slash","Bouncing Flask","Quick Slash","Heel Hook","Outmaneuver"],"max_hp_per_floor":[70,70,70,70,70,70,70,70,70,70,70,70,70,70,70],"relics":["Ring of the Snake","NeowsBlessing","Blood Vial","Dream Catcher","Calipers","Matryoshka"],"campfire_meditates":0,"card_choices":[{"not_picked":["Outmaneuver","Deflect"],"picked":"Dodge and Roll"},{"not_picked":["Bane","Doppelganger"],"picked":"Sucker Punch"},{"not_picked":["Deadly Poison","Dash"],"picked":"Infinite Blades"},{"not_picked":["Deflect","Sucker Punch"],"picked":"Backstab"},{"not_picked":["Choke","Finisher"],"picked":"Quick Slash"},{"not_picked":["Dagger Throw","Wraith Form"],"picked":"Bouncing Flask"},{"not_picked":["Dagger Spray","Flying Knee"],"picked":"Quick Slash"},{"not_picked":["Bane","Masterful Stab"],"picked":"Heel Hook"},{"not_picked":["Finisher","Corpse Explosion"],"picked":"Outmaneuver"}],"player_experience":7625,"potions_floor_usage":[12],"damage_taken":[{"damage":0,"enemies":"Blue Slaver","floor":1,"turns":1},{"damage":0,"enemies":"Jaw Worm","floor":3,"turns":1},{"damage":0,"enemies":"Lagavulin","floor":6,"turns":1},{"damage":31,"enemies":"Gremlin Nob","floor":8,"turns":5},{"damage":0,"enemies":"2 Louse","floor":11,"turns":2},{"damage":11,"enemies":"3 Sentries","floor":12,"turns":7},{"damage":23,"enemies":"Exordium Thugs","floor":14,"turns":5},{"damage":48,"enemies":"Slime Boss","floor":16,"turns":9}],"event_choices":[{"event_name":"Living Wall","player_choice":"Grow","floor":4,"damage_taken":0},{"event_name":"World of Goop","player_choice":"Gather Gold","floor":5,"damage_taken":0}],"boss_relics":[],"potions_floor_spawned":[1,12],"seed_played":"1258157057614811634","killed_by":"Slime Boss","is_trial":false}