{"gold_per_floor":[112,21,38,38,38,66,77,96,123,123,134,134,151,151,151,276,339,360,285,285,385,400,400,424,424,424,424,443,458,29,29],"floor_reached":31,"playtime":2881,"items_purged":["Writhe"],"score":262,"play_id":"c0305470-fdeb-4f1a-afa3-4283fc35e682","local_time":"20190130005734","is_ascension_mode":false,"campfire_choices":[{"floor":10.0,"key":"REST"},{"floor":15.0,"key":"REST"},{"floor":23.0,"key":"REST"},{"floor":25.0,"key":"REST"},{"floor":27.0,"key":"REST"}],"neow_cost":"NONE","seed_source_timestamp":0,"circlet_count":0,"master_deck":["Strike_B","Strike_B","Strike_B","Strike_B","Defend_B","Defend_B","Defend_B","Defend_B","Zap","Dualcast","Gash","Self Repair","Barrage","Steam","Fusion","Gash","Coolheaded","Buffer+1","Auto Shields","Electrodynamics","Defragment","Redo","Static Discharge","Loop","Blizzard+1","Leap","Sweeping Beam","Loop","Steam","White Noise","Streamline"],"special_seed":0,"relics":["Cracked Core","Pen Nib","Ancient Tea Set","Golden Idol","Tiny House","Potion Belt","Kunai"],"potions_floor_usage":[29,31],"damage_taken":[{"damage":5.0,"enemies":"Jaw Worm","floor":1.0,"turns":4.0},{"damage":5.0,"enemies":"Small Slimes","floor":3.0,"turns":4.0},{"damage":55.0,"enemies":"Lagavulin","floor":6.0,"turns":9.0},{"damage":6.0,"enemies":"2 Louse","floor":7.0,"turns":4.0},{"damage":20.0,"enemies":"Exordium Thugs","floor":8.0,"turns":5.0},{"damage":20.0,"enemies":"Large Slime","floor":11.0,"turns":6.0},{"damage":10.0,"enemies":"Looter","floor":13.0,"turns":3.0},{"damage":39.0,"enemies":"The Guardian","floor":16.0,"turns":13.0},{"damage":42.0,"enemies":"3 Byrds","floor":18.0,"turns":5.0},{"damage":33.0,"enemies":"Chosen","floor":22.0,"turns":7.0},{"damage":44.0,"enemies":"Shelled Parasite and Fungi","floor":24.0,"turns":6.0},{"damage":32.0,"enemies":"Sentry and Sphere","floor":28.0,"turns":4.0},{"damage":34,"enemies":"Snake Plant","floor":29,"turns":4},{"damage":31,"enemies":"3 Cultists","floor":31,"turns":3}],"seed_played":"5603897769613473735","potions_obtained":[{"floor":3.0,"key":"Swift Potion"},{"floor":8.0,"key":"AttackPotion"},{"floor":13.0,"key":"Block Potion"},{"floor":24.0,"key":"Block Potion"},{"floor":28.0,"key":"Energy Potion"},{"floor":29,"key":"FocusPotion"}],"is_trial":false,"path_per_floor":["M","$","M","?","?","E","M","M","T","R","M","?","M","?","R","B",null,"M","?","?","?","M","R","M","R","T","R","M","M","$","M"],"character_chosen":"DEFECT","items_purchased":["Self Repair","Barrage","Sweeping Beam","Loop","Regen Potion","Steam","White Noise","Streamline"],"campfire_rested":5,"item_purchase_floors":[2,2,30,30,30,30,30,30],"current_hp_per_floor":[77,77,79,84,84,36,37,24,24,50,37,37,34,34,60,28,92,57,57,57,57,31,58,21,48,48,75,50,16,16,0],"gold":29,"neow_bonus":"TEN_PERCENT_HP_BONUS","is_prod":false,"is_daily":false,"chose_seed":false,"campfire_upgraded":0,"win_rate":0.0,"timestamp":1548806254,"path_taken":["M","$","M","?","?","E","M","M","T","R","M","?","?","?","R","BOSS","M","?","?","?","M","R","M","R","T","R","M","?","$","M"],"build_version":"2019-01-23","purchased_purges":1,"victory":false,"max_hp_per_floor":[82,82,82,87,87,87,87,87,87,87,87,87,87,87,87,87,92,92,92,92,92,92,92,92,92,92,92,92,92,92,92],"card_choices":[{"not_picked":["Streamline","Conserve Battery"],"picked":"Gash","floor":1.0},{"not_picked":["Barrage","Compile Driver"],"picked":"Steam","floor":3.0},{"not_picked":["Scrape","Streamline"],"picked":"Fusion","floor":6.0},{"not_picked":["Sweeping Beam","Go for the Eyes"],"picked":"Gash","floor":7.0},{"not_picked":["Tempest","Streamline"],"picked":"Coolheaded","floor":8.0},{"not_picked":["Gash","Barrage"],"picked":"Buffer","floor":11.0},{"not_picked":["Cold Snap","Leap"],"picked":"Auto Shields","floor":13.0},{"not_picked":["Creative AI","Fission"],"picked":"Electrodynamics","floor":16.0},{"not_picked":["Beam Cell","Cold Snap"],"picked":"Defragment","floor":17.0},{"not_picked":["Gash","Barrage"],"picked":"Redo","floor":18.0},{"not_picked":["Gash","Stack"],"picked":"Static Discharge","floor":22.0},{"not_picked":["Fusion","Hologram+1"],"picked":"Loop","floor":24.0},{"not_picked":["Steam","Cold Snap+1"],"picked":"Blizzard+1","floor":28.0},{"not_picked":["Darkness","Go for the Eyes+1"],"picked":"Leap","floor":29}],"player_experience":7836,"relics_obtained":[{"floor":6.0,"key":"Pen Nib"},{"floor":9.0,"key":"Ancient Tea Set"},{"floor":26.0,"key":"Kunai"}],"event_choices":[{"damage_healed":0.0,"max_hp_gain":5.0,"max_hp_loss":0.0,"gold_gain":0.0,"event_name":"Big Fish","player_choice":"Donut","floor":4.0,"gold_loss":0.0,"damage_taken":0.0},{"damage_healed":0.0,"max_hp_gain":0.0,"max_hp_loss":0.0,"gold_gain":0.0,"event_name":"Golden Wing","player_choice":"Ignored","floor":5.0,"gold_loss":0.0,"damage_taken":0.0},{"damage_healed":0.0,"max_hp_gain":0.0,"max_hp_loss":0.0,"gold_gain":0.0,"event_name":"Purifier","player_choice":"Ignored","floor":12.0,"gold_loss":0.0,"damage_taken":0.0},{"damage_healed":0.0,"max_hp_gain":0.0,"max_hp_loss":0.0,"gold_gain":0.0,"event_name":"Golden Idol","player_choice":"Take Wound","floor":14.0,"gold_loss":0.0,"damage_taken":0.0,"relics_obtained":["Golden Idol"],"cards_obtained":["Injury"]},{"cards_removed":["Injury"],"damage_healed":0.0,"max_hp_gain":0.0,"max_hp_loss":0.0,"gold_gain":0.0,"event_name":"Beggar","player_choice":"Gave Gold","floor":19.0,"gold_loss":75.0,"damage_taken":0.0},{"damage_healed":0.0,"max_hp_gain":0.0,"max_hp_loss":0.0,"gold_gain":0.0,"event_name":"The Mausoleum","player_choice":"Opened","floor":20.0,"gold_loss":0.0,"damage_taken":0.0,"relics_obtained":["Potion Belt"],"cards_obtained":["Writhe"]},{"damage_healed":0.0,"max_hp_gain":0.0,"max_hp_loss":0.0,"gold_gain":100.0,"event_name":"Golden Shrine","player_choice":"Pray","floor":21.0,"gold_loss":0.0,"damage_taken":0.0}],"is_beta":false,"boss_relics":[{"not_picked":["Sozu","Velvet Choker"],"picked":"Tiny House"}],"items_purged_floors":[30],"is_endless":false,"potions_floor_spawned":[3,8,13,24,28,29],"killed_by":"3 Cultists","ascension_level":0}