{"gold_per_floor":[359,4,4,4,16,16,49,62,88,5,5,17,31,31,31,130,130,141,56,56,67,17,17,46,46,46,72,72,72,90,108,108,108],"floor_reached":33,"playtime":1442,"items_purged":["Strike_R","Strike_R","Strike_R"],"score":407,"play_id":"d766e451-21d0-415a-9afd-85b3cb9b688d","local_time":"20181209234657","is_ascension_mode":true,"campfire_choices":[{"data":"True Grit","floor":6,"key":"SMITH"},{"data":"Feed","floor":11,"key":"SMITH"},{"data":"Inflame","floor":15,"key":"SMITH"},{"data":"Bash","floor":23,"key":"SMITH"},{"floor":32,"key":"REST"}],"neow_cost":"TEN_PERCENT_HP_LOSS","seed_source_timestamp":65523467149367,"circlet_count":0,"master_deck":["Strike_R","Strike_R","Defend_R+1","Defend_R","Defend_R+1","Bash+1","Iron Wave","True Grit+1","Flash of Steel","Headbutt","Carnage","Feed+1","Feel No Pain","Inflame+1","Pommel Strike","Impervious","Second Wind+1","Seeing Red+1","Inflame","Immolate"],"relics":["Burning Blood","Red Skull","Art of War","Smiling Mask","Mercury Hourglass","Philosopher\u0027s Stone","Ancient Tea Set","Torii","Self Forming Clay","Singing Bowl"],"potions_floor_usage":[24,33,33],"damage_taken":[{"damage":6,"enemies":"Cultist","floor":1,"turns":4},{"damage":0,"enemies":"2 Louse","floor":5,"turns":12},{"damage":16,"enemies":"3 Sentries","floor":7,"turns":11},{"damage":4,"enemies":"Jaw Worm","floor":8,"turns":3},{"damage":5,"enemies":"3 Louse","floor":12,"turns":3},{"damage":8,"enemies":"Blue Slaver","floor":13,"turns":4},{"damage":7,"enemies":"Slime Boss","floor":16,"turns":7},{"damage":3,"enemies":"2 Thieves","floor":18,"turns":4},{"damage":0,"enemies":"Chosen","floor":21,"turns":4},{"damage":5,"enemies":"Slavers","floor":24,"turns":5},{"damage":27,"enemies":"Book of Stabbing","floor":27,"turns":6},{"damage":12,"enemies":"Sentry and Sphere","floor":30,"turns":4},{"damage":1,"enemies":"Centurion and Healer","floor":31,"turns":5},{"damage":108,"enemies":"Champ","floor":33,"turns":8}],"seed_played":"-8478567141825903504","potions_obtained":[{"floor":1,"key":"Regen Potion"},{"floor":13,"key":"LiquidBronze"},{"floor":21,"key":"PowerPotion"},{"floor":27,"key":"BloodPotion"}],"is_trial":false,"path_per_floor":["M","$","?","?","M","R","E","M","T","$","R","M","M","?","R","B",null,"M","?","?","M","$","R","E","$","T","E","?","?","M","M","R","B"],"character_chosen":"IRONCLAD","items_purchased":["True Grit","Red Skull","Flash of Steel","Feel No Pain"],"campfire_rested":1,"item_purchase_floors":[2,2,2,10],"current_hp_per_floor":[72,72,58,58,64,64,54,56,56,56,56,61,63,38,38,41,73,80,80,80,86,86,86,91,91,91,76,56,56,50,57,88,0],"gold":108,"neow_bonus":"TWO_FIFTY_GOLD","is_prod":false,"is_daily":false,"chose_seed":false,"campfire_upgraded":4,"win_rate":0,"timestamp":1544417217,"path_taken":["M","$","?","?","M","R","E","M","T","?","R","M","M","?","R","BOSS","M","?","?","M","$","R","E","$","T","E","?","?","M","M","R","BOSS"],"build_version":"2018-12-06","purchased_purges":3,"victory":false,"max_hp_per_floor":[72,72,72,72,72,72,72,72,72,72,72,76,80,80,80,84,84,88,88,88,88,88,88,92,92,92,98,103,103,103,105,105,105],"card_choices":[{"not_picked":["Spot Weakness","Havoc"],"picked":"Iron Wave","floor":1},{"not_picked":["Bloodletting","Body Slam"],"picked":"Headbutt","floor":5},{"not_picked":["Pummel","Infernal Blade"],"picked":"Carnage","floor":7},{"not_picked":["Warcry","Second Wind"],"picked":"Feed","floor":8},{"not_picked":["Bloodletting","Heavy Blade"],"picked":"Inflame","floor":12},{"not_picked":["Body Slam","Cleave"],"picked":"Pommel Strike","floor":13},{"not_picked":["Berserk","Brutality"],"picked":"Impervious","floor":16},{"not_picked":["Pommel Strike","Iron Wave"],"picked":"Second Wind+1","floor":18},{"not_picked":["Flex","Heavy Blade"],"picked":"Seeing Red+1","floor":21},{"not_picked":["Cleave+1","Thunderclap+1"],"picked":"Inflame","floor":24},{"not_picked":["Armaments","Shockwave+1","Pommel Strike"],"picked":"Singing Bowl","floor":27},{"not_picked":["Twin Strike+1","Body Slam"],"picked":"Immolate","floor":30},{"not_picked":["Perfected Strike","Anger","Thunderclap"],"picked":"Singing Bowl","floor":31}],"player_experience":372287,"relics_obtained":[{"floor":7,"key":"Art of War"},{"floor":9,"key":"Smiling Mask"},{"floor":24,"key":"Torii"},{"floor":26,"key":"Self Forming Clay"},{"floor":27,"key":"Singing Bowl"}],"event_choices":[{"damage_healed":0,"gold_gain":0,"player_choice":"Entered Light","damage_taken":14,"max_hp_gain":0,"max_hp_loss":0,"event_name":"Shining Light","floor":3,"gold_loss":0,"cards_upgraded":["Defend_R","Defend_R"]},{"cards_removed":["Defend_R"],"damage_healed":0,"gold_gain":0,"player_choice":"Forget","damage_taken":0,"max_hp_gain":0,"max_hp_loss":0,"event_name":"Living Wall","floor":4,"gold_loss":0},{"damage_healed":0,"gold_gain":0,"player_choice":"Success","damage_taken":25,"relics_obtained":["Mercury Hourglass"],"max_hp_gain":0,"max_hp_loss":0,"event_name":"Scrap Ooze","floor":14,"gold_loss":0},{"damage_healed":0,"gold_gain":0,"player_choice":"Obtained Relic","damage_taken":0,"relics_obtained":["Ancient Tea Set"],"max_hp_gain":0,"max_hp_loss":0,"event_name":"Addict","floor":19,"gold_loss":85},{"damage_healed":0,"gold_gain":0,"player_choice":"Ignored","damage_taken":0,"max_hp_gain":0,"max_hp_loss":0,"event_name":"Beggar","floor":20,"gold_loss":0},{"damage_healed":0,"gold_gain":0,"player_choice":"Shed Blood","damage_taken":25,"max_hp_gain":5,"max_hp_loss":0,"event_name":"Forgotten Altar","floor":28,"gold_loss":0},{"damage_healed":0,"gold_gain":0,"player_choice":"Bought 0 Potions","damage_taken":0,"max_hp_gain":0,"max_hp_loss":0,"event_name":"The Woman in Blue","floor":29,"gold_loss":0}],"is_beta":false,"boss_relics":[{"not_picked":["Runic Dome","Black Blood"],"picked":"Philosopher\u0027s Stone"}],"items_purged_floors":[2,10,22],"is_endless":false,"potions_floor_spawned":[1,13,21,27],"killed_by":"Champ","ascension_level":7}