{"gold_per_floor":[117,192,65,65,81,81,91,91,118,118,136,155,165,165,165,266,266,277,247],"floor_reached":19,"playtime":1061,"items_purged":["Strike_R"],"score":207,"play_id":"9009bda8-4812-47ba-9e19-78931d6dbf87","local_time":"20190130172514","is_ascension_mode":true,"campfire_choices":[{"data":"Shrug It Off","floor":6,"key":"SMITH"},{"data":"Bash","floor":8,"key":"SMITH"},{"data":"Searing Blow","floor":10,"key":"SMITH"},{"data":"Body Slam","floor":15,"key":"SMITH"}],"neow_cost":"NONE","seed_source_timestamp":11158646701751,"circlet_count":0,"master_deck":["Bash+1","Impatience","Cleave","Shrug It Off+1","Searing Blow+1","Body Slam+1","Power Through","True Grit","Offering","Corruption","Warcry","Blood for Blood","Dropkick","Pummel","Evolve","Wild Strike"],"relics":["Burning Blood","Regal Pillow","Girya","Pandora\u0027s Box"],"potions_floor_usage":[16,16],"damage_taken":[{"damage":0,"enemies":"Small Slimes","floor":1,"turns":3},{"damage":1,"enemies":"Cultist","floor":5,"turns":4},{"damage":8,"enemies":"2 Louse","floor":7,"turns":2},{"damage":22,"enemies":"Large Slime","floor":11,"turns":8},{"damage":3,"enemies":"2 Fungi Beasts","floor":12,"turns":4},{"damage":6,"enemies":"Looter","floor":13,"turns":3},{"damage":67,"enemies":"The Guardian","floor":16,"turns":16},{"damage":39,"enemies":"Spheric Guardian","floor":18,"turns":4},{"damage":0,"enemies":"2 Thieves","floor":19,"turns":2}],"seed_played":"-1281948602806860949","potions_obtained":[{"floor":1,"key":"Poison Potion"},{"floor":11,"key":"Regen Potion"},{"floor":16,"key":"Energy Potion"},{"floor":18,"key":"Block Potion"}],"is_trial":false,"path_per_floor":["M","?","$","?","M","R","M","R","T","R","M","M","M","?","R","B",null,"M","M"],"character_chosen":"IRONCLAD","items_purchased":["Shrug It Off"],"campfire_rested":0,"item_purchase_floors":[3],"current_hp_per_floor":[78,67,67,67,72,72,70,70,70,70,54,57,57,54,54,8,62,29,29],"gold":247,"neow_bonus":"RANDOM_COLORLESS","is_prod":false,"is_daily":false,"chose_seed":false,"campfire_upgraded":4,"win_rate":0,"timestamp":1548836714,"path_taken":["M","?","$","?","M","R","M","R","T","R","?","M","M","?","R","BOSS","M","M"],"build_version":"2019-01-23","purchased_purges":1,"victory":false,"max_hp_per_floor":[80,80,80,80,80,80,80,80,80,80,80,80,80,80,80,80,80,80,80],"card_choices":[{"not_picked":["Rage","Seeing Red"],"picked":"Cleave","floor":1},{"not_picked":["Pommel Strike","Shockwave","Cleave"],"picked":"SKIP","floor":5},{"not_picked":["Shrug It Off","Wild Strike","Flex"],"picked":"SKIP","floor":7},{"not_picked":["Combust","Rampage"],"picked":"Body Slam","floor":11},{"not_picked":["Body Slam","Feel No Pain"],"picked":"Power Through","floor":12},{"not_picked":["Flex","Havoc"],"picked":"True Grit","floor":13},{"not_picked":["Brutality","Limit Break"],"picked":"Offering","floor":16},{"not_picked":["Body Slam","Pummel","Anger"],"picked":"SKIP","floor":18}],"player_experience":123793,"relics_obtained":[{"floor":9,"key":"Regal Pillow"}],"event_choices":[{"damage_healed":0,"gold_gain":75,"player_choice":"Gather Gold","damage_taken":11,"max_hp_gain":0,"max_hp_loss":0,"event_name":"World of Goop","floor":2,"gold_loss":0},{"damage_healed":0,"gold_gain":0,"cards_transformed":["Strike_R"],"player_choice":"Transformed","damage_taken":0,"max_hp_gain":0,"max_hp_loss":0,"event_name":"Transmorgrifier","floor":4,"gold_loss":0,"cards_obtained":["Searing Blow"]},{"damage_healed":0,"gold_gain":0,"player_choice":"Success","damage_taken":3,"relics_obtained":["Girya"],"max_hp_gain":0,"max_hp_loss":0,"event_name":"Scrap Ooze","floor":14,"gold_loss":0}],"is_beta":false,"boss_relics":[{"not_picked":["Astrolabe","Mark of Pain"],"picked":"Pandora\u0027s Box"}],"items_purged_floors":[3],"is_endless":false,"potions_floor_spawned":[1,11,16,18],"killed_by":"2 Thieves","ascension_level":6}