{"gold_per_floor":[367,442,442,442,163,163,63,63,63,63,79,89,89,114,114,234,234,258,173,173,198,213,213,253,253,253,253,253,276,296,35,35,154,154,177,200,12,12,0,33,57,57,57,57,81,101,101,125,125,125],"floor_reached":51,"playtime":2773,"items_purged":["Strike_R","Strike_R","Strike_R","Strike_R"],"score":1028,"play_id":"377bdfd3-d905-404d-a740-c7ae913400bb","local_time":"20190207155927","is_ascension_mode":true,"campfire_choices":[{"data":"Shrug It Off","floor":6,"key":"SMITH"},{"data":"Offering","floor":8,"key":"SMITH"},{"data":"Bash","floor":10,"key":"SMITH"},{"floor":15,"key":"REST"},{"data":"Spot Weakness","floor":23,"key":"SMITH"},{"data":"Shrug It Off","floor":27,"key":"SMITH"},{"data":"Inflame","floor":32,"key":"SMITH"},{"data":"Pummel","floor":42,"key":"SMITH"},{"data":"Impervious","floor":44,"key":"SMITH"},{"data":"Defend_R","floor":49,"key":"SMITH"}],"neow_cost":"CURSE","seed_source_timestamp":17519588137238,"circlet_count":0,"master_deck":["AscendersBane","Strike_R","Defend_R+1","Defend_R","Defend_R+1","Defend_R+1","Bash+1","Inflame+1","Offering+1","Shrug It Off+1","Spot Weakness+1","Shrug It Off+1","Cleave","Reaper","Pummel+1","Impervious+1","Battle Trance+1","Limit Break+1","Battle Trance+1","Madness+1","Madness+1","Ghostly Armor+1"],"relics":["Burning Blood","Ginger","Golden Idol","White Beast Statue","Ancient Tea Set","Nloth\u0027s Gift","Toxic Egg 2","Mango","Busted Crown","Red Mask","Strawberry","Champion Belt"],"potions_floor_usage":[16,18,18,22,24,29,30,33,40,40,41,50,50],"damage_taken":[{"damage":11,"enemies":"Cultist","floor":1,"turns":4},{"damage":7,"enemies":"Jaw Worm","floor":11,"turns":2},{"damage":6,"enemies":"Small Slimes","floor":12,"turns":3},{"damage":11,"enemies":"Blue Slaver","floor":14,"turns":4},{"damage":28,"enemies":"Slime Boss","floor":16,"turns":8},{"damage":7,"enemies":"2 Thieves","floor":18,"turns":4},{"damage":37,"enemies":"3 Byrds","floor":21,"turns":8},{"damage":46,"enemies":"Shelled Parasite and Fungi","floor":22,"turns":11},{"damage":8,"enemies":"Gremlin Leader","floor":24,"turns":8},{"damage":50,"enemies":"Colosseum Slavers","floor":25,"turns":6},{"damage":8,"enemies":"Chosen and Byrds","floor":29,"turns":9},{"damage":10,"enemies":"Snake Plant","floor":30,"turns":5},{"damage":97,"enemies":"Collector","floor":33,"turns":7},{"damage":44,"enemies":"3 Darklings","floor":35,"turns":5},{"damage":9,"enemies":"3 Shapes","floor":36,"turns":6},{"damage":24,"enemies":"Reptomancer","floor":40,"turns":5},{"damage":9,"enemies":"Sphere and 2 Shapes","floor":41,"turns":3},{"damage":25,"enemies":"Jaw Worm Horde","floor":45,"turns":4},{"damage":19,"enemies":"4 Shapes","floor":46,"turns":5},{"damage":7,"enemies":"Writhing Mass","floor":48,"turns":4},{"damage":27,"enemies":"Time Eater","floor":50,"turns":7}],"seed_played":"8578280590884354470","potions_obtained":[{"floor":12,"key":"Explosive Potion"},{"floor":14,"key":"AttackPotion"},{"floor":16,"key":"Block Potion"},{"floor":18,"key":"SpeedPotion"},{"floor":21,"key":"Regen Potion"},{"floor":22,"key":"Poison Potion"},{"floor":24,"key":"Regen Potion"},{"floor":29,"key":"AttackPotion"},{"floor":30,"key":"GamblersBrew"},{"floor":33,"key":"Swift Potion"},{"floor":35,"key":"Explosive Potion"},{"floor":36,"key":"Swift Potion"},{"floor":40,"key":"Energy Potion"},{"floor":41,"key":"PowerPotion"},{"floor":45,"key":"PowerPotion"}],"is_trial":false,"path_per_floor":["M","?","?","?","$","R","$","R","T","R","M","M","?","M","R","B",null,"M","?","?","M","M","R","E","?","T","R","?","M","M","$","R","B",null,"M","M","$","?","?","E","M","R","T","R","M","M","?","M","R","B",null],"character_chosen":"IRONCLAD","items_purchased":["Inflame","Offering","Shrug It Off","Limit Break+1","Battle Trance+1"],"campfire_rested":1,"item_purchase_floors":[5,5,5,31,37],"current_hp_per_floor":[67,56,49,46,46,46,46,46,46,46,45,45,25,20,44,22,66,80,80,80,66,54,54,80,50,64,64,94,93,89,89,89,35,79,91,94,94,82,82,89,94,94,94,94,101,101,101,100,100,79],"gold":125,"neow_bonus":"TWO_FIFTY_GOLD","is_prod":false,"is_daily":false,"chose_seed":false,"campfire_upgraded":9,"win_rate":0,"timestamp":1549522767,"path_taken":["M","?","?","?","?","R","$","R","T","R","M","M","?","M","R","BOSS","M","?","?","M","?","R","E","?","T","R","?","M","M","$","R","BOSS","M","M","$","?","?","E","M","R","T","R","M","M","?","?","R","BOSS"],"build_version":"2019-01-23","purchased_purges":4,"victory":true,"max_hp_per_floor":[80,80,80,80,80,80,80,80,80,80,80,80,80,80,80,80,80,80,80,80,80,80,80,80,80,94,94,94,94,94,94,94,94,94,94,94,94,94,94,101,101,101,101,101,101,101,101,101,101,101],"card_choices":[{"not_picked":["Havoc","Twin Strike","Sever Soul"],"picked":"SKIP","floor":1},{"not_picked":["Wild Strike","Heavy Blade"],"picked":"Spot Weakness","floor":11},{"not_picked":["Clothesline","Body Slam"],"picked":"Shrug It Off","floor":12},{"not_picked":["Anger","Flex"],"picked":"Cleave","floor":14},{"not_picked":["Demon Form","Feed"],"picked":"Reaper","floor":16},{"not_picked":["Wild Strike","Cleave","Uppercut"],"picked":"SKIP","floor":18},{"not_picked":["Anger","True Grit+1"],"picked":"Pummel","floor":21},{"not_picked":["Sword Boomerang+1","Heavy Blade"],"picked":"Impervious","floor":22},{"not_picked":["Entrench+1","Anger"],"picked":"Battle Trance","floor":24},{"not_picked":["Warcry+1","Fire Breathing","Dropkick"],"picked":"SKIP","floor":29},{"not_picked":["Twin Strike","Dropkick","Headbutt"],"picked":"SKIP","floor":30},{"not_picked":["Clothesline+1"],"picked":"SKIP","floor":35},{"not_picked":["Iron Wave"],"picked":"SKIP","floor":36},{"not_picked":["Demon Form"],"picked":"SKIP","floor":40},{"not_picked":["Iron Wave"],"picked":"SKIP","floor":41},{"not_picked":[],"picked":"Ghostly Armor+1","floor":45},{"not_picked":["Pummel"],"picked":"SKIP","floor":46},{"not_picked":["Flex+1"],"picked":"SKIP","floor":48}],"player_experience":183357,"relics_obtained":[{"floor":9,"key":"Ginger"},{"floor":24,"key":"Toxic Egg 2"},{"floor":26,"key":"Mango"},{"floor":40,"key":"Strawberry"},{"floor":43,"key":"Champion Belt"}],"event_choices":[{"damage_healed":0,"gold_gain":75,"player_choice":"Gather Gold","damage_taken":11,"max_hp_gain":0,"max_hp_loss":0,"event_name":"World of Goop","floor":2,"gold_loss":0},{"cards_removed":["Injury"],"damage_healed":0,"gold_gain":0,"player_choice":"Card Removal","damage_taken":7,"max_hp_gain":0,"max_hp_loss":0,"event_name":"Golden Wing","floor":3,"gold_loss":0},{"damage_healed":0,"gold_gain":0,"player_choice":"Success","damage_taken":3,"relics_obtained":["War Paint"],"max_hp_gain":0,"max_hp_loss":0,"event_name":"Scrap Ooze","floor":4,"gold_loss":0},{"damage_healed":0,"gold_gain":0,"player_choice":"Take Damage","damage_taken":20,"relics_obtained":["Golden Idol"],"max_hp_gain":0,"max_hp_loss":0,"event_name":"Golden Idol","floor":13,"gold_loss":0},{"damage_healed":0,"gold_gain":0,"player_choice":"Obtained Relic","damage_taken":0,"relics_obtained":["Ancient Tea Set"],"max_hp_gain":0,"max_hp_loss":0,"event_name":"Addict","floor":19,"gold_loss":85},{"damage_healed":0,"gold_gain":0,"player_choice":"Traded Relic","damage_taken":0,"relics_obtained":["Nloth\u0027s Gift"],"max_hp_gain":0,"max_hp_loss":0,"event_name":"N\u0027loth","floor":20,"relics_lost":["War Paint"],"gold_loss":0},{"damage_healed":0,"gold_gain":0,"player_choice":"Fight","damage_taken":0,"max_hp_gain":0,"max_hp_loss":0,"event_name":"Colosseum","floor":25,"gold_loss":0},{"damage_healed":0,"gold_gain":0,"player_choice":"Fled From Nobs","damage_taken":0,"max_hp_gain":0,"max_hp_loss":0,"event_name":"Colosseum","floor":25,"gold_loss":0},{"damage_healed":30,"gold_gain":0,"player_choice":"Full Heal","damage_taken":0,"max_hp_gain":0,"max_hp_loss":0,"event_name":"Wheel of Change","floor":28,"gold_loss":0},{"damage_healed":0,"gold_gain":0,"player_choice":"Embrace Madness","damage_taken":12,"max_hp_gain":0,"max_hp_loss":0,"event_name":"Winding Halls","floor":38,"gold_loss":0,"cards_obtained":["Madness","Madness"]},{"damage_healed":0,"gold_gain":0,"player_choice":"Paid","damage_taken":0,"relics_obtained":["Red Mask"],"max_hp_gain":0,"max_hp_loss":0,"event_name":"Tomb of Lord Red Mask","floor":39,"gold_loss":12},{"damage_healed":0,"gold_gain":0,"player_choice":"Ignored","damage_taken":0,"max_hp_gain":0,"max_hp_loss":0,"event_name":"SecretPortal","floor":47,"gold_loss":0}],"is_beta":false,"boss_relics":[{"not_picked":["Runic Cube","Runic Pyramid"],"picked":"White Beast Statue"},{"not_picked":["Black Star","Lizard Tail"],"picked":"Busted Crown"}],"items_purged_floors":[5,7,31,37],"is_endless":false,"potions_floor_spawned":[12,14,16,18,21,22,24,25,29,30,33,35,36,40,41,45,46,48],"ascension_level":10}