{"gold_per_floor":[112,63,79,79,79,109,121,121],"floor_reached":8,"playtime":314,"items_purged":[],"score":67,"play_id":"b982064a-dbb6-4440-9819-55432c91d14a","local_time":"20181210203849","is_ascension_mode":true,"campfire_choices":[],"neow_cost":"NONE","seed_source_timestamp":1914222083592300,"circlet_count":0,"master_deck":["Defend_G","Defend_G","Defend_G","Defend_G","Defend_G","Strike_G","Strike_G","Strike_G","Strike_G","Survivor","Neutralize","Blur+1","Poisoned Stab","Deadly Poison","Blur"],"relics":["Ring of the Snake","Torii"],"potions_floor_usage":[6,8],"damage_taken":[{"damage":0,"enemies":"Jaw Worm","floor":1,"turns":5},{"damage":3,"enemies":"2 Louse","floor":3,"turns":3},{"damage":21,"enemies":"3 Sentries","floor":6,"turns":12},{"damage":0,"enemies":"Cultist","floor":7,"turns":3},{"damage":48,"enemies":"Gremlin Nob","floor":8,"turns":5}],"seed_played":"2440745917008657886","potions_obtained":[{"floor":3,"key":"AttackPotion"},{"floor":7,"key":"GhostInAJar"}],"is_trial":false,"path_per_floor":["M","$","M","?","?","E","M","E"],"character_chosen":"THE_SILENT","items_purchased":["Poisoned Stab"],"campfire_rested":0,"item_purchase_floors":[2],"current_hp_per_floor":[70,70,67,60,60,39,39,0],"gold":121,"neow_bonus":"THREE_CARDS","is_prod":false,"is_daily":false,"chose_seed":false,"campfire_upgraded":0,"win_rate":0,"timestamp":1544470729,"path_taken":["M","$","M","?","?","E","M","E"],"build_version":"2018-12-06","purchased_purges":0,"victory":false,"max_hp_per_floor":[70,70,70,70,70,70,70,70],"card_choices":[{"not_picked":["Terror","Poisoned Stab"],"picked":"Blur","floor":0},{"not_picked":["Flying Knee","Escape Plan","Eviscerate"],"picked":"SKIP","floor":1},{"not_picked":["Crippling Poison","Riddle With Holes"],"picked":"Deadly Poison","floor":3},{"not_picked":["Distraction","Blade Dance"],"picked":"Blur","floor":6},{"not_picked":["Flying Knee","Acrobatics","Slice"],"picked":"SKIP","floor":7}],"player_experience":794960,"relics_obtained":[{"floor":6,"key":"Torii"}],"event_choices":[{"cards_removed":["Strike_G"],"damage_healed":0,"gold_gain":0,"player_choice":"Card Removal","damage_taken":7,"max_hp_gain":0,"max_hp_loss":0,"event_name":"Golden Wing","floor":4,"gold_loss":0},{"damage_healed":0,"gold_gain":0,"player_choice":"Upgraded","damage_taken":0,"max_hp_gain":0,"max_hp_loss":0,"event_name":"Upgrade Shrine","floor":5,"gold_loss":0,"cards_upgraded":["Blur"]}],"is_beta":false,"boss_relics":[],"items_purged_floors":[],"is_endless":false,"potions_floor_spawned":[3,7],"killed_by":"Gremlin Nob","ascension_level":4}