{"gold_per_floor":[117,133,13,13,32,67,67,106,133,133,156,170,170,189,189,313,313,327,327,343,362,362,362,386,96,96,96,137,162,162],"floor_reached":30,"playtime":1584,"items_purged":["Strike_G"],"score":300,"play_id":"d654c56b-6027-457d-bf72-2a476f28f9b1","local_time":"20190211001632","is_ascension_mode":true,"campfire_choices":[{"data":"Storm of Steel","floor":7,"key":"SMITH"},{"floor":10,"key":"REST"},{"data":"Burst","floor":13,"key":"SMITH"},{"floor":15,"key":"REST"},{"data":"Adrenaline","floor":23,"key":"SMITH"},{"floor":27,"key":"DIG"}],"neow_cost":"NONE","seed_source_timestamp":1283602555309689,"circlet_count":0,"master_deck":["Defend_G","Defend_G","Defend_G","Defend_G","Defend_G","Strike_G","Strike_G","Strike_G","Survivor","Neutralize","Storm of Steel+1","Finisher","Poisoned Stab","Deadly Poison","Deadly Poison","Burst+1","Poisoned Stab","Bane","Adrenaline+1","Poisoned Stab+1","Terror+1","Bane+1","Poisoned Stab+1","Bane+1"],"relics":["Ring of the Snake","Golden Idol","Happy Flower","PreservedInsect","Vajra","Black Star","StoneCalendar","Shovel","Dream Catcher","Molten Egg 2","Thread and Needle"],"potions_floor_usage":[12,14,16,24,24,28,29],"damage_taken":[{"damage":0,"enemies":"Cultist","floor":1,"turns":5},{"damage":3,"enemies":"2 Louse","floor":2,"turns":3},{"damage":0,"enemies":"Small Slimes","floor":5,"turns":2},{"damage":24,"enemies":"Gremlin Nob","floor":6,"turns":4},{"damage":31,"enemies":"Lagavulin","floor":8,"turns":6},{"damage":4,"enemies":"Red Slaver","floor":11,"turns":3},{"damage":10,"enemies":"2 Fungi Beasts","floor":12,"turns":3},{"damage":8,"enemies":"3 Louse","floor":14,"turns":3},{"damage":14,"enemies":"Hexaghost","floor":16,"turns":7},{"damage":7,"enemies":"3 Byrds","floor":18,"turns":5},{"damage":19,"enemies":"Spheric Guardian","floor":20,"turns":4},{"damage":2,"enemies":"Centurion and Healer","floor":21,"turns":7},{"damage":10,"enemies":"Sentry and Sphere","floor":24,"turns":4},{"damage":20,"enemies":"Book of Stabbing","floor":28,"turns":4},{"damage":0,"enemies":"Chosen and Byrds","floor":29,"turns":3},{"damage":8,"enemies":"Snake Plant","floor":30,"turns":2}],"seed_played":"-2675193978305520992","potions_obtained":[{"floor":8,"key":"Weak Potion"},{"floor":12,"key":"Regen Potion"},{"floor":14,"key":"Poison Potion"},{"floor":21,"key":"AttackPotion"},{"floor":22,"key":"Dexterity Potion"},{"floor":22,"key":"Explosive Potion"},{"floor":28,"key":"Swift Potion"}],"is_trial":false,"path_per_floor":["M","M","$","?","M","E","R","E","T","R","M","M","R","M","R","B",null,"M","?","M","M","?","R","M","$","T","R","E","M","M"],"character_chosen":"THE_SILENT","items_purchased":["Deadly Poison","StoneCalendar"],"campfire_rested":2,"item_purchase_floors":[3,25],"current_hp_per_floor":[70,67,67,65,65,41,41,10,10,29,25,15,15,16,35,21,65,58,58,39,37,37,37,27,27,27,27,7,7,0],"gold":162,"neow_bonus":"ONE_RANDOM_RARE_CARD","is_prod":false,"is_daily":false,"chose_seed":false,"campfire_upgraded":3,"win_rate":0,"timestamp":1549862192,"path_taken":["M","?","$","?","M","E","R","E","T","R","M","M","R","M","R","BOSS","M","?","?","M","?","R","M","$","T","R","E","M","M"],"build_version":"2019-01-23","purchased_purges":1,"victory":false,"max_hp_per_floor":[70,70,70,65,65,65,65,65,65,65,65,65,65,65,65,65,65,65,65,65,65,65,65,65,65,65,65,65,65,65],"card_choices":[{"not_picked":["Dagger Spray","Underhanded Strike"],"picked":"Finisher","floor":1},{"not_picked":["Dagger Throw","Dagger Spray"],"picked":"Poisoned Stab","floor":2},{"not_picked":["Deflect","Blade Dance"],"picked":"Deadly Poison","floor":5},{"not_picked":["Blade Dance","Prepared","Deflect"],"picked":"SKIP","floor":6},{"not_picked":["Blade Dance","Sucker Punch"],"picked":"Burst","floor":8},{"not_picked":["Caltrops","Deflect","Well Laid Plans"],"picked":"SKIP","floor":11},{"not_picked":["Quick Slash","Endless Agony"],"picked":"Poisoned Stab","floor":12},{"not_picked":["Riddle With Holes","Backstab"],"picked":"Bane","floor":14},{"not_picked":["Wraith Form v2","A Thousand Cuts"],"picked":"Adrenaline","floor":16},{"not_picked":["Underhanded Strike","Well Laid Plans"],"picked":"Poisoned Stab+1","floor":18},{"not_picked":["Backstab","Slice"],"picked":"Terror+1","floor":20},{"not_picked":["Sucker Punch","Tactician"],"picked":"Bane+1","floor":21},{"not_picked":["Underhanded Strike+1","Quick Slash"],"picked":"Poisoned Stab+1","floor":24},{"not_picked":["Slice","PiercingWail","Sucker Punch"],"picked":"SKIP","floor":28},{"not_picked":["Dagger Throw+1","Tactician"],"picked":"Bane+1","floor":29}],"player_experience":104543,"relics_obtained":[{"floor":6,"key":"Happy Flower"},{"floor":8,"key":"PreservedInsect"},{"floor":9,"key":"Vajra"},{"floor":26,"key":"Shovel"},{"floor":27,"key":"Dream Catcher"},{"floor":28,"key":"Molten Egg 2"},{"floor":28,"key":"Thread and Needle"}],"event_choices":[{"damage_healed":0,"gold_gain":0,"player_choice":"Lose Max HP","damage_taken":0,"relics_obtained":["Golden Idol"],"max_hp_gain":0,"max_hp_loss":5,"event_name":"Golden Idol","floor":4,"gold_loss":0},{"cards_removed":["Strike_G"],"damage_healed":0,"gold_gain":0,"player_choice":"Purged","damage_taken":0,"max_hp_gain":0,"max_hp_loss":0,"event_name":"Purifier","floor":19,"gold_loss":0},{"damage_healed":0,"gold_gain":0,"player_choice":"Got Potions","damage_taken":0,"max_hp_gain":0,"max_hp_loss":0,"event_name":"Lab","floor":22,"gold_loss":0}],"is_beta":false,"boss_relics":[{"not_picked":["Orrery","Pandora\u0027s Box"],"picked":"Black Star"}],"items_purged_floors":[3],"is_endless":false,"potions_floor_spawned":[8,12,14,21,28],"killed_by":"Snake Plant","ascension_level":1}