{"gold_per_floor":[116,116,116,137,162,162,162,162,162,195,2,23,56,76,76,200,200,216,216,229,229,12,12,12,12,12,26,26,39,60,76,76,76],"floor_reached":33,"playtime":2012,"items_purged":["Doppelganger+1"],"score":319,"play_id":"44c7f61a-2e8e-46e5-842a-db8cc360686c","local_time":"20180916161646","is_ascension_mode":true,"campfire_choices":[{"data":"Doppelganger","floor":6,"key":"SMITH"},{"data":"Neutralize","floor":8,"key":"SMITH"},{"floor":15,"key":"REST"},{"floor":23,"key":"REST"},{"floor":32,"key":"REST"}],"neow_cost":"NONE","seed_source_timestamp":10770726638598,"circlet_count":0,"master_deck":["Defend_G+1","Defend_G+1","Defend_G+1","Defend_G+1","Strike_G+1","Strike_G+1","Strike_G+1","Strike_G+1","Survivor","Neutralize+1","Footwork+1","Underhanded Strike","Unload","Footwork","Prepared","Unload","Necronomicurse","Calculated Gamble","Footwork","Escape Plan","Concentrate+1","Prepared","Terror"],"relics":["Ring of the Snake","Golden Idol","Anchor","Tingsha","Tough Bandages","WingedGreaves","Empty Cage","Necronomicon","Darkstone Periapt"],"potions_floor_usage":[13,16,20,30,30,30,30,33,33],"damage_taken":[{"damage":0,"enemies":"2 Louse","floor":1,"turns":4},{"damage":1,"enemies":"Small Slimes","floor":4,"turns":6},{"damage":24,"enemies":"Gremlin Nob","floor":10,"turns":5},{"damage":0,"enemies":"Jaw Worm","floor":12,"turns":3},{"damage":13,"enemies":"Lagavulin","floor":13,"turns":9},{"damage":9,"enemies":"Blue Slaver","floor":14,"turns":3},{"damage":21,"enemies":"Slime Boss","floor":16,"turns":15},{"damage":0,"enemies":"Spheric Guardian","floor":18,"turns":4},{"damage":31,"enemies":"3 Byrds","floor":20,"turns":9},{"damage":0,"enemies":"Snake Plant","floor":27,"turns":6},{"damage":15,"enemies":"Shelled Parasite and Fungi","floor":29,"turns":9},{"damage":27,"enemies":"Chosen and Byrds","floor":30,"turns":6},{"damage":0,"enemies":"Snake Plant","floor":31,"turns":4},{"damage":38,"enemies":"Champ","floor":33,"turns":13}],"seed_played":"981043338510016985","potions_obtained":[{"floor":1,"key":"Regen Potion"},{"floor":13,"key":"SpeedPotion"},{"floor":16,"key":"Swift Potion"},{"floor":24,"key":"GamblersBrew"},{"floor":24,"key":"Strength Potion"},{"floor":24,"key":"Dexterity Potion"},{"floor":29,"key":"EntropicBrew"},{"floor":31,"key":"SkillPotion"}],"is_trial":false,"path_per_floor":["M","?","?","M","T","R","?","R","T","E","$","M","E","M","R","B",null,"M","?","M","?","$","R","?","?","T","M","$","M","M","M","R"],"character_chosen":"THE_SILENT","items_purchased":["Unload","Footwork","Footwork","Escape Plan"],"campfire_rested":3,"item_purchase_floors":[11,11,22,22],"current_hp_per_floor":[70,75,57,56,56,56,56,56,56,32,32,32,33,24,46,25,63,63,47,16,16,16,38,38,38,38,38,38,23,5,5,27,0],"gold":76,"neow_bonus":"ONE_RANDOM_RARE_CARD","is_prod":false,"is_daily":false,"chose_seed":false,"campfire_upgraded":2,"win_rate":0,"timestamp":1537129006,"path_taken":["M","?","?","?","?","R","?","R","T","E","$","?","E","?","R","BOSS","M","?","M","?","$","R","?","?","T","M","?","?","M","M","R","BOSS"],"build_version":"2018-09-12","purchased_purges":1,"victory":false,"max_hp_per_floor":[70,75,75,75,75,75,75,75,75,75,75,75,75,75,75,75,75,75,75,75,75,75,75,75,75,75,75,75,75,75,75,75,75],"card_choices":[{"not_picked":["Tactician","Slice"],"picked":"Footwork","floor":1},{"not_picked":["Heel Hook","Quick Slash"],"picked":"Underhanded Strike","floor":4},{"not_picked":["Sucker Punch","Terror","Blade Dance"],"picked":"SKIP","floor":10},{"not_picked":["Predator","Poisoned Stab","Deadly Poison"],"picked":"SKIP","floor":12},{"not_picked":["Slice","Masterful Stab"],"picked":"Prepared","floor":13},{"not_picked":["Blade Dance","Cloak And Dagger","After Image"],"picked":"SKIP","floor":14},{"not_picked":["After Image","Night Terror"],"picked":"Unload","floor":16},{"not_picked":["Deadly Poison","Quick Slash","Cloak And Dagger"],"picked":"SKIP","floor":18},{"not_picked":["Cloak And Dagger","PiercingWail+1"],"picked":"Calculated Gamble","floor":20},{"not_picked":["PiercingWail","Deadly Poison"],"picked":"Concentrate+1","floor":27},{"not_picked":["Calculated Gamble","Sucker Punch"],"picked":"Prepared","floor":29},{"not_picked":["Sucker Punch","Poisoned Stab+1"],"picked":"Terror","floor":30},{"not_picked":["Corpse Explosion","PiercingWail","Blade Dance"],"picked":"SKIP","floor":31}],"player_experience":378010,"relics_obtained":[{"floor":5,"key":"Anchor"},{"floor":9,"key":"Tingsha"},{"floor":10,"key":"Tough Bandages"},{"floor":13,"key":"WingedGreaves"},{"floor":19,"key":"Necronomicon"},{"floor":26,"key":"Darkstone Periapt"}],"event_choices":[{"event_name":"Big Fish","player_choice":"Donut","floor":2,"damage_taken":0},{"event_name":"Golden Idol","player_choice":"Take Damage","floor":3,"damage_taken":0},{"event_name":"Living Wall","player_choice":"Grow","floor":7,"damage_taken":0},{"event_name":"Cursed Tome","player_choice":"Obtained Book","floor":19,"damage_taken":0},{"event_name":"Back to Basics","player_choice":"Simplicity","floor":21,"damage_taken":0},{"event_name":"The Lab","player_choice":"Got Potions","floor":24,"damage_taken":0}],"is_beta":true,"boss_relics":[{"not_picked":["Velvet Choker","Philosopher\u0027s Stone"],"picked":"Empty Cage"}],"items_purged_floors":[22],"is_endless":false,"potions_floor_spawned":[1,13,16,27,29,31],"killed_by":"Champ","ascension_level":5}