{"gold_per_floor":[17,31,31,42,42,42,53,53,123,154,154,182,194,214,214,311,311,327,20,20,35,35,67,67,92,141,141,158,192,211,9,9,107,107,126,226,243,243,253,253,271,271,271,271,271,493,509,509,509,509],"floor_reached":51,"playtime":1666,"items_purged":["Strike_R","Strike_R"],"score":978,"play_id":"ad644b9c-2533-4f5c-a207-a30e57c49bf6","local_time":"20190207215532","is_ascension_mode":true,"campfire_choices":[{"data":"Bash","floor":6.0,"key":"SMITH"},{"data":"Whirlwind","floor":8.0,"key":"SMITH"},{"data":"Metallicize","floor":11.0,"key":"SMITH"},{"data":"True Grit","floor":15.0,"key":"SMITH"},{"data":"Inflame","floor":24.0,"key":"SMITH"},{"floor":32,"key":"REST"},{"data":"Flex","floor":40,"key":"SMITH"},{"data":"Offering","floor":42,"key":"SMITH"},{"data":"Shrug It Off","floor":44,"key":"SMITH"},{"data":"Double Tap","floor":49,"key":"SMITH"}],"neow_cost":"NO_GOLD","seed_source_timestamp":534549535446899,"circlet_count":0,"master_deck":["Bash+1","Metallicize+1","Dropkick","Whirlwind+1","True Grit+1","Shrug It Off+1","Offering+1","Shrug It Off","Inflame+1","Disarm","Flex+1","Flex+1","Heavy Blade+1","Reaper","Double Tap+1","Anger","Second Wind","Shrug It Off"],"special_seed":0,"relics":["Burning Blood","Incense Burner","Kunai","Bag of Marbles","Charon\u0027s Ashes","Velvet Choker","Vajra","Bronze Scales","Oddly Smooth Stone","Omamori","Red Mask","Pandora\u0027s Box","Unceasing Top","Paper Frog"],"potions_floor_usage":[33,47,50,50],"damage_taken":[{"damage":5.0,"enemies":"2 Louse","floor":1.0,"turns":3.0},{"damage":3.0,"enemies":"Jaw Worm","floor":2.0,"turns":6.0},{"damage":4.0,"enemies":"Small Slimes","floor":4.0,"turns":4.0},{"damage":3.0,"enemies":"2 Fungi Beasts","floor":7.0,"turns":4.0},{"damage":10.0,"enemies":"3 Sentries","floor":10.0,"turns":4.0},{"damage":32.0,"enemies":"Lagavulin","floor":12.0,"turns":5.0},{"damage":0.0,"enemies":"3 Louse","floor":13.0,"turns":1.0},{"damage":7.0,"enemies":"Looter","floor":14.0,"turns":2.0},{"damage":42.0,"enemies":"The Guardian","floor":16.0,"turns":12.0},{"damage":1.0,"enemies":"Spheric Guardian","floor":18.0,"turns":3.0},{"damage":6.0,"enemies":"Shell Parasite","floor":21.0,"turns":4.0},{"damage":26.0,"enemies":"Slavers","floor":23.0,"turns":3.0},{"damage":24.0,"enemies":"Book of Stabbing","floor":25.0,"turns":5.0},{"damage":6,"enemies":"Snecko","floor":28,"turns":2},{"damage":6,"enemies":"Masked Bandits","floor":29,"turns":2},{"damage":0,"enemies":"Snake Plant","floor":30,"turns":2},{"damage":36,"enemies":"Champ","floor":33,"turns":7},{"damage":14,"enemies":"Orb Walker","floor":35,"turns":2},{"damage":6,"enemies":"Mind Bloom Boss Battle","floor":36,"turns":3},{"damage":12,"enemies":"3 Shapes","floor":37,"turns":3},{"damage":0,"enemies":"Jaw Worm Horde","floor":39,"turns":1},{"damage":32,"enemies":"Spire Growth","floor":41,"turns":3},{"damage":6,"enemies":"Sphere and 2 Shapes","floor":47,"turns":1},{"damage":43,"enemies":"Donu and Deca","floor":50,"turns":7}],"seed_played":"2612347625942993463","potions_obtained":[{"floor":2.0,"key":"SpeedPotion"},{"floor":4.0,"key":"BloodPotion"},{"floor":10.0,"key":"EssenceOfSteel"},{"floor":21.0,"key":"SkillPotion"},{"floor":23.0,"key":"Poison Potion"},{"floor":25.0,"key":"Explosive Potion"},{"floor":36,"key":"GamblersBrew"},{"floor":39,"key":"PowerPotion"},{"floor":47,"key":"SkillPotion"}],"is_trial":false,"path_per_floor":["M","M","?","M","T","R","M","R","T","E","R","E","M","M","R","B",null,"M","$","?","M","?","E","R","E","T","?","M","?","M","$","R","B",null,"M","?","M","?","M","R","M","R","T","R","?","?","M","?","R","B",null],"character_chosen":"IRONCLAD","items_purchased":["Vajra","Inflame","Heavy Blade","Energy Potion"],"campfire_rested":1,"item_purchase_floors":[19,19,31,31],"current_hp_per_floor":[73,76,76,78,78,78,80,80,80,76,76,50,56,55,55,19,65,70,70,70,70,70,50,50,32,32,32,32,32,38,38,62,32,68,60,60,74,74,80,80,54,54,54,54,54,54,80,80,80,51],"gold":509,"neow_bonus":"REMOVE_TWO","is_prod":false,"is_daily":false,"chose_seed":false,"campfire_upgraded":9,"win_rate":0,"timestamp":1549601732,"path_taken":["M","M","?","M","?","R","M","R","T","E","R","E","M","M","R","BOSS","M","$","?","M","?","E","R","E","T","?","M","?","M","$","R","BOSS","M","?","M","?","M","R","?","R","T","R","?","?","M","?","R","BOSS"],"build_version":"2019-01-23","purchased_purges":2,"victory":true,"max_hp_per_floor":[80,80,80,80,80,80,80,80,80,80,80,80,80,80,80,80,80,80,80,80,80,80,80,80,80,80,80,80,80,80,80,80,80,80,80,80,80,80,80,80,80,80,80,80,80,80,80,80,80,80],"card_choices":[{"not_picked":["Pommel Strike","Armaments"],"picked":"Metallicize","floor":1.0},{"not_picked":["Perfected Strike","Clothesline"],"picked":"Dropkick","floor":2.0},{"not_picked":["Intimidate","Iron Wave","Second Wind"],"picked":"SKIP","floor":4.0},{"not_picked":["Clash","Pommel Strike"],"picked":"Whirlwind","floor":7.0},{"not_picked":["Bludgeon","Sentinel","Clothesline"],"picked":"SKIP","floor":10.0},{"not_picked":["Perfected Strike","Flame Barrier"],"picked":"True Grit","floor":12.0},{"not_picked":["Sword Boomerang","Perfected Strike","Heavy Blade"],"picked":"SKIP","floor":13.0},{"not_picked":["Body Slam","Headbutt"],"picked":"Shrug It Off","floor":14.0},{"not_picked":["Berserk","Exhume"],"picked":"Offering","floor":16.0},{"not_picked":["Sentinel","Heavy Blade+1"],"picked":"Shrug It Off","floor":18.0},{"not_picked":["Clash+1","Iron Wave","Anger"],"picked":"SKIP","floor":21.0},{"not_picked":["Seeing Red","Carnage"],"picked":"Flex","floor":23.0},{"not_picked":["Reckless Charge","Clothesline"],"picked":"Flex+1","floor":25.0},{"not_picked":["Rampage","Clothesline","Flame Barrier"],"picked":"SKIP","floor":28},{"not_picked":["Flame Barrier","Fiend Fire","True Grit"],"picked":"SKIP","floor":30},{"not_picked":["Fiend Fire","Dark Embrace"],"picked":"Reaper","floor":33},{"not_picked":["Hemokinesis+1","Clash+1","Thunderclap"],"picked":"SKIP","floor":35},{"not_picked":["Brutality","Anger"],"picked":"Shrug It Off","floor":37},{"not_picked":["Body Slam","Clothesline","Twin Strike"],"picked":"SKIP","floor":39},{"not_picked":["True Grit+1","Thunderclap","Armaments"],"picked":"SKIP","floor":41},{"not_picked":["Pommel Strike","Bloodletting+1","Flex"],"picked":"SKIP","floor":47}],"player_experience":307664,"relics_obtained":[{"floor":5.0,"key":"Incense Burner"},{"floor":9.0,"key":"Kunai"},{"floor":10.0,"key":"Bag of Marbles"},{"floor":12.0,"key":"Charon\u0027s Ashes"},{"floor":23.0,"key":"Bronze Scales"},{"floor":25.0,"key":"Oddly Smooth Stone"},{"floor":26.0,"key":"Omamori"},{"floor":29,"key":"Red Mask"},{"floor":36,"key":"Unceasing Top"},{"floor":43,"key":"Paper Frog"}],"event_choices":[{"damage_healed":0.0,"max_hp_gain":0.0,"max_hp_loss":0.0,"gold_gain":0.0,"event_name":"The Cleric","player_choice":"Leave","floor":3.0,"gold_loss":0.0,"damage_taken":0.0},{"damage_healed":0.0,"max_hp_gain":0.0,"max_hp_loss":0.0,"gold_gain":0.0,"event_name":"Beggar","player_choice":"Ignored","floor":20.0,"gold_loss":0.0,"damage_taken":0.0},{"damage_healed":0.0,"max_hp_gain":0.0,"max_hp_loss":0.0,"gold_gain":0.0,"event_name":"The Library","player_choice":"Read","floor":22.0,"gold_loss":0.0,"damage_taken":0.0,"cards_obtained":["Disarm"]},{"cards_removed":["Strike_R"],"damage_healed":0.0,"max_hp_gain":0.0,"max_hp_loss":0.0,"gold_gain":0.0,"event_name":"Back to Basics","player_choice":"Elegance","floor":27.0,"gold_loss":0.0,"damage_taken":0.0},{"damage_healed":0,"gold_gain":0,"player_choice":"Fought Bandits","damage_taken":0,"max_hp_gain":0,"max_hp_loss":0,"event_name":"Masked Bandits","floor":29,"gold_loss":0},{"damage_healed":0,"gold_gain":0,"player_choice":"Fight","damage_taken":0,"max_hp_gain":0,"max_hp_loss":0,"event_name":"MindBloom","floor":36,"gold_loss":0},{"damage_healed":0,"gold_gain":0,"player_choice":"Upgraded","damage_taken":0,"max_hp_gain":0,"max_hp_loss":0,"event_name":"Upgrade Shrine","floor":38,"gold_loss":0,"cards_upgraded":["Heavy Blade"]},{"cards_removed":["Shrug It Off"],"damage_healed":0,"gold_gain":0,"player_choice":"Removed Skill","damage_taken":0,"max_hp_gain":0,"max_hp_loss":0,"event_name":"Falling","floor":45,"gold_loss":0},{"damage_healed":0,"gold_gain":222,"player_choice":"Wore Mask","damage_taken":0,"max_hp_gain":0,"max_hp_loss":0,"event_name":"Tomb of Lord Red Mask","floor":46,"gold_loss":0},{"damage_healed":0,"gold_gain":0,"player_choice":"Ignored","damage_taken":0,"max_hp_gain":0,"max_hp_loss":0,"event_name":"Mysterious Sphere","floor":48,"gold_loss":0}],"is_beta":false,"boss_relics":[{"not_picked":["Astrolabe","Tiny House"],"picked":"Velvet Choker"},{"not_picked":["Orrery","Black Star"],"picked":"Pandora\u0027s Box"}],"items_purged_floors":[19,31],"is_endless":false,"potions_floor_spawned":[2,4,10,21,23,25,36,39,47],"ascension_level":8}