{"gold_per_floor":[109,109,37,212,287,287,313,332,381,381,395,59,59,73,73,144,144,161,161,180,180,229,229,254,283,308,111,111,111],"floor_reached":29,"playtime":1623,"items_purged":[],"score":428,"play_id":"986d1b5e-b964-4841-a355-2be187470082","local_time":"20181208180329","is_ascension_mode":true,"campfire_choices":[{"floor":6,"key":"REST"},{"floor":10,"key":"REST"},{"floor":13,"key":"REST"},{"data":"Limit Break","floor":15,"key":"SMITH"},{"floor":23,"key":"REST"}],"neow_cost":"CURSE","seed_source_timestamp":672273581109575,"circlet_count":0,"master_deck":["AscendersBane","Bash","Decay","Thunderclap","Pummel","Doubt","True Grit","Havoc","Corruption","Limit Break+1","Fiend Fire","Uppercut","Dark Embrace","Sword Boomerang","Clothesline","Rampage","Clothesline","Rage","Inflame","Sword Boomerang","Body Slam","Spot Weakness","Feel No Pain","True Grit","Armaments","Limit Break","Havoc","Ghostly","Ghostly","Ghostly","Ghostly","Ghostly"],"relics":["Burning Blood","Du-Vu Doll","Dead Branch","Bronze Scales","Pandora\u0027s Box","Red Mask","Bag of Preparation","Dream Catcher","Regal Pillow"],"potions_floor_usage":[16,16,25,29],"damage_taken":[{"damage":10,"enemies":"Jaw Worm","floor":1,"turns":4},{"damage":52,"enemies":"3 Sentries","floor":7,"turns":9},{"damage":2,"enemies":"2 Louse","floor":8,"turns":2},{"damage":0,"enemies":"Small Slimes","floor":11,"turns":1},{"damage":0,"enemies":"Exordium Thugs","floor":14,"turns":3},{"damage":41,"enemies":"Hexaghost","floor":16,"turns":6},{"damage":5,"enemies":"Chosen","floor":18,"turns":3},{"damage":20,"enemies":"3 Byrds","floor":20,"turns":3},{"damage":42,"enemies":"Colosseum Slavers","floor":21,"turns":4},{"damage":3,"enemies":"Masked Bandits","floor":24,"turns":2},{"damage":32,"enemies":"Book of Stabbing","floor":25,"turns":5},{"damage":29,"enemies":"Gremlin Leader","floor":29,"turns":6}],"seed_played":"-4714477670539756966","potions_obtained":[{"floor":7,"key":"Strength Potion"},{"floor":11,"key":"Poison Potion"},{"floor":16,"key":"Strength Potion"},{"floor":25,"key":"Explosive Potion"}],"is_trial":false,"path_per_floor":["M","?","$","?","?","R","E","M","T","R","M","$","R","M","R","B",null,"M","?","M","?","T","R","?","E","T","$","?","E"],"character_chosen":"IRONCLAD","items_purchased":["Pummel","Corruption","Limit Break","Fiend Fire","Havoc","Regal Pillow"],"campfire_rested":4,"item_purchase_floors":[3,12,12,12,27,27],"current_hp_per_floor":[64,57,57,57,46,68,22,26,26,48,54,54,75,75,75,40,66,67,67,53,17,17,39,42,16,16,16,16,0],"gold":111,"neow_bonus":"ONE_RARE_RELIC","is_prod":false,"is_daily":false,"chose_seed":false,"campfire_upgraded":1,"win_rate":0,"timestamp":1544292209,"path_taken":["M","?","$","?","?","R","E","M","T","R","M","$","R","M","R","BOSS","M","?","M","?","?","R","?","E","T","$","?","E"],"build_version":"2018-12-06","purchased_purges":0,"victory":false,"max_hp_per_floor":[75,75,75,75,75,75,75,75,75,75,75,75,75,75,75,75,75,75,75,75,75,75,75,75,75,75,75,37,37],"card_choices":[{"not_picked":["Havoc","Twin Strike"],"picked":"Thunderclap","floor":1},{"not_picked":["Iron Wave","Heavy Blade","Wild Strike"],"picked":"SKIP","floor":7},{"not_picked":["Evolve","Clothesline"],"picked":"True Grit","floor":8},{"not_picked":["Bloodletting","Headbutt"],"picked":"Havoc","floor":11},{"not_picked":["Sword Boomerang","Armaments"],"picked":"Uppercut","floor":14},{"not_picked":["Feed","Fiend Fire"],"picked":"Dark Embrace","floor":16},{"not_picked":["Flex","Perfected Strike"],"picked":"Spot Weakness","floor":18},{"not_picked":["Iron Wave+1","Pummel+1"],"picked":"True Grit","floor":20},{"not_picked":["Seeing Red","Headbutt"],"picked":"Armaments","floor":24},{"not_picked":["Reckless Charge","Thunderclap"],"picked":"Limit Break","floor":25}],"player_experience":1000644,"relics_obtained":[{"floor":7,"key":"Dead Branch"},{"floor":9,"key":"Bronze Scales"},{"floor":24,"key":"Red Mask"},{"floor":25,"key":"Bag of Preparation"},{"floor":26,"key":"Dream Catcher"}],"event_choices":[{"cards_removed":["Strike_R"],"damage_healed":0,"gold_gain":0,"player_choice":"Card Removal","damage_taken":7,"max_hp_gain":0,"max_hp_loss":0,"event_name":"Golden Wing","floor":2,"gold_loss":0},{"damage_healed":0,"gold_gain":175,"player_choice":"AGREE","damage_taken":0,"max_hp_gain":0,"max_hp_loss":0,"event_name":"Liars Game","floor":4,"gold_loss":0,"cards_obtained":["Doubt"]},{"damage_healed":0,"gold_gain":75,"player_choice":"Gather Gold","damage_taken":11,"max_hp_gain":0,"max_hp_loss":0,"event_name":"World of Goop","floor":5,"gold_loss":0},{"damage_healed":0,"gold_gain":0,"player_choice":"Read","damage_taken":0,"max_hp_gain":0,"max_hp_loss":0,"event_name":"The Library","floor":19,"gold_loss":0,"cards_obtained":["Feel No Pain"]},{"damage_healed":0,"gold_gain":0,"player_choice":"Fight","damage_taken":0,"max_hp_gain":0,"max_hp_loss":0,"event_name":"Colosseum","floor":21,"gold_loss":0},{"damage_healed":0,"gold_gain":0,"player_choice":"Fled From Nobs","damage_taken":0,"max_hp_gain":0,"max_hp_loss":0,"event_name":"Colosseum","floor":21,"gold_loss":0},{"damage_healed":0,"gold_gain":0,"player_choice":"Fought Bandits","damage_taken":0,"max_hp_gain":0,"max_hp_loss":0,"event_name":"Masked Bandits","floor":24,"gold_loss":0},{"damage_healed":0,"gold_gain":0,"player_choice":"Became a Ghost","damage_taken":0,"max_hp_gain":0,"max_hp_loss":38,"event_name":"Ghosts","floor":28,"gold_loss":0,"cards_obtained":["Ghostly","Ghostly","Ghostly","Ghostly","Ghostly"]}],"is_beta":false,"boss_relics":[{"not_picked":["Busted Crown","Fusion Hammer"],"picked":"Pandora\u0027s Box"}],"items_purged_floors":[],"is_endless":false,"potions_floor_spawned":[7,11,16,21,25],"killed_by":"Gremlin Leader","ascension_level":14}