{"gold_per_floor":[114,127,127,106,125,158,257,274,299,299,334,46,46,57,57,157,157,176,83,98,113,132,132,132],"floor_reached":24,"playtime":4028,"items_purged":["infinitespire:Pacifist","Strike_B"],"score":260,"play_id":"ac323179-270f-46a4-8251-00552530e1d9","local_time":"20190210014349","is_ascension_mode":true,"campfire_choices":[{"floor":7.0,"key":"RECALL"},{"floor":10.0,"key":"REST"},{"floor":15.0,"key":"REST"},{"floor":23,"key":"REST"}],"neow_cost":"NONE","seed_source_timestamp":0,"circlet_count":0,"master_deck":["Strike_B","Strike_B","Defend_B","Defend_B+1","Defend_B","Defend_B+1","Zap","Dualcast","Reboot","Panic Button","Steam","Cold Snap","ReplayTheSpireMod:Repulse","Melter","Pot Of Greed","Pot Of Greed","FTL","Tempest","FTL","Rainbow","Darkness+1","Consume","Coolheaded","Doom and Gloom","Pot Of Greed","Defragment"],"special_seed":0,"relics":["Cracked Core","War Paint","ReplayTheSpireMod:CursedCoin","Strawberry","Grinning Jar","Blue Doll","hubris:HollowSoul"],"potions_floor_usage":[],"damage_taken":[{"damage":6.0,"enemies":"Small Slimes","floor":1.0,"turns":4.0},{"damage":0.0,"enemies":"Cultist","floor":2.0,"turns":2.0},{"damage":0.0,"enemies":"2 Louse","floor":5.0,"turns":2.0},{"damage":16.0,"enemies":"Erikyupuro","floor":6.0,"turns":12.0},{"damage":12.0,"enemies":"Lots of Slimes","floor":8.0,"turns":5.0},{"damage":21.0,"enemies":"Gremlin Nob","floor":11.0,"turns":4.0},{"damage":0.0,"enemies":"Large Slime","floor":14.0,"turns":4.0},{"damage":43.0,"enemies":"The Guardian","floor":16.0,"turns":11.0},{"damage":0.0,"enemies":"Spheric Guardian","floor":18.0,"turns":2.0},{"damage":10.0,"enemies":"3 Byrds","floor":20.0,"turns":6.0},{"damage":42.0,"enemies":"Centurion and Healer","floor":21.0,"turns":8.0},{"damage":2,"enemies":"Sentry and Sphere","floor":22,"turns":3},{"damage":18,"enemies":"Slavers","floor":24,"turns":2}],"seed_played":"-2290917183306371541","potions_obtained":[{"floor":2.0,"key":"Milkshake"},{"floor":5.0,"key":"PowerPotion"},{"floor":8.0,"key":"SpeedPotion"},{"floor":11.0,"key":"Dexterity Potion"},{"floor":16.0,"key":"Swift Potion"},{"floor":20.0,"key":"FearPotion"}],"is_trial":false,"path_per_floor":["M","M","?","$","M","E","R","M","T","R","E","$","?","M","R","B",null,"M","$","M","M","M","R","E"],"character_chosen":"DEFECT","items_purchased":["ReplayTheSpireMod:CursedCoin","Steam","Cold Snap","FTL","Blue Doll","Consume","Coolheaded"],"campfire_rested":3,"item_purchase_floors":[4,4,4,12,12,19,19],"current_hp_per_floor":[69,69,69,69,69,60,60,48,48,72,51,51,51,51,75,32,70,70,70,60,18,16,40,0],"gold":132,"neow_bonus":"ONE_RANDOM_RARE_CARD","is_prod":false,"is_daily":false,"chose_seed":false,"campfire_upgraded":0,"win_rate":0,"timestamp":1549759429,"path_taken":["M","M","?","$","?","E","R","M","T","R","E","$","?","M","R","BOSS","M","$","?","M","M","R","E"],"build_version":"2019-01-23","purchased_purges":2,"victory":false,"max_hp_per_floor":[75,75,75,75,75,82,82,82,82,82,82,82,82,82,82,82,82,82,82,82,82,82,82,82],"card_choices":[{"not_picked":["Go for the Eyes","Sweeping Beam","Streamline"],"picked":"SKIP","floor":1.0},{"not_picked":["Conserve Battery","Rebound"],"picked":"Panic Button","floor":2.0},{"not_picked":["Conserve Battery","BasicCrystalCard"],"picked":"ReplayTheSpireMod:Repulse","floor":5.0},{"not_picked":["Panic Button","FIFO Queue","Scrape"],"picked":"SKIP","floor":6.0},{"not_picked":["Rebound","Crystallizer"],"picked":"Melter","floor":8.0},{"not_picked":["Reinforced Body","Amplify","Ball Lightning"],"picked":"SKIP","floor":11.0},{"not_picked":["Crystallizer","ReplayTheSpireMod:System Scan"],"picked":"FTL","floor":14.0},{"not_picked":["Thunder Strike","Meteor Strike"],"picked":"Rainbow","floor":16.0},{"not_picked":["Compile Driver","Leap"],"picked":"Darkness+1","floor":18.0},{"not_picked":["FIFO Queue","Hologram","Beam Cell+1"],"picked":"SKIP","floor":20.0},{"not_picked":["Rebound","Streamline"],"picked":"Doom and Gloom","floor":21.0},{"not_picked":["Doom and Gloom","Barrage"],"picked":"Defragment","floor":22}],"player_experience":337972,"relics_obtained":[{"floor":6.0,"key":"Strawberry"},{"floor":11.0,"key":"Grinning Jar"}],"event_choices":[{"damage_healed":0.0,"max_hp_gain":0.0,"max_hp_loss":0.0,"gold_gain":0.0,"event_name":"WeMeetAgain","player_choice":"Gave Potion","floor":3.0,"gold_loss":0.0,"damage_taken":0.0,"relics_obtained":["War Paint"]},{"damage_healed":0.0,"max_hp_gain":0.0,"max_hp_loss":0.0,"gold_gain":0.0,"cards_transformed":["Strike_B"],"event_name":"Transmorgrifier","player_choice":"Transformed","floor":13.0,"gold_loss":0.0,"damage_taken":0.0,"cards_obtained":["Tempest"]}],"is_beta":false,"boss_relics":[{"not_picked":["Sozu","hubris:GrandSneckoEye"],"picked":"hubris:HollowSoul"}],"items_purged_floors":[4,12],"is_endless":false,"potions_floor_spawned":[2,5,8,11,16,20],"killed_by":"Slavers","ascension_level":5}