{"gold_per_floor":[111,111,111,111,2,2,2,26,49,49,85,99,99,129,129,255,255,269,294,66,91,91,127,127,167,191,191,212,212,11,11,11,134,134,148,148,172,53,53,88,88,113,138,34,69,82,82,103,103,103],"floor_reached":51,"playtime":2029,"items_purged":["Strike_B","Parasite","Strike_B"],"score":825,"play_id":"f8a6a159-7ec3-4d9f-8494-23e75b38c2df","local_time":"20190209165055","is_ascension_mode":true,"campfire_choices":[{"data":"Static Discharge","floor":6.0,"key":"SMITH"},{"data":"Zap","floor":13.0,"key":"SMITH"},{"data":"Barrage","floor":15.0,"key":"SMITH"},{"floor":24.0,"key":"REST"},{"floor":27.0,"key":"REST"},{"floor":32.0,"key":"REST"},{"data":"White Noise","floor":41,"key":"SMITH"},{"data":"Storm","floor":49,"key":"SMITH"}],"neow_cost":"TEN_PERCENT_HP_LOSS","seed_source_timestamp":1762752828493785,"circlet_count":0,"master_deck":["Strike_B+1","Defend_B+1","Defend_B","Defend_B","Zap+1","Dualcast","Leap","Static Discharge+1","FTL","Barrage+1","Coolheaded","Core Surge","White Noise+1","Glacier","Leap","Lockon","Storm","Conserve Battery","Storm+1","Fission+1","Loop","Leap","Jack Of All Trades","Defragment","Creative AI","Storm","Force Field","Self Repair","Stack+1","Loop","Electrodynamics"],"special_seed":0,"relics":["Cracked Core","Incense Burner","Golden Idol","Bag of Preparation","Bronze Scales","Blue Candle","Orrery","Orichalcum","Lantern","Smiling Mask","Nuclear Battery","Gremlin Horn","Regal Pillow","Darkstone Periapt"],"potions_floor_usage":[42,46,50],"damage_taken":[{"damage":1.0,"enemies":"Cultist","floor":1.0,"turns":3.0},{"damage":6.0,"enemies":"Small Slimes","floor":8.0,"turns":2.0},{"damage":19.0,"enemies":"Gremlin Nob","floor":11.0,"turns":3.0},{"damage":0.0,"enemies":"2 Louse","floor":12.0,"turns":2.0},{"damage":5.0,"enemies":"Hexaghost","floor":16.0,"turns":6.0},{"damage":9.0,"enemies":"2 Thieves","floor":18.0,"turns":4.0},{"damage":11.0,"enemies":"3 Byrds","floor":19.0,"turns":3.0},{"damage":1.0,"enemies":"Snake Plant","floor":21.0,"turns":4.0},{"damage":22.0,"enemies":"Gremlin Leader","floor":23.0,"turns":8.0},{"damage":29.0,"enemies":"Slavers","floor":25.0,"turns":5.0},{"damage":0.0,"enemies":"Snecko","floor":28.0,"turns":4.0},{"damage":7.0,"enemies":"Automaton","floor":33.0,"turns":10.0},{"damage":3.0,"enemies":"Orb Walker","floor":35.0,"turns":3.0},{"damage":9.0,"enemies":"3 Shapes","floor":37.0,"turns":4.0},{"damage":21,"enemies":"Reptomancer","floor":40,"turns":6},{"damage":4,"enemies":"Jaw Worm Horde","floor":42,"turns":4},{"damage":0,"enemies":"Giant Head","floor":45,"turns":6},{"damage":6,"enemies":"4 Shapes","floor":46,"turns":6},{"damage":0,"enemies":"Transient","floor":48,"turns":5},{"damage":11,"enemies":"Donu and Deca","floor":50,"turns":4}],"seed_played":"3519890414893116838","potions_obtained":[{"floor":8.0,"key":"FocusPotion"},{"floor":12.0,"key":"Explosive Potion"},{"floor":16.0,"key":"Poison Potion"},{"floor":19.0,"key":"Block Potion"},{"floor":25.0,"key":"PowerPotion"},{"floor":28.0,"key":"Ancient Potion"},{"floor":33.0,"key":"Dexterity Potion"},{"floor":40,"key":"FocusPotion"},{"floor":42,"key":"AttackPotion"},{"floor":48,"key":"GamblersBrew"}],"is_trial":false,"path_per_floor":["M","?","?","?","$","R","?","M","T","?","E","M","R","?","R","B",null,"M","M","$","M","?","E","R","E","T","R","M","?","$","?","R","B",null,"M","?","M","$","?","E","R","M","T","$","E","M","?","M","R","B",null],"character_chosen":"DEFECT","items_purchased":["Static Discharge","Storm","Fission","Defragment","EssenceOfSteel","Self Repair","FairyPotion"],"campfire_rested":3,"item_purchase_floors":[5,20,20,30,30,38,44],"current_hp_per_floor":[67,63,50,50,50,50,50,44,44,59,40,40,40,40,40,35,63,54,43,43,42,42,20,38,9,9,27,27,27,27,27,45,38,60,57,57,48,48,48,27,27,33,33,33,40,41,41,48,48,37],"gold":103,"neow_bonus":"ONE_RARE_RELIC","is_prod":false,"is_daily":false,"chose_seed":false,"campfire_upgraded":5,"win_rate":0,"timestamp":1549749055,"path_taken":["M","?","?","?","$","R","?","?","T","?","E","M","R","?","R","BOSS","M","M","$","M","?","E","R","E","T","R","?","?","?","?","R","BOSS","M","?","M","$","?","E","R","?","T","$","E","M","?","M","R","BOSS"],"build_version":"2019-02-06","purchased_purges":3,"victory":true,"max_hp_per_floor":[68,63,63,63,63,63,63,63,63,63,63,63,63,63,63,63,63,63,63,63,63,63,63,63,63,63,63,63,63,60,60,60,60,60,60,60,60,60,57,57,57,57,57,57,57,57,57,57,57,57],"card_choices":[{"not_picked":["Rebound","Skim"],"picked":"Leap","floor":1.0},{"not_picked":["Aggregate","Hello World"],"picked":"FTL","floor":8.0},{"not_picked":["Force Field","Rip and Tear"],"picked":"Barrage","floor":11.0},{"not_picked":["Stack","Compile Driver"],"picked":"Coolheaded","floor":12.0},{"not_picked":["Reboot","All For One"],"picked":"Core Surge","floor":16.0},{"not_picked":["Blizzard","Rebound"],"picked":"White Noise","floor":17.0},{"not_picked":["Static Discharge","Hologram"],"picked":"Glacier","floor":17.0},{"not_picked":["Stack","Steam Power"],"picked":"Leap","floor":17.0},{"not_picked":["Go for the Eyes","Double Energy"],"picked":"Lockon","floor":17.0},{"not_picked":["Chaos","Beam Cell+1"],"picked":"Storm","floor":18.0},{"not_picked":["Hologram","Stack+1"],"picked":"Conserve Battery","floor":19.0},{"not_picked":["Doom and Gloom+1","Cold Snap","Sweeping Beam"],"picked":"SKIP","floor":21.0},{"not_picked":["Auto Shields","Doom and Gloom"],"picked":"Loop","floor":23.0},{"not_picked":["Chill","Fusion+1","Blizzard+1"],"picked":"SKIP","floor":25.0},{"not_picked":["Blizzard","Consume"],"picked":"Leap","floor":28.0},{"not_picked":["Core Surge","Meteor Strike"],"picked":"Creative AI","floor":33.0},{"not_picked":["Gash+1","Turbo+1"],"picked":"Storm","floor":35.0},{"not_picked":["Stack+1","Beam Cell"],"picked":"Force Field","floor":37.0},{"not_picked":["Sweeping Beam+1","Sunder+1"],"picked":"Stack+1","floor":40},{"not_picked":["Sweeping Beam+1","Streamline","Gash+1"],"picked":"SKIP","floor":42},{"not_picked":["Gash+1","Stack","Cold Snap"],"picked":"SKIP","floor":45},{"not_picked":["Conserve Battery+1","Gash"],"picked":"Loop","floor":46},{"not_picked":["BootSequence+1","Hologram+1"],"picked":"Electrodynamics","floor":48}],"player_experience":652549,"relics_obtained":[{"floor":9.0,"key":"Bag of Preparation"},{"floor":11.0,"key":"Bronze Scales"},{"floor":23.0,"key":"Orichalcum"},{"floor":25.0,"key":"Lantern"},{"floor":26.0,"key":"Smiling Mask"},{"floor":40,"key":"Gremlin Horn"},{"floor":43,"key":"Regal Pillow"},{"floor":45,"key":"Darkstone Periapt"}],"event_choices":[{"damage_healed":0.0,"max_hp_gain":0.0,"max_hp_loss":5.0,"gold_gain":0.0,"event_name":"Golden Idol","player_choice":"Lose Max HP","floor":2.0,"gold_loss":0.0,"damage_taken":0.0,"relics_obtained":["Golden Idol"]},{"damage_healed":0.0,"max_hp_gain":0.0,"max_hp_loss":0.0,"gold_gain":0.0,"event_name":"Shining Light","player_choice":"Entered Light","floor":3.0,"gold_loss":0.0,"damage_taken":13.0,"cards_upgraded":["Strike_B","Defend_B"]},{"damage_healed":0.0,"max_hp_gain":0.0,"max_hp_loss":0.0,"gold_gain":0.0,"event_name":"The Cleric","player_choice":"Leave","floor":4.0,"gold_loss":0.0,"damage_taken":0.0},{"cards_removed":["Defend_B"],"damage_healed":0.0,"max_hp_gain":0.0,"max_hp_loss":0.0,"gold_gain":0.0,"event_name":"Purifier","player_choice":"Purged","floor":7.0,"gold_loss":0.0,"damage_taken":0.0},{"damage_healed":15.0,"max_hp_gain":0.0,"max_hp_loss":0.0,"gold_gain":0.0,"event_name":"Mushrooms","player_choice":"Healed and dodged fight","floor":10.0,"gold_loss":0.0,"damage_taken":0.0,"cards_obtained":["Parasite"]},{"damage_healed":0.0,"max_hp_gain":0.0,"max_hp_loss":0.0,"gold_gain":30.0,"event_name":"Dead Adventurer","player_choice":"Searched \u00272\u0027 times","floor":14.0,"gold_loss":0.0,"damage_taken":0.0,"relics_obtained":["Blue Candle"]},{"damage_healed":0.0,"max_hp_gain":0.0,"max_hp_loss":0.0,"gold_gain":0.0,"event_name":"Upgrade Shrine","player_choice":"Upgraded","floor":22.0,"gold_loss":0.0,"damage_taken":0.0,"cards_upgraded":["Fission"]},{"damage_healed":0.0,"max_hp_gain":0.0,"max_hp_loss":0.0,"gold_gain":0.0,"event_name":"Match and Keep!","player_choice":"1 cards matched","floor":29.0,"gold_loss":0.0,"damage_taken":0.0,"cards_obtained":["Jack Of All Trades"]},{"damage_healed":0.0,"max_hp_gain":0.0,"max_hp_loss":0.0,"gold_gain":0.0,"event_name":"Match and Keep!","player_choice":"1 cards matched","floor":29.0,"gold_loss":0.0,"damage_taken":0.0,"cards_obtained":["Jack Of All Trades"]},{"cards_removed":["Strike_B"],"damage_healed":0.0,"max_hp_gain":0.0,"max_hp_loss":0.0,"gold_gain":0.0,"event_name":"Back to Basics","player_choice":"Elegance","floor":31.0,"gold_loss":0.0,"damage_taken":0.0},{"damage_healed":0.0,"max_hp_gain":0.0,"max_hp_loss":0.0,"gold_gain":0.0,"event_name":"Tomb of Lord Red Mask","player_choice":"Ignored","floor":36.0,"gold_loss":0.0,"damage_taken":0.0},{"damage_healed":0.0,"max_hp_gain":0.0,"max_hp_loss":3.0,"gold_gain":0.0,"event_name":"Winding Halls","player_choice":"Max HP","floor":39.0,"gold_loss":0.0,"damage_taken":0.0},{"damage_healed":0,"gold_gain":0,"player_choice":"Ignored","damage_taken":0,"max_hp_gain":0,"max_hp_loss":0,"event_name":"The Moai Head","floor":47,"gold_loss":0}],"is_beta":true,"boss_relics":[{"not_picked":["Cursed Key","Sozu"],"picked":"Orrery"},{"not_picked":["Coffee Dripper","Snecko Eye"],"picked":"Nuclear Battery"}],"items_purged_floors":[5,30,38],"is_endless":false,"potions_floor_spawned":[8,12,16,19,25,28,33,40,42,48],"ascension_level":1}