{"gold_per_floor":[116,134,149,149,149,178,188,188],"floor_reached":8,"playtime":1166,"items_purged":[],"score":58,"play_id":"78f25143-458b-4b78-a24c-87789c141f91","local_time":"20190208233741","is_ascension_mode":false,"campfire_choices":[],"neow_cost":"NONE","seed_source_timestamp":107741932006543,"circlet_count":0,"master_deck":["Strike_R+1","Strike_R","Strike_R","Strike_R","Strike_R","Defend_R","Defend_R+1","Defend_R","Defend_R","Bash","Seeing Red","Metallicize","Flame Barrier","Headbutt"],"relics":["Burning Blood","Bag of Preparation"],"potions_floor_usage":[],"damage_taken":[{"damage":3,"enemies":"Cultist","floor":1,"turns":5},{"damage":11,"enemies":"Small Slimes","floor":2,"turns":3},{"damage":10,"enemies":"Jaw Worm","floor":3,"turns":4},{"damage":24,"enemies":"3 Sentries","floor":6,"turns":15},{"damage":24,"enemies":"Gremlin Gang","floor":7,"turns":5},{"damage":26,"enemies":"Gremlin Nob","floor":8,"turns":5}],"seed_played":"7182028722312869943","potions_obtained":[{"floor":1,"key":"EssenceOfSteel"},{"floor":3,"key":"SteroidPotion"},{"floor":7,"key":"Energy Potion"}],"is_trial":false,"path_per_floor":["M","M","M","?","?","E","M","E"],"character_chosen":"IRONCLAD","items_purchased":[],"campfire_rested":0,"item_purchase_floors":[],"current_hp_per_floor":[88,83,79,61,61,43,25,0],"gold":188,"neow_bonus":"TEN_PERCENT_HP_BONUS","is_prod":false,"is_daily":false,"chose_seed":false,"campfire_upgraded":0,"win_rate":0.0,"timestamp":1549665461,"path_taken":["M","M","M","?","?","E","M","E"],"build_version":"2019-01-23","purchased_purges":0,"victory":false,"max_hp_per_floor":[88,88,88,88,88,88,88,88],"card_choices":[{"not_picked":["Iron Wave","True Grit"],"picked":"Seeing Red","floor":1},{"not_picked":["Clash","Clothesline","True Grit"],"picked":"SKIP","floor":2},{"not_picked":["Fire Breathing","Flex"],"picked":"Metallicize","floor":3},{"not_picked":["Perfected Strike","Heavy Blade"],"picked":"Flame Barrier","floor":6},{"not_picked":["Pommel Strike","Sever Soul"],"picked":"Headbutt","floor":7}],"player_experience":89028,"relics_obtained":[{"floor":6,"key":"Bag of Preparation"}],"event_choices":[{"damage_healed":0,"gold_gain":0,"player_choice":"Entered Light","damage_taken":18,"max_hp_gain":0,"max_hp_loss":0,"event_name":"Shining Light","floor":4,"gold_loss":0,"cards_upgraded":["Strike_R","Defend_R"]},{"damage_healed":0,"gold_gain":0,"player_choice":"Ignored","damage_taken":0,"max_hp_gain":0,"max_hp_loss":0,"event_name":"NoteForYourself","floor":5,"gold_loss":0}],"is_beta":false,"boss_relics":[],"items_purged_floors":[],"is_endless":false,"potions_floor_spawned":[1,3,7],"killed_by":"Gremlin Nob","ascension_level":0}