{"gold_per_floor":[116,416,591,608,23,23,23,57,57,67,67,17,17],"floor_reached":13,"playtime":381,"items_purged":["Doubt"],"score":101,"play_id":"7d98c28e-f96c-45cd-955c-a6632f9a8863","local_time":"20190203220033","is_ascension_mode":true,"campfire_choices":[{"data":"Deadly Poison","floor":6,"key":"SMITH"}],"neow_cost":"NONE","seed_source_timestamp":1287630870983900,"circlet_count":0,"master_deck":["Defend_G","Defend_G","Defend_G","Defend_G","Defend_G","Strike_G","Strike_G","Strike_G","Strike_G","Survivor","Neutralize+1","Deadly Poison+1","Deadly Poison"],"relics":["Ring of the Snake","Bag of Preparation","Old Coin","Toolbox","Paper Crane","Shovel","Strawberry"],"potions_floor_usage":[13],"damage_taken":[{"damage":2,"enemies":"2 Louse","floor":1,"turns":3},{"damage":2,"enemies":"Small Slimes","floor":4,"turns":7},{"damage":40,"enemies":"3 Sentries","floor":8,"turns":13},{"damage":0,"enemies":"Cultist","floor":10,"turns":3},{"damage":29,"enemies":"Gremlin Nob","floor":13,"turns":3}],"seed_played":"-7865025777876410188","potions_obtained":[{"floor":4,"key":"Energy Potion"},{"floor":10,"key":"PowerPotion"}],"is_trial":false,"path_per_floor":["M","?","?","M","$","R","?","E","T","M","?","?","E"],"character_chosen":"THE_SILENT","items_purchased":["Toolbox","Paper Crane","Deadly Poison"],"campfire_rested":0,"item_purchase_floors":[5,5,5],"current_hp_per_floor":[68,56,56,54,54,54,54,14,21,21,26,26,0],"gold":17,"neow_bonus":"RANDOM_COMMON_RELIC","is_prod":false,"is_daily":false,"chose_seed":false,"campfire_upgraded":1,"win_rate":0,"timestamp":1549227633,"path_taken":["M","?","?","M","$","R","?","E","T","?","?","?","E"],"build_version":"2019-01-23","purchased_purges":1,"victory":false,"max_hp_per_floor":[70,70,70,70,70,70,70,70,77,77,82,82,82],"card_choices":[{"not_picked":["Dagger Throw","Dagger Spray","Dodge and Roll"],"picked":"SKIP","floor":1},{"not_picked":["Outmaneuver","Quick Slash","Underhanded Strike"],"picked":"SKIP","floor":4},{"not_picked":["Unload","Dagger Throw","Dagger Spray"],"picked":"SKIP","floor":8},{"not_picked":["Bane","Deflect"],"picked":"Deadly Poison","floor":10}],"player_experience":856934,"relics_obtained":[{"floor":8,"key":"Shovel"},{"floor":9,"key":"Strawberry"}],"event_choices":[{"damage_healed":0,"gold_gain":0,"player_choice":"Success","damage_taken":12,"relics_obtained":["Old Coin"],"max_hp_gain":0,"max_hp_loss":0,"event_name":"Scrap Ooze","floor":2,"gold_loss":0},{"damage_healed":0,"gold_gain":175,"player_choice":"AGREE","damage_taken":0,"max_hp_gain":0,"max_hp_loss":0,"event_name":"Liars Game","floor":3,"gold_loss":0,"cards_obtained":["Doubt"]},{"damage_healed":0,"gold_gain":0,"player_choice":"Upgraded","damage_taken":0,"max_hp_gain":0,"max_hp_loss":0,"event_name":"Upgrade Shrine","floor":7,"gold_loss":0,"cards_upgraded":["Neutralize"]},{"damage_healed":0,"gold_gain":0,"player_choice":"Donut","damage_taken":0,"max_hp_gain":5,"max_hp_loss":0,"event_name":"Big Fish","floor":11,"gold_loss":0},{"cards_removed":["Strike_G"],"damage_healed":0,"gold_gain":0,"player_choice":"Card Removal","damage_taken":0,"max_hp_gain":0,"max_hp_loss":0,"event_name":"The Cleric","floor":12,"gold_loss":50}],"is_beta":false,"boss_relics":[],"items_purged_floors":[5],"is_endless":false,"potions_floor_spawned":[4,10],"killed_by":"Gremlin Nob","ascension_level":5}