{"gold_per_floor":[115,134,55,71,89,89,116,137,137,148,148,162,194,164],"floor_reached":14,"playtime":888,"items_purged":[],"score":191,"play_id":"9bec6756-afb6-4b2f-aa00-bd2557b7e32e","local_time":"20190104204323","is_ascension_mode":true,"campfire_choices":[{"data":"Defragment","floor":6,"key":"SMITH"},{"data":"Defragment","floor":11,"key":"SMITH"}],"neow_cost":"NONE","seed_source_timestamp":1376177998059579,"circlet_count":0,"master_deck":["AscendersBane","Strike_B","Strike_B","Strike_B","Strike_B","Defend_B","Defend_B","Defend_B","Defend_B","Zap","Dualcast","Ball Lightning","Go for the Eyes","Defragment+1","Sweeping Beam","Skim","Coolheaded","Glacier","Cold Snap","Defragment+1","Reinforced Body","Beam Cell"],"relics":["Coffee Dripper","Ancient Tea Set","Odd Mushroom","Dodecahedron","Mummified Hand"],"potions_floor_usage":[5,7,7,13],"damage_taken":[{"damage":0,"enemies":"Cultist","floor":1,"turns":4},{"damage":2,"enemies":"Jaw Worm","floor":2,"turns":3},{"damage":9,"enemies":"2 Louse","floor":4,"turns":2},{"damage":14,"enemies":"2 Fungi Beasts","floor":5,"turns":3},{"damage":19,"enemies":"Lagavulin","floor":7,"turns":5},{"damage":4,"enemies":"The Mushroom Lair","floor":8,"turns":4},{"damage":11,"enemies":"Lots of Slimes","floor":10,"turns":5},{"damage":4,"enemies":"3 Louse","floor":12,"turns":2},{"damage":0,"enemies":"Gremlin Nob","floor":13,"turns":4},{"damage":6,"enemies":"Looter","floor":14,"turns":2}],"seed_played":"-6130600774385159516","potions_obtained":[{"floor":1,"key":"Poison Potion"},{"floor":2,"key":"PowerPotion"},{"floor":5,"key":"Ancient Potion"},{"floor":10,"key":"FocusPotion"}],"is_trial":false,"path_per_floor":["M","M","$","M","M","R","E","?","T","M","R","M","E","M"],"character_chosen":"DEFECT","items_purchased":["Defragment","Sweeping Beam"],"campfire_rested":0,"item_purchase_floors":[3,3],"current_hp_per_floor":[68,66,66,57,43,43,24,20,20,9,9,5,5,0],"gold":164,"neow_bonus":"BOSS_RELIC","is_prod":false,"is_daily":false,"chose_seed":false,"campfire_upgraded":2,"win_rate":0,"timestamp":1546634603,"path_taken":["M","M","$","?","M","R","E","?","T","M","R","M","E","M"],"build_version":"2019-01-03v3","purchased_purges":0,"victory":false,"max_hp_per_floor":[75,75,75,75,75,75,75,75,75,75,75,75,75,75],"card_choices":[{"not_picked":["Darkness","Conserve Battery"],"picked":"Ball Lightning","floor":1},{"not_picked":["Conserve Battery","Hello World"],"picked":"Go for the Eyes","floor":2},{"not_picked":["Chill","BootSequence"],"picked":"Skim","floor":4},{"not_picked":["Sweeping Beam","Steam"],"picked":"Coolheaded","floor":5},{"not_picked":["Turbo","Storm"],"picked":"Glacier","floor":7},{"not_picked":["White Noise","Steam"],"picked":"Cold Snap","floor":8},{"not_picked":["Coolheaded","Stack"],"picked":"Defragment","floor":10},{"not_picked":["Fission","FTL"],"picked":"Reinforced Body","floor":12},{"not_picked":["Leap","Barrage"],"picked":"Beam Cell","floor":13}],"player_experience":1128596,"relics_obtained":[{"floor":7,"key":"Ancient Tea Set"},{"floor":8,"key":"Odd Mushroom"},{"floor":9,"key":"Dodecahedron"},{"floor":13,"key":"Mummified Hand"}],"event_choices":[{"damage_healed":0,"gold_gain":0,"player_choice":"Fought Mushrooms","damage_taken":0,"max_hp_gain":0,"max_hp_loss":0,"event_name":"Mushrooms","floor":8,"gold_loss":0}],"is_beta":false,"boss_relics":[],"items_purged_floors":[],"is_endless":false,"potions_floor_spawned":[1,2,5,10],"killed_by":"Looter","ascension_level":10}