{"gold_per_floor":[109,109,109,126,146,146,164,184,257,277,277,277,277,46,46,147,147,161,161,174,174,189,189,289,289,289,301,313,325,348,380,392,503,515,543,555,667,694,718,755,782,1,80,80,80,97,116,116,116,116],"floor_reached":51,"playtime":2704,"items_purged":["Strike_B","Defend_B"],"score":787,"play_id":"2be3fbfb-b4a1-49f1-8edf-d7e6ca55e336","local_time":"20181218031911","is_ascension_mode":true,"campfire_choices":[{"floor":6,"key":"RECALL"},{"data":"White Noise","floor":13,"key":"SMITH"},{"data":"Go for the Eyes","floor":15,"key":"SMITH"},{"data":"Glacier","floor":23,"key":"SMITH"},{"data":"Leap","floor":25,"key":"SMITH"},{"data":"Sunder","floor":27,"key":"SMITH"},{"data":"Dualcast","floor":32,"key":"SMITH"},{"data":"Buffer","floor":45,"key":"SMITH"},{"data":"Seek","floor":49,"key":"SMITH"}],"neow_cost":"NONE","seed_source_timestamp":215550673691968,"circlet_count":0,"master_deck":["Strike_B","Defend_B","Zap+1","Dualcast+1","Sunder+1","Go for the Eyes+1","White Noise+1","Glacier+1","FTL","Electrodynamics","Ball Lightning","Ball Lightning","Leap+1","Conserve Battery","Capacitor+1","Seek+1","Hologram+1","Buffer+1","Normality","Leap+1"],"relics":["Coffee Dripper","Kunai","WingedGreaves","PreservedInsect","Empty Cage","Enchiridion","MutagenicStrength","Pocketwatch","The Courier","MawBank","Cursed Key","Vajra","Mummified Hand","Bronze Scales","Medical Kit","Centennial Puzzle","Toxic Egg 2"],"potions_floor_usage":[7,16,39,40,46,50,50],"damage_taken":[{"damage":0,"enemies":"Jaw Worm","floor":1,"turns":3},{"damage":0,"enemies":"Small Slimes","floor":4,"turns":3},{"damage":0,"enemies":"Cultist","floor":5,"turns":3},{"damage":15,"enemies":"Gremlin Gang","floor":7,"turns":7},{"damage":10,"enemies":"Large Slime","floor":8,"turns":5},{"damage":0,"enemies":"2 Fungi Beasts","floor":10,"turns":3},{"damage":24,"enemies":"Hexaghost","floor":16,"turns":13},{"damage":19,"enemies":"2 Thieves","floor":18,"turns":4},{"damage":6,"enemies":"Spheric Guardian","floor":20,"turns":3},{"damage":6,"enemies":"Cultist and Chosen","floor":22,"turns":3},{"damage":2,"enemies":"Colosseum Slavers","floor":24,"turns":3},{"damage":0,"enemies":"Colosseum Nobs","floor":24,"turns":2},{"damage":0,"enemies":"Sentry and Sphere","floor":30,"turns":4},{"damage":0,"enemies":"Snake Plant","floor":31,"turns":4},{"damage":6,"enemies":"Champ","floor":33,"turns":11},{"damage":17,"enemies":"3 Darklings","floor":35,"turns":3},{"damage":0,"enemies":"3 Shapes","floor":38,"turns":2},{"damage":11,"enemies":"3 Darklings","floor":39,"turns":4},{"damage":20,"enemies":"Giant Head","floor":40,"turns":7},{"damage":0,"enemies":"Transient","floor":41,"turns":5},{"damage":8,"enemies":"Maw","floor":46,"turns":6},{"damage":16,"enemies":"Jaw Worm Horde","floor":47,"turns":3},{"damage":34,"enemies":"Awakened One","floor":50,"turns":19}],"seed_played":"4696208541763587052","potions_obtained":[{"floor":5,"key":"Regen Potion"},{"floor":8,"key":"EssenceOfSteel"},{"floor":10,"key":"Fruit Juice"},{"floor":18,"key":"Weak Potion"},{"floor":20,"key":"Block Potion"},{"floor":40,"key":"Regen Potion"},{"floor":41,"key":"FairyPotion"},{"floor":47,"key":"Poison Potion"}],"is_trial":false,"path_per_floor":["M","?","?","M","M","R","M","M","T","M","?","?","R","$","R","B",null,"M","?","M","?","M","R","?","R","T","R","?","?","M","M","R","B",null,"M","?","?","M","M","E","M","$","T","?","R","M","M","?","R","B",null],"character_chosen":"DEFECT","items_purchased":["PreservedInsect","Mummified Hand","Bronze Scales","Buffer","Medical Kit","Centennial Puzzle"],"campfire_rested":0,"item_purchase_floors":[14,42,42,42,42,42],"current_hp_per_floor":[75,75,75,75,75,75,75,65,65,65,47,72,72,72,72,53,80,61,45,39,39,33,33,31,31,31,31,31,31,31,31,31,25,80,63,63,63,63,52,32,32,32,32,70,70,70,54,54,54,20],"gold":116,"neow_bonus":"BOSS_RELIC","is_prod":false,"is_daily":false,"chose_seed":false,"campfire_upgraded":8,"win_rate":0,"timestamp":1545124751,"path_taken":["M","?","?","M","?","R","M","?","T","M","?","?","R","$","R","BOSS","M","?","M","?","M","R","?","R","T","R","?","?","?","M","R","BOSS","M","?","?","M","M","E","?","$","T","?","R","M","M","?","R","BOSS"],"build_version":"2018-12-13","purchased_purges":2,"victory":true,"max_hp_per_floor":[75,75,75,75,75,75,75,75,75,75,75,75,75,75,75,80,80,80,80,80,80,80,80,80,80,80,80,80,80,80,80,80,80,80,80,80,80,80,80,80,80,80,80,70,70,70,70,70,70,70],"card_choices":[{"not_picked":["Sweeping Beam","Static Discharge"],"picked":"Sunder","floor":1},{"not_picked":["Rip and Tear","Gash"],"picked":"Go for the Eyes","floor":4},{"not_picked":["Stack","Skim"],"picked":"White Noise","floor":5},{"not_picked":["Go for the Eyes","Steam"],"picked":"Glacier","floor":7},{"not_picked":["Tempest","Chill"],"picked":"FTL","floor":8},{"not_picked":["Skim","Gash","Scrape"],"picked":"SKIP","floor":10},{"not_picked":["Fission","Rainbow"],"picked":"Electrodynamics","floor":16},{"not_picked":["Rebound","Consume+1"],"picked":"Ball Lightning","floor":18},{"not_picked":["Turbo+1","Scrape"],"picked":"Ball Lightning","floor":20},{"not_picked":["Beam Cell","Ball Lightning+1"],"picked":"Leap","floor":22},{"not_picked":["Hologram","Beam Cell"],"picked":"Conserve Battery","floor":30},{"not_picked":["Sweeping Beam","Gash"],"picked":"Capacitor+1","floor":31},{"not_picked":["Machine Learning","Fission"],"picked":"Seek","floor":33},{"not_picked":["Sweeping Beam","Steam Power","Ball Lightning+1"],"picked":"SKIP","floor":35},{"not_picked":["Sweeping Beam+1","Fusion","Rebound"],"picked":"SKIP","floor":38},{"not_picked":["Hello World","Redo+1","Fusion+1"],"picked":"SKIP","floor":39},{"not_picked":["Stack+1","Multi-Cast"],"picked":"Hologram+1","floor":40},{"not_picked":["Cold Snap+1","Steam Power+1","Beam Cell"],"picked":"SKIP","floor":41},{"not_picked":["Ball Lightning+1","Rebound","Skim+1"],"picked":"SKIP","floor":46},{"not_picked":["Gash+1","Streamline"],"picked":"Leap+1","floor":47}],"player_experience":65208,"relics_obtained":[{"floor":9,"key":"Kunai"},{"floor":19,"key":"Enchiridion"},{"floor":24,"key":"Pocketwatch"},{"floor":24,"key":"The Courier"},{"floor":26,"key":"MawBank"},{"floor":40,"key":"Vajra"},{"floor":43,"key":"Toxic Egg 2"}],"event_choices":[{"cards_removed":["Strike_B"],"damage_healed":0,"gold_gain":0,"player_choice":"Forget","damage_taken":0,"max_hp_gain":0,"max_hp_loss":0,"event_name":"Living Wall","floor":2,"gold_loss":0},{"damage_healed":0,"gold_gain":0,"player_choice":"Upgraded","damage_taken":0,"max_hp_gain":0,"max_hp_loss":0,"event_name":"Upgrade Shrine","floor":3,"gold_loss":0,"cards_upgraded":["Zap"]},{"damage_healed":0,"gold_gain":0,"player_choice":"Success","damage_taken":18,"relics_obtained":["WingedGreaves"],"max_hp_gain":0,"max_hp_loss":0,"event_name":"Scrap Ooze","floor":11,"gold_loss":0},{"damage_healed":25,"gold_gain":0,"player_choice":"Banana","damage_taken":0,"max_hp_gain":0,"max_hp_loss":0,"event_name":"Big Fish","floor":12,"gold_loss":0},{"damage_healed":0,"gold_gain":0,"player_choice":"Obtained Book","damage_taken":16,"max_hp_gain":0,"max_hp_loss":0,"event_name":"Cursed Tome","floor":19,"gold_loss":0},{"damage_healed":0,"gold_gain":0,"player_choice":"Inject Mutagens","damage_taken":0,"relics_obtained":["MutagenicStrength"],"max_hp_gain":0,"max_hp_loss":0,"event_name":"Drug Dealer","floor":21,"gold_loss":0},{"damage_healed":0,"gold_gain":0,"player_choice":"Fight","damage_taken":0,"max_hp_gain":0,"max_hp_loss":0,"event_name":"Colosseum","floor":24,"gold_loss":0},{"damage_healed":0,"gold_gain":0,"player_choice":"Fought Nobs","damage_taken":0,"max_hp_gain":0,"max_hp_loss":0,"event_name":"Colosseum","floor":24,"gold_loss":0},{"damage_healed":0,"gold_gain":0,"player_choice":"Ignored","damage_taken":0,"max_hp_gain":0,"max_hp_loss":0,"event_name":"The Mausoleum","floor":28,"gold_loss":0},{"damage_healed":0,"gold_gain":0,"player_choice":"Ignored","damage_taken":0,"max_hp_gain":0,"max_hp_loss":0,"event_name":"Vampires","floor":29,"gold_loss":0},{"cards_removed":["Defend_B"],"damage_healed":0,"gold_gain":0,"player_choice":"Removed Skill","damage_taken":0,"max_hp_gain":0,"max_hp_loss":0,"event_name":"Falling","floor":36,"gold_loss":0},{"damage_healed":0,"gold_gain":100,"player_choice":"Pray","damage_taken":0,"max_hp_gain":0,"max_hp_loss":0,"event_name":"Golden Shrine","floor":37,"gold_loss":0},{"damage_healed":70,"gold_gain":0,"player_choice":"Heal","damage_taken":0,"max_hp_gain":0,"max_hp_loss":10,"event_name":"The Moai Head","floor":44,"gold_loss":0},{"damage_healed":0,"gold_gain":0,"player_choice":"Ignored","damage_taken":0,"max_hp_gain":0,"max_hp_loss":0,"event_name":"Mysterious Sphere","floor":48,"gold_loss":0}],"is_beta":false,"boss_relics":[{"not_picked":["White Beast Statue","Nuclear Battery"],"picked":"Empty Cage"},{"not_picked":["Inserter","Velvet Choker"],"picked":"Cursed Key"}],"items_purged_floors":[14,42],"is_endless":false,"potions_floor_spawned":[5,8,10,18,20,30,35,40,41,47],"ascension_level":3}