{"gold_per_floor":[111,14,33,53,53,53,86,86,162,176,176,206,206,218,218,313,313,330,330,92,92,32],"floor_reached":22,"playtime":1197,"items_purged":["Strike_B"],"score":310,"play_id":"09d75e89-050c-42a0-b38c-b105cd3b055a","local_time":"20190109220745","is_ascension_mode":true,"campfire_choices":[{"floor":6,"key":"REST"},{"floor":8,"key":"REST"},{"floor":11,"key":"REST"},{"floor":15,"key":"REST"}],"neow_cost":"NONE","seed_source_timestamp":40832426751959,"circlet_count":0,"master_deck":["AscendersBane","Strike_B","Strike_B","Strike_B","Defend_B","Defend_B","Defend_B","Defend_B","Zap","Dualcast","White Noise","Tempest","Beam Cell","Coolheaded","Capacitor","Barrage","Beam Cell","Echo Form","Defragment","Biased Cognition","Necronomicurse","All For One"],"relics":["Lizard Tail","Bag of Marbles","Darkstone Periapt","Regal Pillow","Snecko Eye","Necronomicon"],"potions_floor_usage":[13,16],"damage_taken":[{"damage":4,"enemies":"Small Slimes","floor":1,"turns":4},{"damage":10,"enemies":"Cultist","floor":3,"turns":4},{"damage":6,"enemies":"2 Louse","floor":4,"turns":3},{"damage":25,"enemies":"3 Sentries","floor":7,"turns":3},{"damage":49,"enemies":"Exordium Thugs","floor":10,"turns":5},{"damage":31,"enemies":"Lagavulin","floor":12,"turns":6},{"damage":0,"enemies":"Looter","floor":13,"turns":1},{"damage":19,"enemies":"Blue Slaver","floor":14,"turns":5},{"damage":37,"enemies":"Hexaghost","floor":16,"turns":11},{"damage":41,"enemies":"Shell Parasite","floor":18,"turns":5},{"damage":21,"enemies":"2 Thieves","floor":22,"turns":3}],"seed_played":"8618470713139298249","potions_obtained":[{"floor":7,"key":"SmokeBomb"},{"floor":14,"key":"SpeedPotion"},{"floor":16,"key":"Poison Potion"}],"is_trial":false,"path_per_floor":["M","$","M","M","$","R","E","R","T","M","R","E","M","M","R","B",null,"M","?","$","?","M"],"character_chosen":"DEFECT","items_purchased":["Tempest","Beam Cell","All For One"],"campfire_rested":4,"item_purchase_floors":[2,2,20],"current_hp_per_floor":[64,64,54,48,48,70,45,67,67,18,40,9,9,29,66,29,64,23,13,13,13,0],"gold":32,"neow_bonus":"BOSS_RELIC","is_prod":false,"is_daily":false,"chose_seed":false,"campfire_upgraded":0,"win_rate":0,"timestamp":1547071665,"path_taken":["M","$","M","M","$","R","E","R","T","M","R","E","M","M","R","BOSS","M","?","$","?","M"],"build_version":"2019-01-03v4","purchased_purges":1,"victory":false,"max_hp_per_floor":[75,75,75,75,75,75,75,75,75,75,75,75,75,75,75,75,75,75,81,81,81,81],"card_choices":[{"not_picked":["Leap","Hologram"],"picked":"White Noise","floor":1},{"not_picked":["Go for the Eyes","Darkness"],"picked":"Coolheaded","floor":3},{"not_picked":["Barrage","Darkness"],"picked":"Capacitor","floor":4},{"not_picked":["Darkness","Rip and Tear"],"picked":"Barrage","floor":7},{"not_picked":["Reinforced Body","Steam"],"picked":"Beam Cell","floor":10},{"not_picked":["Fission","Go for the Eyes"],"picked":"Echo Form","floor":12},{"not_picked":["Scrape","Capacitor"],"picked":"Defragment","floor":14},{"not_picked":["Reboot","Buffer"],"picked":"Biased Cognition","floor":16},{"not_picked":["Redo","Conserve Battery","Steam"],"picked":"SKIP","floor":18}],"player_experience":1167343,"relics_obtained":[{"floor":7,"key":"Bag of Marbles"},{"floor":9,"key":"Darkstone Periapt"},{"floor":12,"key":"Regal Pillow"},{"floor":19,"key":"Necronomicon"}],"event_choices":[{"damage_healed":0,"gold_gain":0,"player_choice":"Obtained Book","damage_taken":16,"max_hp_gain":0,"max_hp_loss":0,"event_name":"Cursed Tome","floor":19,"gold_loss":0},{"damage_healed":0,"gold_gain":0,"player_choice":"Ignored","damage_taken":0,"max_hp_gain":0,"max_hp_loss":0,"event_name":"N\u0027loth","floor":21,"gold_loss":0}],"is_beta":false,"boss_relics":[{"not_picked":["Fusion Hammer","Ectoplasm"],"picked":"Snecko Eye"}],"items_purged_floors":[20],"is_endless":false,"potions_floor_spawned":[7,14,16],"killed_by":"2 Thieves","ascension_level":12}