{"gold_per_floor":[118,68,82,100,200,235,235,235,261,280,280,292,304,324,324,421,421,434,434,100,118,135,135,147,70,70,70,70,70,101,120,120,215,215,227,127,139,149,24,24,37,37,60,79,95,95,95,112,112,112],"floor_reached":50,"playtime":4954,"items_purged":["Strike_R","Parasite","Strike_R"],"score":468,"play_id":"06b6aeb3-b089-4e28-841a-7d2241f4b09b","local_time":"20180627032725","is_ascension_mode":false,"campfire_choices":[{"floor":8,"key":"REST"},{"data":"Whirlwind","floor":15,"key":"SMITH"},{"floor":23,"key":"REST"},{"floor":28,"key":"REST"},{"floor":32,"key":"REST"},{"floor":40,"key":"REST"},{"floor":42,"key":"REST"},{"floor":46,"key":"REST"},{"floor":49,"key":"REST"}],"neow_cost":"","seed_source_timestamp":25995401083930,"circlet_count":0,"master_deck":["Strike_R","Strike_R","Defend_R","Defend_R","Defend_R","Defend_R","Bash","Thunderclap","Searing Blow","Anger","Whirlwind+1","Rampage","Bash","Battle Trance","Pommel Strike","Pommel Strike","Demon Form","Shrug It Off","Cleave+1","J.A.X.","Battle Trance","Fiend Fire","Shrug It Off","Corruption+1","Cleave","Cleave+1","Burning Pact+1","Battle Trance+1","Shrug It Off+1","Headbutt+1","Pummel+1","Warcry+1"],"relics":["Burning Blood","Bag of Marbles","Dream Catcher","White Beast Statue","Ice Cream","Meat on the Bone","Red Skull","Oddly Smooth Stone","Sundial","Lizard Tail","Happy Flower"],"potions_floor_usage":[6,6,16,18,21,22,24,30,31,33,33,38,44,44,45,50,50,50],"damage_taken":[{"damage":4,"enemies":"Small Slimes","floor":1,"turns":5},{"damage":6,"enemies":"Jaw Worm","floor":3,"turns":3},{"damage":0,"enemies":"2 Louse","floor":4,"turns":2},{"damage":50,"enemies":"Lagavulin","floor":6,"turns":7},{"damage":10,"enemies":"Looter","floor":10,"turns":2},{"damage":16,"enemies":"Lots of Slimes","floor":12,"turns":3},{"damage":7,"enemies":"Exordium Wildlife","floor":13,"turns":3},{"damage":0,"enemies":"3 Louse","floor":14,"turns":1},{"damage":77,"enemies":"The Guardian","floor":16,"turns":11},{"damage":50,"enemies":"Spheric Guardian","floor":18,"turns":6},{"damage":20,"enemies":"2 Thieves","floor":21,"turns":3},{"damage":23,"enemies":"Centurion and Healer","floor":22,"turns":4},{"damage":55,"enemies":"Snake Plant","floor":24,"turns":5},{"damage":46,"enemies":"Slavers","floor":30,"turns":4},{"damage":0,"enemies":"Cultist and Chosen","floor":31,"turns":4},{"damage":51,"enemies":"Champ","floor":33,"turns":9},{"damage":30,"enemies":"Orb Walker","floor":35,"turns":3},{"damage":45,"enemies":"3 Darklings","floor":37,"turns":4},{"damage":56,"enemies":"Maw","floor":38,"turns":7},{"damage":16,"enemies":"4 Shapes","floor":41,"turns":2},{"damage":39,"enemies":"3 Darklings","floor":44,"turns":3},{"damage":17,"enemies":"Sphere and 2 Shapes","floor":45,"turns":3},{"damage":56,"enemies":"Maw","floor":48,"turns":7},{"damage":62,"enemies":"Awakened One","floor":50,"turns":5}],"seed_played":"-7125491852937558525","potions_obtained":[{"floor":3,"key":"EntropicBrew"},{"floor":4,"key":"SpeedPotion"},{"floor":14,"key":"AttackPotion"},{"floor":16,"key":"EssenceOfSteel"},{"floor":18,"key":"Block Potion"},{"floor":21,"key":"Weak Potion"},{"floor":22,"key":"Poison Potion"},{"floor":24,"key":"Poison Potion"},{"floor":30,"key":"GamblersBrew"},{"floor":31,"key":"Poison Potion"},{"floor":33,"key":"AttackPotion"},{"floor":35,"key":"PowerPotion"},{"floor":37,"key":"Fire Potion"},{"floor":38,"key":"Block Potion"},{"floor":41,"key":"Fire Potion"},{"floor":44,"key":"Explosive Potion"},{"floor":45,"key":"Fire Potion"},{"floor":48,"key":"Weak Potion"}],"is_trial":false,"path_per_floor":["M","?","M","M","?","E","?","R","T","M","?","M","M","M","R","B",null,"M","?","$","M","M","R","M","?","T","$","R","T","E","M","R","B",null,"M","$","M","M","$","R","M","R","T","M","M","R","?","M","R"],"character_chosen":"IRONCLAD","items_purchased":["Meat on the Bone"],"campfire_rested":8,"item_purchase_floors":[20],"current_hp_per_floor":[80,80,80,80,80,36,56,80,80,76,76,66,65,71,71,15,80,36,36,36,34,29,53,24,24,24,24,48,48,20,38,62,29,80,56,56,29,32,32,55,45,68,68,47,48,71,71,33,56,0],"gold":112,"neow_bonus":"","is_prod":false,"is_daily":false,"chose_seed":false,"campfire_upgraded":1,"win_rate":0.0,"timestamp":1530037645,"path_taken":["M","?","M","M","?","E","?","R","T","M","?","M","M","?","R","BOSS","M","?","$","?","M","R","M","?","T","$","R","?","E","M","R","BOSS","M","$","M","M","$","R","M","R","T","M","M","R","?","?","R","BOSS"],"build_version":"2018-06-21v2","purchased_purges":3,"victory":false,"max_hp_per_floor":[80,80,80,80,80,80,80,80,80,80,80,80,80,80,80,80,80,80,80,80,80,80,80,80,80,80,80,80,80,80,80,80,80,80,80,77,77,77,77,77,77,77,77,77,77,77,77,77,77,77],"card_choices":[{"not_picked":["Perfected Strike","Second Wind"],"picked":"Thunderclap","floor":1},{"not_picked":["Burning Pact","Fire Breathing"],"picked":"Searing Blow","floor":3},{"not_picked":["Armaments","Headbutt"],"picked":"Anger","floor":4},{"not_picked":["Pummel","Reaper"],"picked":"Whirlwind","floor":6},{"not_picked":["Warcry","Dropkick"],"picked":"Rampage","floor":10},{"not_picked":["Pommel Strike","Searing Blow"],"picked":"Battle Trance","floor":12},{"not_picked":["Shrug It Off","Twin Strike"],"picked":"Pommel Strike","floor":13},{"not_picked":["Body Slam","Thunderclap"],"picked":"Pommel Strike","floor":14},{"not_picked":["Double Tap","Feed"],"picked":"Demon Form","floor":16},{"not_picked":["Corruption+1","Thunderclap","Clash"],"picked":"SKIP","floor":18},{"not_picked":["Intimidate","Sword Boomerang","Rupture+1"],"picked":"SKIP","floor":21},{"not_picked":["Reckless Charge+1","Reaper"],"picked":"Shrug It Off","floor":22},{"not_picked":["True Grit","Flex"],"picked":"Cleave+1","floor":24},{"not_picked":["Clothesline","Body Slam+1"],"picked":"Pommel Strike","floor":28},{"not_picked":["Bloodletting","Shockwave"],"picked":"Battle Trance","floor":30},{"not_picked":["Metallicize","Warcry","Disarm"],"picked":"SKIP","floor":31},{"not_picked":["Barricade","Juggernaut"],"picked":"Fiend Fire","floor":33},{"not_picked":["Clash","Intimidate+1"],"picked":"Shrug It Off","floor":35},{"not_picked":["Sever Soul","True Grit+1"],"picked":"Corruption+1","floor":37},{"not_picked":["Pummel+1","True Grit+1"],"picked":"Cleave","floor":38},{"not_picked":["Flex","Dual Wield"],"picked":"Cleave+1","floor":40},{"not_picked":["Bloodletting","Thunderclap"],"picked":"Burning Pact+1","floor":41},{"not_picked":["Pommel Strike+1","Twin Strike+1"],"picked":"Battle Trance+1","floor":42},{"not_picked":["Anger","Clash"],"picked":"Shrug It Off+1","floor":44},{"not_picked":["Anger+1","Twin Strike+1","Ghostly Armor"],"picked":"SKIP","floor":45},{"not_picked":["Thunderclap+1","Dual Wield+1"],"picked":"Headbutt+1","floor":46},{"not_picked":["Feed","Perfected Strike+1"],"picked":"Pummel+1","floor":48},{"not_picked":["Thunderclap","Iron Wave+1"],"picked":"Warcry+1","floor":49}],"player_experience":0,"relics_obtained":[{"floor":6,"key":"Bag of Marbles"},{"floor":9,"key":"Dream Catcher"},{"floor":26,"key":"Red Skull"},{"floor":29,"key":"Oddly Smooth Stone"},{"floor":30,"key":"Sundial"},{"floor":43,"key":"Happy Flower"}],"event_choices":[{"event_name":"The Cleric","player_choice":"Card Removal","floor":2,"damage_taken":0},{"event_name":"Golden Shrine","player_choice":"Pray","floor":5,"damage_taken":0},{"event_name":"Mushrooms","player_choice":"Healed and dodged fight","floor":7,"damage_taken":0},{"event_name":"Match and Keep!","player_choice":"1 cards matched","floor":11,"damage_taken":0},{"event_name":"Wheel of Change","player_choice":"Relic","floor":19,"damage_taken":0},{"event_name":"Drug Dealer","player_choice":"Got JAXXED","floor":25,"damage_taken":0},{"event_name":"Falling","player_choice":"Removed Attack","floor":47,"damage_taken":0}],"boss_relics":[{"not_picked":["Snecko Eye","Ectoplasm"],"picked":"White Beast Statue"},{"not_picked":["Tiny House","Coffee Dripper"],"picked":"Lizard Tail"}],"items_purged_floors":[20,36,39],"is_endless":false,"potions_floor_spawned":[3,4,13,14,16,18,21,22,24,30,31,33,35,37,38,41,44,45,48],"killed_by":"Awakened One","ascension_level":0}