{"gold_per_floor":[20,38,51,65,80,80,108,108,132,132,132,132,151,165,165,262,562,577,577,593,593,593,593,593],"floor_reached":24,"playtime":790,"items_purged":[],"score":348,"play_id":"16e654ba-c989-4ec5-81e4-36d681aa4451","local_time":"20190210014919","is_ascension_mode":false,"campfire_choices":[{"data":"Zap","floor":6,"key":"SMITH"},{"data":"Fission","floor":8,"key":"SMITH"},{"data":"Dualcast","floor":10,"key":"SMITH"},{"floor":12,"key":"DIG"},{"floor":15,"key":"DIG"},{"floor":23,"key":"DIG"}],"neow_cost":"NO_GOLD","seed_source_timestamp":6960601265216,"circlet_count":0,"master_deck":["Strike_B+1","Strike_B+1","Strike_B+1","Strike_B+1","Defend_B+1","Defend_B+1","Defend_B+1","Defend_B+1","Zap+1","Dualcast+1","Fission+1","Auto Shields","Compile Driver","Biased Cognition","Cold Snap","Ball Lightning","Compile Driver","Creative AI","Parasite","Pain","Pain","BootSequence+1","Necronomicurse","Hello World","Shame"],"relics":["Cracked Core","Shovel","Strawberry","Dream Catcher","Oddly Smooth Stone","Bag of Preparation","Calling Bell","PreservedInsect","Mercury Hourglass","Old Coin","Necronomicon","Happy Flower","Regal Pillow"],"potions_floor_usage":[7,16],"damage_taken":[{"damage":0,"enemies":"Small Slimes","floor":1,"turns":2},{"damage":0,"enemies":"Cultist","floor":2,"turns":4},{"damage":1,"enemies":"2 Louse","floor":3,"turns":3},{"damage":0,"enemies":"Looter","floor":4,"turns":4},{"damage":17,"enemies":"Large Slime","floor":5,"turns":7},{"damage":24,"enemies":"3 Sentries","floor":7,"turns":10},{"damage":6,"enemies":"Blue Slaver","floor":13,"turns":3},{"damage":0,"enemies":"Exordium Wildlife","floor":14,"turns":3},{"damage":0,"enemies":"Slime Boss","floor":16,"turns":6},{"damage":26,"enemies":"Spheric Guardian","floor":18,"turns":4},{"damage":25,"enemies":"2 Thieves","floor":20,"turns":4},{"damage":18,"enemies":"Cultist and Chosen","floor":24,"turns":4}],"seed_played":"7706616038246976489","potions_obtained":[{"floor":3,"key":"Ancient Potion"},{"floor":5,"key":"Swift Potion"},{"floor":7,"key":"LiquidBronze"},{"floor":13,"key":"FocusPotion"}],"is_trial":false,"path_per_floor":["M","M","M","M","M","R","E","R","T","R","?","R","M","M","R","B",null,"M","?","M","?","?","R","M"],"character_chosen":"DEFECT","items_purchased":[],"campfire_rested":0,"item_purchase_floors":[],"current_hp_per_floor":[75,75,74,74,57,57,33,33,40,40,40,40,34,34,34,34,82,56,40,15,15,15,15,0],"gold":593,"neow_bonus":"THREE_RARE_CARDS","is_prod":false,"is_daily":false,"chose_seed":false,"campfire_upgraded":3,"win_rate":0,"timestamp":1549784959,"path_taken":["M","M","M","M","M","R","E","R","T","R","?","R","M","?","R","BOSS","M","?","M","?","?","R","M"],"build_version":"2019-01-23","purchased_purges":0,"victory":false,"max_hp_per_floor":[75,75,75,75,75,75,75,75,82,82,82,82,82,82,82,82,82,82,82,82,82,82,82,82],"card_choices":[{"not_picked":["Seek","Multi-Cast"],"picked":"Fission","floor":0},{"not_picked":["Rebound","Stack"],"picked":"Auto Shields","floor":1},{"not_picked":["Turbo","BootSequence"],"picked":"Compile Driver","floor":2},{"not_picked":["Gash","Rebound"],"picked":"Biased Cognition","floor":3},{"not_picked":["Sweeping Beam","Streamline"],"picked":"Compile Driver","floor":4},{"not_picked":["Undo","Gash"],"picked":"Cold Snap","floor":5},{"not_picked":["Stack","Streamline","Aggregate"],"picked":"SKIP","floor":7},{"not_picked":["Leap","Auto Shields"],"picked":"Ball Lightning","floor":13},{"not_picked":["Leap","Genetic Algorithm"],"picked":"Compile Driver","floor":14},{"not_picked":["Fission","Multi-Cast"],"picked":"Creative AI","floor":16},{"not_picked":["Streamline+1","Stack"],"picked":"BootSequence+1","floor":18},{"not_picked":["Beam Cell","Redo"],"picked":"Hello World","floor":20}],"player_experience":767284,"relics_obtained":[{"floor":7,"key":"Shovel"},{"floor":9,"key":"Strawberry"},{"floor":12,"key":"Oddly Smooth Stone"},{"floor":15,"key":"Bag of Preparation"},{"floor":17,"key":"PreservedInsect"},{"floor":17,"key":"Mercury Hourglass"},{"floor":17,"key":"Old Coin"},{"floor":19,"key":"Necronomicon"},{"floor":23,"key":"Regal Pillow"}],"event_choices":[{"cards_removed":["Compile Driver"],"damage_healed":0,"gold_gain":0,"player_choice":"Gave Card","damage_taken":0,"relics_obtained":["Dream Catcher"],"max_hp_gain":0,"max_hp_loss":0,"event_name":"WeMeetAgain","floor":11,"gold_loss":0},{"damage_healed":0,"gold_gain":0,"player_choice":"Obtained Book","damage_taken":16,"max_hp_gain":0,"max_hp_loss":0,"event_name":"Cursed Tome","floor":19,"gold_loss":0},{"damage_healed":0,"gold_gain":0,"player_choice":"Stole Relic","damage_taken":0,"relics_obtained":["Happy Flower"],"max_hp_gain":0,"max_hp_loss":0,"event_name":"Addict","floor":21,"gold_loss":0,"cards_obtained":["Shame"]},{"damage_healed":0,"gold_gain":0,"player_choice":"Simplicity","damage_taken":0,"max_hp_gain":0,"max_hp_loss":0,"event_name":"Back to Basics","floor":22,"gold_loss":0,"cards_upgraded":["Strike_B","Strike_B","Strike_B","Strike_B","Defend_B","Defend_B","Defend_B","Defend_B"]}],"is_beta":false,"boss_relics":[{"not_picked":["Snecko Eye","Empty Cage"],"picked":"Calling Bell"}],"items_purged_floors":[],"is_endless":false,"potions_floor_spawned":[3,5,7,13],"killed_by":"Cultist and Chosen","ascension_level":0}