{"gold_per_floor":[111,127,127,138,138,168,168,187,214,232,332,332,364,364],"floor_reached":14,"playtime":433,"items_purged":[],"score":125,"play_id":"a3641309-7214-4b69-9c92-3ec65aeb799c","local_time":"20190125211632","is_ascension_mode":true,"campfire_choices":[{"floor":7,"key":"REST"},{"floor":12,"key":"REST"}],"neow_cost":"NONE","seed_source_timestamp":507323740238800,"circlet_count":0,"master_deck":["Defend_G","Defend_G","Defend_G","Defend_G","Defend_G","Strike_G","Strike_G","Strike_G","Strike_G","Strike_G","Survivor","Neutralize","Distraction","Caltrops","Caltrops","Deadly Poison","Neutralize","Deadly Poison","Deadly Poison","Well Laid Plans"],"relics":["Ring of the Snake","Centennial Puzzle","Ancient Tea Set","Lantern","Boot"],"potions_floor_usage":[6],"damage_taken":[{"damage":8,"enemies":"2 Louse","floor":1,"turns":5},{"damage":3,"enemies":"Cultist","floor":2,"turns":5},{"damage":0,"enemies":"Small Slimes","floor":4,"turns":3},{"damage":34,"enemies":"3 Sentries","floor":6,"turns":8},{"damage":20,"enemies":"Gremlin Gang","floor":8,"turns":3},{"damage":9,"enemies":"3 Louse","floor":10,"turns":3},{"damage":33,"enemies":"Lagavulin","floor":13,"turns":5},{"damage":8,"enemies":"2 Fungi Beasts","floor":14,"turns":3}],"seed_played":"2728801509962335748","potions_obtained":[{"floor":1,"key":"Ancient Potion"},{"floor":2,"key":"Strength Potion"},{"floor":4,"key":"Poison Potion"}],"is_trial":false,"path_per_floor":["M","M","?","M","?","E","R","M","T","M","?","R","E","M"],"character_chosen":"THE_SILENT","items_purchased":[],"campfire_rested":2,"item_purchase_floors":[],"current_hp_per_floor":[62,59,59,59,59,25,46,26,26,17,17,38,5,0],"gold":364,"neow_bonus":"THREE_CARDS","is_prod":false,"is_daily":false,"chose_seed":false,"campfire_upgraded":0,"win_rate":0,"timestamp":1548447392,"path_taken":["M","M","?","?","?","E","R","?","T","M","?","R","E","M"],"build_version":"2019-01-23","purchased_purges":0,"victory":false,"max_hp_per_floor":[70,70,70,70,70,70,70,70,70,70,70,70,70,70],"card_choices":[{"not_picked":["Flying Knee","Bane"],"picked":"Distraction","floor":0},{"not_picked":["Cloak And Dagger","Deflect"],"picked":"Caltrops","floor":1},{"not_picked":["Riddle With Holes","Infinite Blades"],"picked":"Caltrops","floor":2},{"not_picked":["PiercingWail","Skewer","Bane"],"picked":"SKIP","floor":4},{"not_picked":["Flying Knee","Heel Hook","Quick Slash"],"picked":"SKIP","floor":6},{"not_picked":["Grand Finale","Deflect"],"picked":"Deadly Poison","floor":8},{"not_picked":["Poisoned Stab","Skewer"],"picked":"Deadly Poison","floor":10},{"not_picked":["Flying Knee","Sucker Punch"],"picked":"Well Laid Plans","floor":13}],"player_experience":850805,"relics_obtained":[{"floor":6,"key":"Ancient Tea Set"},{"floor":9,"key":"Lantern"},{"floor":13,"key":"Boot"}],"event_choices":[{"damage_healed":0,"gold_gain":0,"player_choice":"2 cards matched","damage_taken":0,"max_hp_gain":0,"max_hp_loss":0,"event_name":"Match and Keep!","floor":3,"gold_loss":0,"cards_obtained":["Deadly Poison","Neutralize"]},{"damage_healed":0,"gold_gain":0,"player_choice":"Gave Potion","damage_taken":0,"relics_obtained":["Centennial Puzzle"],"max_hp_gain":0,"max_hp_loss":0,"event_name":"WeMeetAgain","floor":5,"gold_loss":0},{"damage_healed":0,"gold_gain":100,"player_choice":"Pray","damage_taken":0,"max_hp_gain":0,"max_hp_loss":0,"event_name":"Golden Shrine","floor":11,"gold_loss":0}],"is_beta":false,"boss_relics":[],"items_purged_floors":[],"is_endless":false,"potions_floor_spawned":[1,2,4],"killed_by":"2 Fungi Beasts","ascension_level":5}