{"gold_per_floor":[112,131,131,141,157,157,183,202,248,9,19,48,13,88,88,190,190,206,220,238,153,153,153],"floor_reached":23,"playtime":1027,"items_purged":[],"score":330,"play_id":"bdf275f5-8897-4947-958a-40fe22780792","local_time":"20190127142000","is_ascension_mode":true,"campfire_choices":[{"data":"Spot Weakness","floor":6.0,"key":"SMITH"},{"data":"Cleave","floor":15.0,"key":"SMITH"}],"neow_cost":"NONE","seed_source_timestamp":0,"circlet_count":0,"master_deck":["AscendersBane","Strike_R","Strike_R","Strike_R","Strike_R","Defend_R","Defend_R","Defend_R","Bash","Uppercut+1","Thunderclap","Spot Weakness+1","Cleave+1","Clash","Headbutt+1","Bludgeon+1","True Grit","Intimidate+1","Clothesline+1"],"special_seed":0,"relics":["Burning Blood","Pear","PreservedInsect","Molten Egg 2","Mummified Hand","Cursed Key","Strawberry"],"potions_floor_usage":[23,23],"damage_taken":[{"damage":2.0,"enemies":"2 Louse","floor":1.0,"turns":3.0},{"damage":1.0,"enemies":"Cultist","floor":2.0,"turns":3.0},{"damage":15.0,"enemies":"Small Slimes","floor":4.0,"turns":4.0},{"damage":18.0,"enemies":"3 Louse","floor":5.0,"turns":5.0},{"damage":18.0,"enemies":"Gremlin Nob","floor":7.0,"turns":4.0},{"damage":8.0,"enemies":"Blue Slaver","floor":8.0,"turns":3.0},{"damage":7.0,"enemies":"2 Fungi Beasts","floor":11.0,"turns":3.0},{"damage":20.0,"enemies":"3 Sentries","floor":12.0,"turns":4.0},{"damage":40.0,"enemies":"The Guardian","floor":16.0,"turns":8.0},{"damage":8,"enemies":"Chosen","floor":18,"turns":2},{"damage":23,"enemies":"2 Thieves","floor":19,"turns":3},{"damage":26,"enemies":"Snecko","floor":20,"turns":4},{"damage":46,"enemies":"Slavers","floor":23,"turns":4}],"seed_played":"-5190685315263689150","potions_obtained":[{"floor":2.0,"key":"Dexterity Potion"},{"floor":7.0,"key":"Weak Potion"},{"floor":11.0,"key":"SkillPotion"},{"floor":12.0,"key":"Strength Potion"}],"is_trial":false,"path_per_floor":["M","M","?","M","M","R","E","M","T","$","M","E","?","?","R","B",null,"M","M","M","?","?","E"],"character_chosen":"IRONCLAD","items_purchased":["Molten Egg 2"],"campfire_rested":0,"item_purchase_floors":[10],"current_hp_per_floor":[76,80,80,71,59,59,57,55,55,55,54,40,62,51,51,17,72,70,53,33,40,40,0],"gold":153,"neow_bonus":"REMOVE_CARD","is_prod":false,"is_daily":false,"chose_seed":false,"campfire_upgraded":2,"win_rate":0,"timestamp":1548620400,"path_taken":["M","M","?","M","?","R","E","M","T","$","M","E","?","?","R","BOSS","M","M","M","?","?","E"],"build_version":"2019-01-23","purchased_purges":0,"victory":false,"max_hp_per_floor":[80,80,80,80,80,80,90,90,90,90,90,90,90,90,90,90,90,90,90,90,97,97,97],"card_choices":[{"not_picked":["Anger","Armaments"],"picked":"Uppercut","floor":1.0},{"not_picked":["Dual Wield","Heavy Blade"],"picked":"Thunderclap","floor":2.0},{"not_picked":["Intimidate","Sentinel","Reckless Charge"],"picked":"SKIP","floor":4.0},{"not_picked":["True Grit","Metallicize"],"picked":"Spot Weakness","floor":5.0},{"not_picked":["Blood for Blood","Iron Wave"],"picked":"Cleave","floor":7.0},{"not_picked":["Havoc","Sword Boomerang"],"picked":"Clash","floor":8.0},{"not_picked":["Havoc","Juggernaut"],"picked":"Headbutt+1","floor":11.0},{"not_picked":["Fire Breathing","Sentinel","Headbutt+1"],"picked":"SKIP","floor":12.0},{"not_picked":["Exhume","Barricade"],"picked":"Bludgeon+1","floor":16.0},{"not_picked":["Pommel Strike+1","Dual Wield"],"picked":"True Grit","floor":18},{"not_picked":["Perfected Strike+1","Thunderclap+1"],"picked":"Intimidate+1","floor":19},{"not_picked":["Cleave+1","Perfected Strike+1"],"picked":"Clothesline+1","floor":20}],"player_experience":219776,"relics_obtained":[{"floor":7.0,"key":"Pear"},{"floor":9.0,"key":"PreservedInsect"},{"floor":12.0,"key":"Mummified Hand"}],"event_choices":[{"damage_healed":0.0,"max_hp_gain":0.0,"max_hp_loss":0.0,"gold_gain":0.0,"event_name":"Upgrade Shrine","player_choice":"Upgraded","floor":3.0,"gold_loss":0.0,"damage_taken":0.0,"cards_upgraded":["Uppercut"]},{"damage_healed":22.0,"max_hp_gain":0.0,"max_hp_loss":0.0,"gold_gain":0.0,"event_name":"The Cleric","player_choice":"Healed","floor":13.0,"gold_loss":35.0,"damage_taken":0.0},{"damage_healed":0.0,"max_hp_gain":0.0,"max_hp_loss":0.0,"gold_gain":75.0,"event_name":"World of Goop","player_choice":"Gather Gold","floor":14.0,"gold_loss":0.0,"damage_taken":11.0},{"damage_healed":0,"gold_gain":0,"player_choice":"Obtained Relic","damage_taken":0,"relics_obtained":["Strawberry"],"max_hp_gain":0,"max_hp_loss":0,"event_name":"Addict","floor":21,"gold_loss":85},{"cards_removed":["Strike_R"],"damage_healed":0,"gold_gain":0,"player_choice":"Elegance","damage_taken":0,"max_hp_gain":0,"max_hp_loss":0,"event_name":"Back to Basics","floor":22,"gold_loss":0}],"is_beta":false,"boss_relics":[{"not_picked":["Empty Cage","Ectoplasm"],"picked":"Cursed Key"}],"items_purged_floors":[],"is_endless":false,"potions_floor_spawned":[2,7,11,12,16],"killed_by":"Slavers","ascension_level":10}