{"gold_per_floor":[113,16,26,37,37,37,69,69,69,69,169,180,212,224,224,323,323,341,262,282,73,73,73,92,92,92,110,122,122,142,152,152,254,254,272,272,285,295,295,295,314,314,314,330,341,360,360,116,116,116],"floor_reached":50,"playtime":4129,"items_purged":["Strike_G"],"score":710,"play_id":"d07d9874-da04-4b87-a6a9-383ce56f83d5","local_time":"20190116163546","is_ascension_mode":true,"campfire_choices":[{"data":"Neutralize","floor":6,"key":"SMITH"},{"floor":8,"key":"REST"},{"floor":10,"key":"REST"},{"floor":15,"key":"REST"},{"floor":23,"key":"REST"},{"floor":25,"key":"REST"},{"floor":29,"key":"REST"},{"data":"Footwork","floor":32,"key":"SMITH"},{"floor":40,"key":"REST"},{"floor":47,"key":"REST"},{"floor":49,"key":"REST"}],"neow_cost":"NONE","seed_source_timestamp":622814391601779,"circlet_count":0,"master_deck":["AscendersBane","Survivor","Neutralize+1","Noxious Fumes","Poisoned Stab","Underhanded Strike","Well Laid Plans","Unload","Dagger Spray","Heel Hook","Corpse Explosion","Underhanded Strike","Quick Slash","Night Terror","Adrenaline+1","Grand Finale","Slice","Skewer","Backflip+1","Footwork+1","Dash","Blur","Calculated Gamble","Dodge and Roll+1","Wraith Form v2","Riddle With Holes+1","Adrenaline+1","Setup","Backflip+1","Deflect+1","Bouncing Flask","Footwork","Corpse Explosion"],"relics":["Ring of the Snake","NeowsBlessing","Mummified Hand","Paper Crane","Bag of Marbles","Pandora\u0027s Box","HandDrill","Bag of Preparation","Fusion Hammer","Bottled Tornado"],"potions_floor_usage":[13,16,16,27,30,33,41,44,45,45,50],"damage_taken":[{"damage":0,"enemies":"Cultist","floor":1,"turns":1},{"damage":0,"enemies":"Jaw Worm","floor":3,"turns":1},{"damage":0,"enemies":"Small Slimes","floor":4,"turns":1},{"damage":23,"enemies":"3 Sentries","floor":7,"turns":9},{"damage":29,"enemies":"Gremlin Gang","floor":12,"turns":6},{"damage":16,"enemies":"Gremlin Nob","floor":13,"turns":5},{"damage":0,"enemies":"Looter","floor":14,"turns":2},{"damage":35,"enemies":"Slime Boss","floor":16,"turns":12},{"damage":8,"enemies":"Shell Parasite","floor":18,"turns":3},{"damage":14,"enemies":"2 Thieves","floor":20,"turns":2},{"damage":15,"enemies":"Centurion and Healer","floor":24,"turns":4},{"damage":0,"enemies":"Cultist and Chosen","floor":27,"turns":5},{"damage":19,"enemies":"Shelled Parasite and Fungi","floor":28,"turns":4},{"damage":0,"enemies":"Chosen and Byrds","floor":30,"turns":4},{"damage":0,"enemies":"3 Cultists","floor":31,"turns":2},{"damage":45,"enemies":"Automaton","floor":33,"turns":7},{"damage":13,"enemies":"3 Shapes","floor":35,"turns":3},{"damage":7,"enemies":"3 Darklings","floor":37,"turns":3},{"damage":10,"enemies":"4 Shapes","floor":38,"turns":5},{"damage":22,"enemies":"Sphere and 2 Shapes","floor":41,"turns":6},{"damage":8,"enemies":"Maw","floor":44,"turns":8},{"damage":8,"enemies":"Transient","floor":45,"turns":5},{"damage":1,"enemies":"Jaw Worm Horde","floor":46,"turns":3},{"damage":58,"enemies":"Time Eater","floor":50,"turns":8}],"seed_played":"-6694297332812649443","potions_obtained":[{"floor":3,"key":"SpeedPotion"},{"floor":7,"key":"Dexterity Potion"},{"floor":13,"key":"GamblersBrew"},{"floor":14,"key":"Dexterity Potion"},{"floor":16,"key":"SpeedPotion"},{"floor":24,"key":"Block Potion"},{"floor":28,"key":"Block Potion"},{"floor":30,"key":"EssenceOfSteel"},{"floor":38,"key":"Swift Potion"},{"floor":41,"key":"Fruit Juice"},{"floor":44,"key":"SpeedPotion"},{"floor":46,"key":"Explosive Potion"}],"is_trial":false,"path_per_floor":["M","$","M","M","?","R","E","R","T","R","?","M","E","M","R","B",null,"M","$","M","$","?","R","M","R","T","M","M","R","M","M","R","B",null,"M","?","M","M","?","R","M","?","T","M","M","M","R","$","R","B"],"character_chosen":"THE_SILENT","items_purchased":["Poisoned Stab","Footwork","HandDrill","Footwork","Corpse Explosion"],"campfire_rested":9,"item_purchase_floors":[2,19,21,48,48],"current_hp_per_floor":[63,63,63,63,56,56,33,54,54,70,70,41,25,25,46,11,55,47,47,33,33,33,54,39,60,60,60,41,62,62,62,62,17,57,44,44,37,27,27,48,26,26,26,23,15,14,36,36,58,0],"gold":116,"neow_bonus":"THREE_ENEMY_KILL","is_prod":false,"is_daily":false,"chose_seed":false,"campfire_upgraded":2,"win_rate":0,"timestamp":1547656546,"path_taken":["M","$","M","?","?","R","E","R","T","R","?","M","E","M","R","BOSS","M","$","?","$","?","R","M","R","T","M","M","R","M","?","R","BOSS","M","?","?","?","?","R","?","?","T","M","M","?","R","?","R","BOSS"],"build_version":"2019-01-10","purchased_purges":1,"victory":false,"max_hp_per_floor":[70,70,70,70,70,70,70,70,70,70,70,70,70,70,70,70,70,70,70,70,70,70,70,70,70,70,70,70,70,70,70,70,70,70,70,70,70,70,70,70,70,70,70,75,75,75,75,75,75,75],"card_choices":[{"not_picked":["Prepared","Deadly Poison"],"picked":"Noxious Fumes","floor":1},{"not_picked":["Infinite Blades","Dodge and Roll"],"picked":"Underhanded Strike","floor":3},{"not_picked":["Slice","Endless Agony"],"picked":"Well Laid Plans","floor":4},{"not_picked":["Backflip","Escape Plan"],"picked":"Unload","floor":7},{"not_picked":["Slice","Deadly Poison"],"picked":"Dagger Spray","floor":12},{"not_picked":["Backflip","Backstab"],"picked":"Heel Hook","floor":13},{"not_picked":["Bane","Expertise"],"picked":"Blade Dance","floor":14},{"not_picked":["Adrenaline","Doppelganger"],"picked":"Corpse Explosion","floor":16},{"not_picked":["Heel Hook","Deadly Poison"],"picked":"Backflip+1","floor":18},{"not_picked":["Skewer","Acrobatics","Poisoned Stab"],"picked":"SKIP","floor":20},{"not_picked":["Backstab","Flying Knee+1"],"picked":"Dash","floor":24},{"not_picked":["Dagger Spray","Burst"],"picked":"Blur","floor":27},{"not_picked":["Crippling Poison","Underhanded Strike+1"],"picked":"Calculated Gamble","floor":28},{"not_picked":["Flying Knee+1","PiercingWail"],"picked":"Dodge and Roll+1","floor":30},{"not_picked":["Heel Hook","Acrobatics","Finisher"],"picked":"SKIP","floor":31},{"not_picked":["Doppelganger","Storm of Steel"],"picked":"Wraith Form v2","floor":33},{"not_picked":["Underhanded Strike","Bane"],"picked":"Riddle With Holes+1","floor":35},{"not_picked":["Bane","Dagger Throw+1","Finisher+1"],"picked":"SKIP","floor":37},{"not_picked":["Crippling Poison","Heel Hook","Prepared"],"picked":"SKIP","floor":38},{"not_picked":["Quick Slash","Dagger Spray+1"],"picked":"Backflip+1","floor":41},{"not_picked":["Acrobatics","Outmaneuver","Accuracy+1"],"picked":"SKIP","floor":44},{"not_picked":["Poisoned Stab","Sucker Punch"],"picked":"Deflect+1","floor":45},{"not_picked":["Underhanded Strike+1","Blur"],"picked":"Bouncing Flask","floor":46}],"player_experience":1185173,"relics_obtained":[{"floor":7,"key":"Mummified Hand"},{"floor":9,"key":"Paper Crane"},{"floor":13,"key":"Bag of Marbles"},{"floor":26,"key":"Bag of Preparation"},{"floor":43,"key":"Bottled Tornado"}],"event_choices":[{"cards_removed":["Strike_G"],"damage_healed":0,"gold_gain":0,"player_choice":"Card Removal","damage_taken":7,"max_hp_gain":0,"max_hp_loss":0,"event_name":"Golden Wing","floor":5,"gold_loss":0},{"damage_healed":0,"gold_gain":100,"player_choice":"Pray","damage_taken":0,"max_hp_gain":0,"max_hp_loss":0,"event_name":"Golden Shrine","floor":11,"gold_loss":0},{"damage_healed":0,"gold_gain":0,"player_choice":"Upgraded","damage_taken":0,"max_hp_gain":0,"max_hp_loss":0,"event_name":"Upgrade Shrine","floor":22,"gold_loss":0,"cards_upgraded":["Adrenaline"]},{"damage_healed":0,"gold_gain":0,"player_choice":"Copied","damage_taken":0,"max_hp_gain":0,"max_hp_loss":0,"event_name":"Duplicator","floor":36,"gold_loss":0,"cards_obtained":["Adrenaline"]},{"damage_healed":0,"gold_gain":0,"cards_transformed":["Tactician"],"player_choice":"Transformed","damage_taken":0,"max_hp_gain":0,"max_hp_loss":0,"event_name":"Transmorgrifier","floor":39,"gold_loss":0,"cards_obtained":["Setup"]},{"cards_removed":["Blade Dance"],"damage_healed":0,"gold_gain":0,"player_choice":"Card Removal","damage_taken":0,"max_hp_gain":0,"max_hp_loss":0,"event_name":"Wheel of Change","floor":42,"gold_loss":0}],"is_beta":false,"boss_relics":[{"not_picked":["Tiny House","Runic Pyramid"],"picked":"Pandora\u0027s Box"},{"not_picked":["White Beast Statue","Sozu"],"picked":"Fusion Hammer"}],"items_purged_floors":[2],"is_endless":false,"potions_floor_spawned":[3,7,13,14,16,24,28,30,31,38,41,44,46],"killed_by":"Time Eater","ascension_level":11}