{"gold_per_floor":[113,38,55,67,67,101,111,111],"floor_reached":8,"playtime":466,"items_purged":[],"score":102,"play_id":"01ba53af-1d16-4c64-908e-3f5c059df858","local_time":"20190113195025","is_ascension_mode":true,"campfire_choices":[],"neow_cost":"NONE","seed_source_timestamp":378939986514218,"circlet_count":0,"master_deck":["AscendersBane","Strike_R","Strike_R","Strike_R","Strike_R","Defend_R+1","Defend_R","Defend_R","Defend_R+1","Bash","Pummel","Sword Boomerang","Uppercut","Regret","Anger"],"relics":["Burning Blood","PreservedInsect","War Paint","Mummified Hand"],"potions_floor_usage":[],"damage_taken":[{"damage":4,"enemies":"Jaw Worm","floor":1,"turns":4},{"damage":10,"enemies":"2 Louse","floor":3,"turns":3},{"damage":7,"enemies":"Small Slimes","floor":4,"turns":3},{"damage":26,"enemies":"3 Sentries","floor":6,"turns":6},{"damage":16,"enemies":"2 Fungi Beasts","floor":7,"turns":4},{"damage":35,"enemies":"Lagavulin","floor":8,"turns":4}],"seed_played":"6507491058379659644","potions_obtained":[{"floor":1,"key":"EssenceOfSteel"}],"is_trial":false,"path_per_floor":["M","?","M","M","?","E","M","E"],"character_chosen":"IRONCLAD","items_purchased":[],"campfire_rested":0,"item_purchase_floors":[],"current_hp_per_floor":[70,70,66,65,65,45,35,0],"gold":111,"neow_bonus":"RANDOM_COMMON_RELIC","is_prod":false,"is_daily":false,"chose_seed":false,"campfire_upgraded":0,"win_rate":0,"timestamp":1547409025,"path_taken":["M","?","M","M","?","E","M","E"],"build_version":"2019-01-10","purchased_purges":0,"victory":false,"max_hp_per_floor":[75,75,75,75,75,75,75,75],"card_choices":[{"not_picked":["Battle Trance","Rupture"],"picked":"Pummel","floor":1},{"not_picked":["Perfected Strike","Iron Wave"],"picked":"Sword Boomerang","floor":3},{"not_picked":["Pommel Strike","Wild Strike"],"picked":"Uppercut","floor":4},{"not_picked":["Iron Wave","Rupture","Reckless Charge"],"picked":"SKIP","floor":6},{"not_picked":["Sword Boomerang","Twin Strike"],"picked":"Anger","floor":7}],"player_experience":1171855,"relics_obtained":[{"floor":6,"key":"Mummified Hand"}],"event_choices":[{"cards_removed":["Strike_R"],"damage_healed":0,"gold_gain":0,"player_choice":"Card Removal","damage_taken":0,"max_hp_gain":0,"max_hp_loss":0,"event_name":"The Cleric","floor":2,"gold_loss":75},{"damage_healed":0,"gold_gain":0,"player_choice":"Box","damage_taken":0,"relics_obtained":["War Paint"],"max_hp_gain":0,"max_hp_loss":0,"event_name":"Big Fish","floor":5,"gold_loss":0,"cards_obtained":["Regret"]}],"is_beta":false,"boss_relics":[],"items_purged_floors":[],"is_endless":false,"potions_floor_spawned":[1],"killed_by":"Lagavulin","ascension_level":15}