{"gold_per_floor":[210,160,160,160,85,120,120,138,138,164,176,188,218,265,277,384,396,420,432,444,381,333,345],"floor_reached":23,"playtime":1483,"items_purged":["Defend_B"],"score":273,"play_id":"d09a4532-0c9a-40cf-9776-39bcccea81c6","local_time":"20190206170843","is_ascension_mode":true,"campfire_choices":[{"floor":7,"key":"REST"},{"data":"Genetic Algorithm","floor":11,"key":"SMITH"},{"floor":15,"key":"REST"}],"neow_cost":"NONE","seed_source_timestamp":1042466928827395,"circlet_count":0,"master_deck":["Defend_B","Defend_B","Defend_B","Zap+1","Dualcast","Sweeping Beam+1","Genetic Algorithm+1","Cold Snap","Leap","Creative AI","Recycle","Buffer","Tempest","BootSequence"],"relics":["Cracked Core","Dead Branch","FossilizedHelix","MawBank","Bird Faced Urn","Inserter","Omamori"],"potions_floor_usage":[23,23],"damage_taken":[{"damage":2,"enemies":"Jaw Worm","floor":1,"turns":3},{"damage":25,"enemies":"Lagavulin","floor":6,"turns":6},{"damage":0,"enemies":"Small Slimes","floor":8,"turns":3},{"damage":0,"enemies":"2 Louse","floor":10,"turns":3},{"damage":0,"enemies":"Large Slime","floor":13,"turns":3},{"damage":10,"enemies":"3 Sentries","floor":14,"turns":6},{"damage":14,"enemies":"Slime Boss","floor":16,"turns":13},{"damage":34,"enemies":"Shell Parasite","floor":18,"turns":8},{"damage":11,"enemies":"2 Thieves","floor":22,"turns":4},{"damage":74,"enemies":"Slavers","floor":23,"turns":4}],"seed_played":"4676789601093764692","potions_obtained":[{"floor":10,"key":"GamblersBrew"},{"floor":13,"key":"SkillPotion"},{"floor":16,"key":"SkillPotion"}],"is_trial":false,"path_per_floor":["M","?","?","?","$","E","R","M","T","M","R","?","M","E","R","B",null,"M","?","?","?","M","E"],"character_chosen":"DEFECT","items_purchased":[],"campfire_rested":2,"item_purchase_floors":[],"current_hp_per_floor":[66,66,51,48,48,23,45,45,45,45,45,50,50,40,64,52,73,53,53,53,53,48,0],"gold":345,"neow_bonus":"HUNDRED_GOLD","is_prod":false,"is_daily":false,"chose_seed":false,"campfire_upgraded":1,"win_rate":0,"timestamp":1549469323,"path_taken":["M","?","?","?","?","E","R","M","T","M","R","?","M","E","R","BOSS","M","?","?","?","M","E"],"build_version":"2019-01-23","purchased_purges":1,"victory":false,"max_hp_per_floor":[75,75,75,75,75,75,75,75,75,75,75,80,80,80,80,80,80,80,80,80,80,80,80],"card_choices":[{"not_picked":["Skim","Go for the Eyes"],"picked":"Sweeping Beam","floor":1},{"not_picked":["Blizzard","Coolheaded"],"picked":"Genetic Algorithm","floor":6},{"not_picked":["Melter","Hologram","Lockon"],"picked":"SKIP","floor":8},{"not_picked":["Beam Cell","Force Field"],"picked":"Cold Snap","floor":10},{"not_picked":["Fusion","Lockon","Sweeping Beam"],"picked":"SKIP","floor":13},{"not_picked":["Streamline","Stack"],"picked":"Leap","floor":14},{"not_picked":["Amplify","Core Surge"],"picked":"Creative AI","floor":16},{"not_picked":["Turbo","Sweeping Beam"],"picked":"Recycle","floor":18},{"not_picked":["Undo+1","Rip and Tear"],"picked":"BootSequence","floor":22}],"player_experience":250297,"relics_obtained":[{"floor":6,"key":"FossilizedHelix"},{"floor":9,"key":"MawBank"},{"floor":14,"key":"Bird Faced Urn"}],"event_choices":[{"cards_removed":["Strike_B"],"damage_healed":0,"gold_gain":0,"player_choice":"Card Removal","damage_taken":0,"max_hp_gain":0,"max_hp_loss":0,"event_name":"The Cleric","floor":2,"gold_loss":50},{"damage_healed":0,"gold_gain":0,"player_choice":"Entered Light","damage_taken":15,"max_hp_gain":0,"max_hp_loss":0,"event_name":"Shining Light","floor":3,"gold_loss":0,"cards_upgraded":["Zap","Sweeping Beam"]},{"damage_healed":0,"gold_gain":0,"player_choice":"Success","damage_taken":3,"relics_obtained":["Dead Branch"],"max_hp_gain":0,"max_hp_loss":0,"event_name":"Scrap Ooze","floor":4,"gold_loss":0},{"damage_healed":0,"gold_gain":0,"player_choice":"Donut","damage_taken":0,"max_hp_gain":5,"max_hp_loss":0,"event_name":"Big Fish","floor":12,"gold_loss":0},{"damage_healed":0,"gold_gain":0,"player_choice":"Opened","damage_taken":0,"relics_obtained":["Omamori"],"max_hp_gain":0,"max_hp_loss":0,"event_name":"The Mausoleum","floor":19,"gold_loss":0},{"damage_healed":0,"gold_gain":0,"cards_transformed":["Strike_B","Strike_B"],"player_choice":"Became Test Subject","damage_taken":0,"max_hp_gain":0,"max_hp_loss":0,"event_name":"Drug Dealer","floor":20,"gold_loss":0,"cards_obtained":["Buffer","Tempest"]},{"cards_removed":["Strike_B"],"damage_healed":0,"gold_gain":0,"player_choice":"Gave Gold","damage_taken":0,"max_hp_gain":0,"max_hp_loss":0,"event_name":"Beggar","floor":21,"gold_loss":75}],"is_beta":false,"boss_relics":[{"not_picked":["Ectoplasm","Velvet Choker"],"picked":"Inserter"}],"items_purged_floors":[5],"is_endless":false,"potions_floor_spawned":[10,13,16,18],"killed_by":"Slavers","ascension_level":8}