{"gold_per_floor":[116,135,135,210,99,99,134,134,159,124,124,152,166,166,166,266,266,276,102,102,112,211,211,225,240,264,264,264,146,174,174,174,174],"floor_reached":33,"playtime":1863,"items_purged":["Regret","Strike_G","Strike_G+1"],"score":417,"play_id":"f2ac5378-7a9e-498b-a87f-ba961cb33f95","local_time":"20190126002113","is_ascension_mode":true,"campfire_choices":[{"data":"Crippling Poison","floor":6,"key":"SMITH"},{"floor":11,"key":"REST"},{"floor":15,"key":"REST"},{"data":"Underhanded Strike","floor":23,"key":"SMITH"},{"floor":27,"key":"REST"},{"floor":32,"key":"REST"}],"neow_cost":"NONE","seed_source_timestamp":563679146151618,"circlet_count":0,"master_deck":["AscendersBane","Defend_G+1","Defend_G+1","Defend_G+1","Defend_G+1","Defend_G+1","Strike_G+1","Strike_G+1","Strike_G+1","Survivor+1","Neutralize","Crippling Poison+1","Caltrops","Underhanded Strike+1","Poisoned Stab+1","Phantasmal Killer+1","Poisoned Stab","Caltrops+1","Poisoned Stab","Underhanded Strike+1","Crippling Poison","Leg Sweep","Decay"],"relics":["Snecko Eye","Snake Skull","FossilizedHelix","Art of War","Frozen Egg 2","Smiling Mask","Vajra"],"potions_floor_usage":[7,16,16,18,33],"damage_taken":[{"damage":3,"enemies":"Small Slimes","floor":1,"turns":5},{"damage":0,"enemies":"2 Louse","floor":2,"turns":2},{"damage":36,"enemies":"Lagavulin","floor":7,"turns":8},{"damage":17,"enemies":"3 Sentries","floor":12,"turns":11},{"damage":0,"enemies":"Jaw Worm","floor":13,"turns":2},{"damage":12,"enemies":"Hexaghost","floor":16,"turns":10},{"damage":8,"enemies":"2 Thieves","floor":18,"turns":4},{"damage":4,"enemies":"3 Byrds","floor":21,"turns":2},{"damage":2,"enemies":"Snecko","floor":24,"turns":4},{"damage":14,"enemies":"Snake Plant","floor":25,"turns":3},{"damage":38,"enemies":"Slavers","floor":30,"turns":6},{"damage":37,"enemies":"Automaton","floor":33,"turns":8}],"seed_played":"-2543192157857782935","potions_obtained":[{"floor":2,"key":"Explosive Potion"},{"floor":12,"key":"GamblersBrew"},{"floor":13,"key":"Dexterity Potion"},{"floor":16,"key":"AttackPotion"},{"floor":21,"key":"FearPotion"},{"floor":30,"key":"Energy Potion"}],"is_trial":false,"path_per_floor":["M","M","?","?","$","R","E","?","T","?","R","E","M","?","R","B",null,"M","$","?","M","?","R","M","M","T","R","?","$","E","?","R","B"],"character_chosen":"THE_SILENT","items_purchased":["Caltrops","Caltrops+1","Crippling Poison"],"campfire_rested":4,"item_purchase_floors":[5,19,29],"current_hp_per_floor":[60,60,60,49,49,49,13,13,13,30,51,34,34,20,41,29,60,52,52,52,48,48,48,46,32,32,53,53,53,15,15,36,0],"gold":174,"neow_bonus":"BOSS_RELIC","is_prod":false,"is_daily":false,"chose_seed":false,"campfire_upgraded":2,"win_rate":0,"timestamp":1548462073,"path_taken":["M","M","?","?","$","R","E","?","T","?","R","E","?","?","R","BOSS","M","$","?","?","?","R","M","M","T","R","?","$","E","?","R","BOSS"],"build_version":"2019-01-23","purchased_purges":3,"victory":false,"max_hp_per_floor":[70,70,70,70,70,70,70,70,70,70,70,70,70,70,70,70,70,70,70,70,70,70,70,70,70,70,70,70,70,70,70,70,70],"card_choices":[{"not_picked":["Deadly Poison","Acrobatics","Infinite Blades"],"picked":"SKIP","floor":1},{"not_picked":["Bane","Dagger Spray"],"picked":"Crippling Poison","floor":2},{"not_picked":["PiercingWail","Acrobatics"],"picked":"Underhanded Strike","floor":7},{"not_picked":["Escape Plan","PiercingWail"],"picked":"Poisoned Stab","floor":12},{"not_picked":["Dagger Spray","Sucker Punch","Endless Agony"],"picked":"SKIP","floor":13},{"not_picked":["Storm of Steel","Die Die Die"],"picked":"Phantasmal Killer","floor":16},{"not_picked":["Dagger Spray","Deflect"],"picked":"Poisoned Stab","floor":18},{"not_picked":["Dodge and Roll","Dagger Spray"],"picked":"Poisoned Stab","floor":21},{"not_picked":["Prepared","PiercingWail"],"picked":"Underhanded Strike+1","floor":24},{"not_picked":["Cloak And Dagger","Bane","Flying Knee"],"picked":"SKIP","floor":25},{"not_picked":["Slice","Cloak And Dagger"],"picked":"Leg Sweep","floor":30}],"player_experience":1239239,"relics_obtained":[{"floor":7,"key":"FossilizedHelix"},{"floor":9,"key":"Art of War"},{"floor":12,"key":"Frozen Egg 2"},{"floor":26,"key":"Smiling Mask"},{"floor":30,"key":"Vajra"}],"event_choices":[{"damage_healed":0,"gold_gain":0,"player_choice":"Box","damage_taken":0,"relics_obtained":["Snake Skull"],"max_hp_gain":0,"max_hp_loss":0,"event_name":"Big Fish","floor":3,"gold_loss":0,"cards_obtained":["Regret"]},{"damage_healed":0,"gold_gain":75,"player_choice":"Gather Gold","damage_taken":11,"max_hp_gain":0,"max_hp_loss":0,"event_name":"World of Goop","floor":4,"gold_loss":0},{"damage_healed":0,"gold_gain":0,"player_choice":"Searched \u00270\u0027 times","damage_taken":0,"max_hp_gain":0,"max_hp_loss":0,"event_name":"Dead Adventurer","floor":8,"gold_loss":0},{"damage_healed":17,"gold_gain":0,"player_choice":"Healed","damage_taken":0,"max_hp_gain":0,"max_hp_loss":0,"event_name":"The Cleric","floor":10,"gold_loss":35},{"damage_healed":0,"gold_gain":0,"player_choice":"Entered Light","damage_taken":14,"max_hp_gain":0,"max_hp_loss":0,"event_name":"Shining Light","floor":14,"gold_loss":0,"cards_upgraded":["Poisoned Stab","Survivor"]},{"damage_healed":0,"gold_gain":0,"player_choice":"Forge","damage_taken":0,"max_hp_gain":0,"max_hp_loss":0,"event_name":"Accursed Blacksmith","floor":20,"gold_loss":0,"cards_upgraded":["Phantasmal Killer"]},{"damage_healed":0,"gold_gain":99,"player_choice":"Stole From Cult","damage_taken":0,"max_hp_gain":0,"max_hp_loss":0,"event_name":"Nest","floor":22,"gold_loss":0},{"damage_healed":0,"gold_gain":0,"player_choice":"Simplicity","damage_taken":0,"max_hp_gain":0,"max_hp_loss":0,"event_name":"Back to Basics","floor":28,"gold_loss":0,"cards_upgraded":["Defend_G","Defend_G","Defend_G","Defend_G","Defend_G","Strike_G","Strike_G","Strike_G","Strike_G"]},{"damage_healed":0,"gold_gain":0,"player_choice":"Cursed","damage_taken":0,"max_hp_gain":0,"max_hp_loss":0,"event_name":"Wheel of Change","floor":31,"gold_loss":0,"cards_obtained":["Decay"]}],"is_beta":false,"boss_relics":[{"not_picked":["Coffee Dripper","Runic Dome","Philosopher\u0027s Stone"]}],"items_purged_floors":[5,19,29],"is_endless":false,"potions_floor_spawned":[2,12,13,16,21,30],"killed_by":"Automaton","ascension_level":11}