{"gold_per_floor":[110,121,141,141,155,185,196,196,196,206,224,236,236,249,249,347,347,361,376,390,409,409],"floor_reached":22,"playtime":1706,"items_purged":[],"score":369,"play_id":"1c651f84-da87-45c9-b837-eb2968b299ee","local_time":"20181212204947","is_ascension_mode":true,"campfire_choices":[{"floor":8,"key":"REST"},{"floor":13,"key":"REST"},{"floor":15,"key":"REST"}],"neow_cost":"NONE","seed_source_timestamp":32817176855863,"circlet_count":0,"master_deck":["AscendersBane","Defend_G","Defend_G","Defend_G","Defend_G","Defend_G","Strike_G","Strike_G","Strike_G","Strike_G","Strike_G","Survivor","Neutralize","Leg Sweep","Bouncing Flask","Dash","Pain","Bouncing Flask","Blade Dance","Deadly Poison","Dagger Spray","Sucker Punch","Finisher","Corpse Explosion","Leg Sweep+1","Backflip","Dash","Cloak And Dagger+1"],"relics":["Runic Dome","WarpedTongs","Thread and Needle","The Specimen"],"potions_floor_usage":[6,7,7,12,16,19,21],"damage_taken":[{"damage":18,"enemies":"Cultist","floor":1,"turns":6},{"damage":1,"enemies":"Small Slimes","floor":2,"turns":5},{"damage":7,"enemies":"Jaw Worm","floor":3,"turns":4},{"damage":4,"enemies":"Red Slaver","floor":5,"turns":4},{"damage":19,"enemies":"Lagavulin","floor":6,"turns":7},{"damage":1,"enemies":"Gremlin Gang","floor":7,"turns":1},{"damage":16,"enemies":"Large Slime","floor":10,"turns":5},{"damage":2,"enemies":"Exordium Thugs","floor":11,"turns":3},{"damage":1,"enemies":"2 Fungi Beasts","floor":12,"turns":3},{"damage":1,"enemies":"Blue Slaver","floor":14,"turns":3},{"damage":10,"enemies":"Hexaghost","floor":16,"turns":10},{"damage":11,"enemies":"Shell Parasite","floor":18,"turns":5},{"damage":1,"enemies":"Chosen","floor":19,"turns":5},{"damage":21,"enemies":"3 Cultists","floor":20,"turns":4},{"damage":12,"enemies":"Centurion and Healer","floor":21,"turns":6},{"damage":22,"enemies":"Sentry and Sphere","floor":22,"turns":3}],"seed_played":"-7846436417915981216","potions_obtained":[{"floor":1,"key":"Swift Potion"},{"floor":2,"key":"Explosive Potion"},{"floor":6,"key":"Explosive Potion"},{"floor":11,"key":"Fire Potion"},{"floor":14,"key":"GhostInAJar"},{"floor":18,"key":"Fire Potion"},{"floor":20,"key":"PowerPotion"}],"is_trial":false,"path_per_floor":["M","M","M","?","M","E","M","R","T","M","M","M","R","M","R","B",null,"M","M","M","M","M"],"character_chosen":"THE_SILENT","items_purchased":[],"campfire_rested":3,"item_purchase_floors":[],"current_hp_per_floor":[45,44,37,37,33,14,13,34,34,18,16,15,36,35,56,46,64,53,52,31,19,0],"gold":409,"neow_bonus":"BOSS_RELIC","is_prod":false,"is_daily":false,"chose_seed":false,"campfire_upgraded":0,"win_rate":0,"timestamp":1544647787,"path_taken":["M","?","M","?","M","E","M","R","T","M","?","M","R","M","R","BOSS","M","M","?","?","M"],"build_version":"2018-12-06","purchased_purges":0,"victory":false,"max_hp_per_floor":[70,70,70,70,70,70,70,70,70,70,70,70,70,70,70,70,70,70,70,70,70,70],"card_choices":[{"not_picked":["Calculated Gamble","Backflip"],"picked":"Leg Sweep","floor":1},{"not_picked":["Expertise","Blade Dance"],"picked":"Bouncing Flask","floor":2},{"not_picked":["Flying Knee","Quick Slash"],"picked":"Dash","floor":3},{"not_picked":["Quick Slash","Backflip"],"picked":"Bouncing Flask","floor":5},{"not_picked":["A Thousand Cuts","Heel Hook"],"picked":"Blade Dance","floor":6},{"not_picked":["Backstab","Flying Knee"],"picked":"Deadly Poison","floor":7},{"not_picked":["PiercingWail","Slice","Acrobatics"],"picked":"SKIP","floor":10},{"not_picked":["Backflip","Blade Dance"],"picked":"Dagger Spray","floor":11},{"not_picked":["Wraith Form v2","Backstab"],"picked":"Sucker Punch","floor":12},{"not_picked":["Quick Slash","Flying Knee"],"picked":"Finisher","floor":14},{"not_picked":["Tools of the Trade","Storm of Steel"],"picked":"Corpse Explosion","floor":16},{"not_picked":["Dagger Spray","Calculated Gamble"],"picked":"Leg Sweep+1","floor":18},{"not_picked":["Bane","Underhanded Strike"],"picked":"Backflip","floor":19},{"not_picked":["Setup","Poisoned Stab"],"picked":"Dash","floor":20},{"not_picked":["Bouncing Flask","Poisoned Stab"],"picked":"Cloak And Dagger+1","floor":21}],"player_experience":1041507,"relics_obtained":[{"floor":6,"key":"Thread and Needle"},{"floor":9,"key":"The Specimen"}],"event_choices":[{"damage_healed":0,"gold_gain":0,"player_choice":"Rummage","damage_taken":0,"relics_obtained":["WarpedTongs"],"max_hp_gain":0,"max_hp_loss":0,"event_name":"Accursed Blacksmith","floor":4,"gold_loss":0,"cards_obtained":["Pain"]}],"is_beta":false,"boss_relics":[{"not_picked":["Busted Crown","Runic Pyramid","Black Star"]}],"items_purged_floors":[],"is_endless":false,"potions_floor_spawned":[1,2,6,11,14,18,20],"killed_by":"Sentry and Sphere","ascension_level":10}