{"path_per_floor":["M","?","T","M","?","E","M","$","T","E","M","R","M"],"character_chosen":"DEFECT","items_purchased":[],"gold_per_floor":[118,118,144,154,104,159,174,99,145,175,194,194,210,210],"floor_reached":14,"campfire_rested":0,"playtime":972,"item_purchase_floors":[],"current_hp_per_floor":[74,67,74,59,59,34,30,30,30,17,14,14,14,0],"items_purged":["Strike_B"],"gold":210,"score":105,"play_id":"43ccb7c7-7976-4ee9-adff-c7d9d5101b1e","local_time":"20180608202210","is_prod":false,"is_daily":false,"chose_seed":false,"is_ascension_mode":true,"campfire_upgraded":1,"win_rate":0,"timestamp":1528510930,"campfire_choices":[{"data":"Zap","floor":12,"key":"SMITH"}],"path_taken":["M","?","?","M","?","E","M","?","T","E","?","R","M","E"],"build_version":"2018-06-07v3","seed_source_timestamp":532513265635643,"purchased_purges":1,"victory":false,"master_deck":["Strike_B","Strike_B","Defend_B","Defend_B","Defend_B","Defend_B","Zap+1","Dualcast","Echo Form","Barrage","Heatsinks","Hologram","Steam"],"max_hp_per_floor":[75,75,82,82,82,82,82,82,82,82,82,82,82,82],"relics":["Cracked Core","Strawberry","Tiny Chest","Boot","Orichalcum"],"card_choices":[{"not_picked":["Buffer","Thunder Strike"],"picked":"Echo Form","floor":0},{"not_picked":["Leap","Stack","Steam"],"picked":"SKIP","floor":1},{"not_picked":["Beam Cell","Turbo"],"picked":"Barrage","floor":4},{"not_picked":["Amplify","Rainbow"],"picked":"Heatsinks","floor":6},{"not_picked":["Streamline","Aggregate","Reprogram"],"picked":"SKIP","floor":7},{"not_picked":["Blizzard","Lockon"],"picked":"Hologram","floor":10},{"not_picked":["Leap","Cold Snap"],"picked":"Steam","floor":11},{"not_picked":["Streamline","Beam Cell","Rebound"],"picked":"SKIP","floor":13}],"player_experience":134462,"potions_floor_usage":[10,10],"damage_taken":[{"damage":1,"enemies":"Jaw Worm","floor":1,"turns":5},{"damage":15,"enemies":"Small Slimes","floor":4,"turns":4},{"damage":25,"enemies":"3 Sentries","floor":6,"turns":8},{"damage":4,"enemies":"2 Louse","floor":7,"turns":3},{"damage":13,"enemies":"Gremlin Nob","floor":10,"turns":4},{"damage":3,"enemies":"Exordium Thugs","floor":11,"turns":5},{"damage":0,"enemies":"2 Fungi Beasts","floor":13,"turns":4},{"damage":15,"enemies":"3 Sentries","floor":14,"turns":4}],"relics_obtained":[{"floor":3,"key":"Strawberry"},{"floor":6,"key":"Tiny Chest"},{"floor":9,"key":"Boot"},{"floor":10,"key":"Orichalcum"}],"event_choices":[{"event_name":"Golden Wing","player_choice":"Card Removal","floor":2,"damage_taken":0},{"event_name":"The Cleric","player_choice":"Card Removal","floor":5,"damage_taken":0}],"boss_relics":[],"items_purged_floors":[8],"potions_floor_spawned":[4,7],"seed_played":"-5056458478660236849","killed_by":"3 Sentries","ascension_level":1,"potions_obtained":[{"floor":4,"key":"Block Potion"},{"floor":7,"key":"Energy Potion"}],"is_trial":false}