{"gold_per_floor":[116,116,133,153,164,164,179,189,189,189,215,215,247,264,264,335,335,345,315,365,39,39,39,52,52,52,52,66,66,31,31],"floor_reached":31,"playtime":1288,"items_purged":[],"score":482,"play_id":"eea00756-a1fd-4fbd-9393-bbc73bc5cbca","local_time":"20190204042420","is_ascension_mode":true,"campfire_choices":[{"data":"Feed","floor":6,"key":"SMITH"},{"data":"Bash","floor":10,"key":"SMITH"},{"data":"Intimidate","floor":12,"key":"SMITH"},{"data":"Corruption","floor":15,"key":"SMITH"},{"data":"Dark Embrace","floor":23,"key":"SMITH"},{"floor":27,"key":"REST"},{"data":"Perfected Strike","floor":29,"key":"SMITH"}],"neow_cost":"NONE","seed_source_timestamp":2024349960931096,"circlet_count":0,"master_deck":["AscendersBane","Strike_R","Strike_R","Strike_R","Strike_R","Strike_R","Defend_R","Defend_R","Defend_R","Defend_R","Bash+1","Metallicize","Intimidate+1","Perfected Strike","Feed+1","Pommel Strike","Pommel Strike","Evolve","Corruption+1","Dark Embrace+1","Power Through","Perfected Strike+1","Metallicize","Shrug It Off","Armaments+1","Writhe","Sentinel","Sever Soul"],"relics":["Burning Blood","Meat on the Bone","Peace Pipe","Darkstone Periapt","Runic Pyramid","Toy Ornithopter","Mango","Question Card"],"potions_floor_usage":[3,11,18,24],"damage_taken":[{"damage":9,"enemies":"2 Louse","floor":1,"turns":3},{"damage":5,"enemies":"Cultist","floor":3,"turns":6},{"damage":2,"enemies":"Jaw Worm","floor":4,"turns":5},{"damage":27,"enemies":"Large Slime","floor":5,"turns":8},{"damage":9,"enemies":"Looter","floor":7,"turns":3},{"damage":0,"enemies":"2 Fungi Beasts","floor":8,"turns":3},{"damage":24,"enemies":"Lagavulin","floor":11,"turns":7},{"damage":23,"enemies":"Gremlin Nob","floor":13,"turns":4},{"damage":23,"enemies":"3 Louse","floor":14,"turns":3},{"damage":32,"enemies":"Slime Boss","floor":16,"turns":12},{"damage":33,"enemies":"Shell Parasite","floor":18,"turns":6},{"damage":33,"enemies":"2 Thieves","floor":19,"turns":5},{"damage":37,"enemies":"Snake Plant","floor":24,"turns":5},{"damage":24,"enemies":"Chosen and Byrds","floor":28,"turns":7},{"damage":88,"enemies":"Gremlin Leader","floor":31,"turns":10}],"seed_played":"-2545461299467915377","potions_obtained":[{"floor":1,"key":"SpeedPotion"},{"floor":2,"key":"SpeedPotion"},{"floor":2,"key":"Weak Potion"},{"floor":7,"key":"Weak Potion"},{"floor":8,"key":"Poison Potion"},{"floor":14,"key":"LiquidBronze"},{"floor":16,"key":"AttackPotion"},{"floor":18,"key":"FearPotion"},{"floor":24,"key":"Swift Potion"}],"is_trial":false,"path_per_floor":["M","?","M","M","M","R","M","M","T","R","E","R","E","M","R","B",null,"M","M","?","$","?","R","M","?","T","R","M","R","$","E"],"character_chosen":"IRONCLAD","items_purchased":["Metallicize","Shrug It Off","Toy Ornithopter","Sever Soul"],"campfire_rested":1,"item_purchase_floors":[21,21,21,30],"current_hp_per_floor":[72,72,73,77,56,56,57,67,67,67,61,61,56,55,55,45,85,58,47,47,47,47,47,33,53,53,89,75,75,75,0],"gold":31,"neow_bonus":"TEN_PERCENT_HP_BONUS","is_prod":false,"is_daily":false,"chose_seed":false,"campfire_upgraded":6,"win_rate":0,"timestamp":1549272260,"path_taken":["M","?","?","M","M","R","M","M","T","R","E","R","E","M","R","BOSS","M","M","?","$","?","R","M","?","T","R","M","R","$","E"],"build_version":"2019-01-23","purchased_purges":0,"victory":false,"max_hp_per_floor":[82,82,82,82,82,82,86,90,90,90,90,90,90,94,94,98,98,98,102,102,102,102,102,102,122,122,122,126,126,126,126],"card_choices":[{"not_picked":["Cleave","Havoc"],"picked":"Metallicize","floor":1},{"not_picked":["Second Wind","Warcry"],"picked":"Intimidate","floor":3},{"not_picked":["Flex","Warcry"],"picked":"Perfected Strike","floor":4},{"not_picked":["Wild Strike","Havoc"],"picked":"Feed","floor":5},{"not_picked":["Heavy Blade","Blood for Blood"],"picked":"Pommel Strike","floor":7},{"not_picked":["Anger","Havoc"],"picked":"Pommel Strike","floor":8},{"not_picked":["Pummel","Sword Boomerang"],"picked":"Evolve","floor":11},{"not_picked":["Wild Strike","Seeing Red"],"picked":"Corruption","floor":13},{"not_picked":["Body Slam","Headbutt","Cleave"],"picked":"SKIP","floor":14},{"not_picked":["Offering","Brutality"],"picked":"Dark Embrace","floor":16},{"not_picked":["Clash","Havoc"],"picked":"Power Through","floor":18},{"not_picked":["Warcry","Clash"],"picked":"Perfected Strike","floor":19},{"not_picked":["Pommel Strike","Dropkick"],"picked":"Armaments+1","floor":24},{"not_picked":["Bloodletting","Wild Strike","Shrug It Off"],"picked":"Sentinel","floor":28}],"player_experience":524612,"relics_obtained":[{"floor":9,"key":"Meat on the Bone"},{"floor":11,"key":"Peace Pipe"},{"floor":13,"key":"Darkstone Periapt"},{"floor":26,"key":"Question Card"}],"event_choices":[{"damage_healed":0,"gold_gain":0,"player_choice":"Got Potions","damage_taken":0,"max_hp_gain":0,"max_hp_loss":0,"event_name":"Lab","floor":2,"gold_loss":0},{"damage_healed":0,"gold_gain":50,"player_choice":"Stole From Cult","damage_taken":0,"max_hp_gain":0,"max_hp_loss":0,"event_name":"Nest","floor":20,"gold_loss":0},{"damage_healed":0,"gold_gain":0,"player_choice":"Ignored","damage_taken":0,"max_hp_gain":0,"max_hp_loss":0,"event_name":"Beggar","floor":22,"gold_loss":0},{"damage_healed":0,"gold_gain":0,"player_choice":"Opened","damage_taken":0,"relics_obtained":["Mango"],"max_hp_gain":0,"max_hp_loss":0,"event_name":"The Mausoleum","floor":25,"gold_loss":0,"cards_obtained":["Writhe"]}],"is_beta":false,"boss_relics":[{"not_picked":["Philosopher\u0027s Stone","Fusion Hammer"],"picked":"Runic Pyramid"}],"items_purged_floors":[],"is_endless":false,"potions_floor_spawned":[1,7,8,14,16,18,19,24],"killed_by":"Gremlin Leader","ascension_level":15}