{"gold_per_floor":[17,17,17,37,37,65,65,100,123,150,150,21,47,58,58,153,153,165,178,178,178,178,178,192,27,27,47,47,47,109,42,42,146,146,159,159,1158,1175,1191,1222,1241,1241,1266,725,756,774,794,794,794,794,794,794,128,163,163],"floor_reached":56,"playtime":2467,"items_purged":["Strike_B","Normality","Normality"],"score":1381,"play_id":"b591db36-2c77-4855-a997-b097e97a4283","local_time":"20181118131309","is_ascension_mode":true,"campfire_choices":[{"floor":11.0,"key":"REST"},{"data":"Beam Cell","floor":15.0,"key":"SMITH"},{"data":"Panacea","floor":23.0,"key":"SMITH"},{"floor":28.0,"key":"REST"},{"data":"Echo Form","floor":32.0,"key":"SMITH"},{"floor":42.0,"key":"REST"},{"floor":49.0,"key":"RECALL"},{"floor":52.0,"key":"REST"}],"neow_cost":"NO_GOLD","seed_source_timestamp":413046521692486,"circlet_count":0,"master_deck":["Defend_B+1","Defend_B+1","Defend_B+1","Defend_B+1","Zap","Dualcast+1","Panacea+1","Deep Breath+1","Beam Cell+1","Electrodynamics","Streamline","Doom and Gloom","Capacitor","Biased Cognition","Auto Shields+1","Machine Learning+1","Reinforced Body+1","Barrage+1","Echo Form+1","Defragment","Magnetism","Static Discharge+1","Reboot","Consume+1","Go for the Eyes","Static Discharge+1","Defragment","Leap+1","Parasite","Go for the Eyes+1","Capacitor","Glacier","Secret Weapon","Recycle"],"special_seed":0,"relics":["Cracked Core","Smiling Mask","Happy Flower","Regal Pillow","Cables","Bottled Lightning","Astrolabe","FossilizedHelix","Kunai","Tiny Chest","DataDisk","Fusion Hammer","Blood Vial","Ice Cream","Centennial Puzzle","Bird Faced Urn","Orichalcum","Matryoshka","Sling","Ornamental Fan"],"potions_floor_usage":[55,55,55],"damage_taken":[{"damage":1.0,"enemies":"Jaw Worm","floor":1.0,"turns":3.0},{"damage":0.0,"enemies":"2 Louse","floor":4.0,"turns":2.0},{"damage":3.0,"enemies":"Gremlin Nob","floor":6.0,"turns":3.0},{"damage":21.0,"enemies":"Lagavulin","floor":8.0,"turns":4.0},{"damage":16.0,"enemies":"3 Sentries","floor":10.0,"turns":5.0},{"damage":13.0,"enemies":"Lagavulin","floor":13.0,"turns":5.0},{"damage":0.0,"enemies":"Small Slimes","floor":14.0,"turns":2.0},{"damage":0.0,"enemies":"Slime Boss","floor":16.0,"turns":6.0},{"damage":5.0,"enemies":"Chosen","floor":18.0,"turns":4.0},{"damage":10.0,"enemies":"Spheric Guardian","floor":19.0,"turns":3.0},{"damage":0.0,"enemies":"Snecko","floor":24.0,"turns":3.0},{"damage":12.0,"enemies":"Shelled Parasite and Fungi","floor":27.0,"turns":4.0},{"damage":20.0,"enemies":"Gremlin Leader","floor":30.0,"turns":9.0},{"damage":14.0,"enemies":"Champ","floor":33.0,"turns":10.0},{"damage":24.0,"enemies":"3 Darklings","floor":35.0,"turns":4.0},{"damage":2.0,"enemies":"Orb Walker","floor":38.0,"turns":3.0},{"damage":0.0,"enemies":"Maw","floor":39.0,"turns":7.0},{"damage":9.0,"enemies":"Reptomancer","floor":40.0,"turns":5.0},{"damage":11.0,"enemies":"3 Darklings","floor":41.0,"turns":2.0},{"damage":67.0,"enemies":"Nemesis","floor":45.0,"turns":9.0},{"damage":16.0,"enemies":"Writhing Mass","floor":46.0,"turns":7.0},{"damage":0.0,"enemies":"Maw","floor":47.0,"turns":6.0},{"damage":51.0,"enemies":"Time Eater","floor":50.0,"turns":8.0},{"damage":35.0,"enemies":"Shield and Spear","floor":54.0,"turns":7.0},{"damage":54,"enemies":"The Heart","floor":55,"turns":9}],"seed_played":"-5137781048619171958","potions_obtained":[{"floor":8.0,"key":"GamblersBrew"},{"floor":10.0,"key":"SkillPotion"},{"floor":16.0,"key":"Dexterity Potion"},{"floor":24.0,"key":"SteroidPotion"},{"floor":30.0,"key":"Energy Potion"},{"floor":39.0,"key":"Explosive Potion"},{"floor":40.0,"key":"Explosive Potion"},{"floor":45.0,"key":"Ancient Potion"},{"floor":54.0,"key":"Energy Potion"}],"is_trial":false,"path_per_floor":["M","$","?","M","?","E","?","E","T","E","R","$","E","M","R","B",null,"M","M","?","?","?","R","M","$","T","M","R","?","E","?","R","B",null,"M","T","?","M","M","E","M","R","T","$","E","M","M","?","R","B",null,"R","$","E","B",null],"character_chosen":"DEFECT","items_purchased":["Capacitor","Magnetism","Bird Faced Urn","Orichalcum","Defragment","Sling","Capacitor","Glacier","Secret Weapon","GamblersBrew","Recycle"],"campfire_rested":4,"item_purchase_floors":[12,25,44,44,44,53,53,53,53,53,53],"current_hp_per_floor":[74,74,79,79,63,60,60,39,39,23,62,62,49,49,49,49,80,75,65,50,50,50,50,50,50,50,38,78,78,58,58,58,44,85,61,61,61,61,63,56,47,85,85,85,34,38,52,52,52,29,85,85,85,64,38],"gold":163,"neow_bonus":"RANDOM_COLORLESS_2","is_prod":false,"is_daily":false,"chose_seed":false,"campfire_upgraded":3,"win_rate":0,"timestamp":1542564789,"path_taken":["M","$","?","M","?","E","?","E","T","E","R","$","E","M","R","BOSS","M","M","?","?","?","R","M","$","T","?","R","?","E","?","R","BOSS","M","?","?","?","M","E","M","R","T","$","E","M","?","?","R","BOSS","R","$","E","BOSS"],"build_version":"2018-11-15","purchased_purges":3,"victory":true,"max_hp_per_floor":[75,75,80,80,80,80,80,80,80,80,80,80,80,80,80,80,80,80,80,85,85,85,85,85,85,85,85,85,85,85,85,85,85,85,85,85,85,85,85,85,85,85,85,85,85,85,85,85,85,85,85,85,85,85,85],"card_choices":[{"not_picked":["Doom and Gloom","Scrape"],"picked":"Beam Cell","floor":1.0},{"not_picked":["Lockon","Compile Driver"],"picked":"Ball Lightning","floor":4.0},{"not_picked":["Leap","Aggregate"],"picked":"Electrodynamics","floor":6.0},{"not_picked":["Leap","Conserve Battery"],"picked":"Streamline","floor":8.0},{"not_picked":["Electrodynamics","Cold Snap"],"picked":"Doom and Gloom","floor":10.0},{"not_picked":["Steam","Ball Lightning","Compile Driver"],"picked":"SKIP","floor":13.0},{"not_picked":["Chill","Hologram","Leap"],"picked":"SKIP","floor":14.0},{"not_picked":["Fission","Multi-Cast"],"picked":"Biased Cognition","floor":16.0},{"not_picked":["Heatsinks","Sweeping Beam"],"picked":"Barrage+1","floor":18.0},{"not_picked":["Steam Power","Gash","Rebound"],"picked":"SKIP","floor":19.0},{"not_picked":["Conserve Battery","Rebound+1"],"picked":"Defragment","floor":24.0},{"not_picked":["Ball Lightning","Coolheaded"],"picked":"Static Discharge+1","floor":27.0},{"not_picked":["Reprogram","Stack","Double Energy"],"picked":"SKIP","floor":30.0},{"not_picked":["Biased Cognition","Multi-Cast"],"picked":"Reboot","floor":33.0},{"not_picked":["Heatsinks","Compile Driver"],"picked":"Consume+1","floor":35.0},{"not_picked":["Steam","Barrage"],"picked":"Go for the Eyes","floor":38.0},{"not_picked":["Beam Cell","Gash+1","Steam Power"],"picked":"SKIP","floor":39.0},{"not_picked":["Rip and Tear","Streamline","BootSequence"],"picked":"SKIP","floor":40.0},{"not_picked":["Compile Driver+1","Gash"],"picked":"Static Discharge+1","floor":41.0},{"not_picked":["Compile Driver+1","Stack+1"],"picked":"Leap+1","floor":45.0},{"not_picked":["Aggregate+1","Heatsinks"],"picked":"Go for the Eyes+1","floor":46.0},{"not_picked":["Melter","Steam","Gash+1"],"picked":"SKIP","floor":47.0},{"not_picked":["Streamline+1","Leap","Hyperbeam"],"picked":"SKIP","floor":54.0}],"player_experience":564676,"relics_obtained":[{"floor":6.0,"key":"Smiling Mask"},{"floor":8.0,"key":"Regal Pillow"},{"floor":10.0,"key":"Cables"},{"floor":13.0,"key":"Bottled Lightning"},{"floor":26.0,"key":"Kunai"},{"floor":30.0,"key":"Tiny Chest"},{"floor":36.0,"key":"Blood Vial"},{"floor":40.0,"key":"Ice Cream"},{"floor":43.0,"key":"Centennial Puzzle"},{"floor":45.0,"key":"Matryoshka"},{"floor":54.0,"key":"Ornamental Fan"}],"event_choices":[{"damage_healed":0.0,"max_hp_gain":5.0,"max_hp_loss":0.0,"gold_gain":0.0,"event_name":"Big Fish","player_choice":"Donut","floor":3.0,"gold_loss":0.0,"damage_taken":0.0},{"damage_healed":0.0,"max_hp_gain":0.0,"max_hp_loss":0.0,"gold_gain":0.0,"event_name":"Shining Light","player_choice":"Entered Light","floor":5.0,"gold_loss":0.0,"damage_taken":16.0,"cards_upgraded":["Dualcast","Deep Breath"]},{"damage_healed":0.0,"max_hp_gain":0.0,"max_hp_loss":0.0,"gold_gain":0.0,"event_name":"Dead Adventurer","player_choice":"Searched \u00271\u0027 times","floor":7.0,"gold_loss":0.0,"damage_taken":0.0,"relics_obtained":["Happy Flower"]},{"damage_healed":0.0,"max_hp_gain":5.0,"max_hp_loss":0.0,"gold_gain":0.0,"event_name":"Forgotten Altar","player_choice":"Shed Blood","floor":20.0,"gold_loss":0.0,"damage_taken":20.0},{"damage_healed":0.0,"max_hp_gain":0.0,"max_hp_loss":0.0,"gold_gain":0.0,"event_name":"The Mausoleum","player_choice":"Opened","floor":21.0,"gold_loss":0.0,"damage_taken":0.0,"relics_obtained":["FossilizedHelix"]},{"damage_healed":0.0,"max_hp_gain":0.0,"max_hp_loss":0.0,"gold_gain":0.0,"event_name":"Match and Keep!","player_choice":"1 cards matched","floor":22.0,"gold_loss":0.0,"damage_taken":0.0,"cards_obtained":["Echo Form"]},{"damage_healed":0.0,"max_hp_gain":0.0,"max_hp_loss":0.0,"gold_gain":0.0,"event_name":"Back to Basics","player_choice":"Simplicity","floor":29.0,"gold_loss":0.0,"damage_taken":0.0,"cards_upgraded":["Defend_B","Defend_B","Defend_B","Defend_B"]},{"damage_healed":0.0,"max_hp_gain":0.0,"max_hp_loss":0.0,"gold_gain":0.0,"event_name":"WeMeetAgain","player_choice":"Paid Gold","floor":31.0,"gold_loss":67.0,"damage_taken":0.0,"relics_obtained":["DataDisk"]},{"damage_healed":0.0,"max_hp_gain":0.0,"max_hp_loss":0.0,"gold_gain":999.0,"event_name":"MindBloom","player_choice":"Gold","floor":37.0,"gold_loss":0.0,"damage_taken":0.0,"cards_obtained":["Normality","Normality"]},{"cards_removed":["Ball Lightning"],"damage_healed":0.0,"max_hp_gain":0.0,"max_hp_loss":0.0,"gold_gain":0.0,"event_name":"Falling","player_choice":"Removed Attack","floor":48.0,"gold_loss":0.0,"damage_taken":0.0}],"is_beta":true,"boss_relics":[{"not_picked":["Pandora\u0027s Box","White Beast Statue"],"picked":"Astrolabe"},{"not_picked":["Runic Dome","Lizard Tail"],"picked":"Fusion Hammer"}],"items_purged_floors":[12,44,53],"is_endless":false,"potions_floor_spawned":[8,10,16,24,30,39,40,45,46,54],"ascension_level":1}