{"gold_per_floor":[361,372,372,37,37,37,53,74,74,74,98,145,245,263,263,382,382,402,402,10,10,35,35,76,76,76,76,99,119,152,168,168,168],"floor_reached":33,"playtime":1748,"items_purged":["Injury","Strike_G"],"score":454,"play_id":"17579c2a-3a13-4210-b50d-24dfc49e70a3","local_time":"20181222211436","is_ascension_mode":true,"campfire_choices":[{"data":"Apotheosis","floor":6,"key":"SMITH"},{"floor":10,"key":"REST"},{"data":"Venomology","floor":15,"key":"SMITH"},{"data":"Crippling Poison","floor":23,"key":"SMITH"},{"data":"Acrobatics","floor":25,"key":"SMITH"},{"floor":32,"key":"REST"}],"neow_cost":"TEN_PERCENT_HP_LOSS","seed_source_timestamp":788514949582797,"circlet_count":0,"master_deck":["AscendersBane","Defend_G","Defend_G","Defend_G","Defend_G","Defend_G","Strike_G","Strike_G","Strike_G","Strike_G","Survivor","Neutralize","Tactician","Backflip","Apotheosis+1","Tactician","Poisoned Stab","Backstab","Dagger Throw","Venomology+1","Phantasmal Killer+1","Crippling Poison+1","Ghostly","Ghostly","Ghostly","Ghostly","Ghostly","Madness","Finesse","Expertise+1","Acrobatics+1","Blade Dance+1","Dodge and Roll"],"relics":["Ring of the Serpent","Golden Idol","The Courier","Potion Belt","Bag of Preparation","Membership Card","Shuriken","Strawberry","Singing Bowl","Bottled Flame"],"potions_floor_usage":[16,24,24,24,30,30,31,33,33,33],"damage_taken":[{"damage":0,"enemies":"2 Louse","floor":1,"turns":5},{"damage":9,"enemies":"Jaw Worm","floor":2,"turns":6},{"damage":0,"enemies":"Cultist","floor":7,"turns":4},{"damage":6,"enemies":"3 Louse","floor":8,"turns":4},{"damage":4,"enemies":"Large Slime","floor":11,"turns":6},{"damage":0,"enemies":"Exordium Thugs","floor":14,"turns":3},{"damage":37,"enemies":"The Guardian","floor":16,"turns":15},{"damage":10,"enemies":"Shell Parasite","floor":18,"turns":5},{"damage":1,"enemies":"2 Thieves","floor":22,"turns":4},{"damage":3,"enemies":"Gremlin Leader","floor":24,"turns":6},{"damage":4,"enemies":"Shelled Parasite and Fungi","floor":28,"turns":6},{"damage":8,"enemies":"Sentry and Sphere","floor":29,"turns":9},{"damage":4,"enemies":"Book of Stabbing","floor":30,"turns":7},{"damage":13,"enemies":"Centurion and Healer","floor":31,"turns":11},{"damage":40,"enemies":"Champ","floor":33,"turns":12}],"seed_played":"839446396459298410","potions_obtained":[{"floor":8,"key":"Weak Potion"},{"floor":11,"key":"SpeedPotion"},{"floor":22,"key":"GamblersBrew"},{"floor":29,"key":"Strength Potion"}],"is_trial":false,"path_per_floor":["M","M","?","$","?","R","M","M","T","R","M","T","?","M","R","B",null,"M","?","$","?","M","R","E","R","T","?","M","M","E","M","R","B"],"character_chosen":"THE_SILENT","items_purchased":["Apotheosis","Tactician","Membership Card","Madness","Finesse","Shuriken"],"campfire_rested":2,"item_purchase_floors":[4,4,20,20,20,20],"current_hp_per_floor":[63,54,54,54,42,42,42,36,36,54,50,50,50,50,50,13,51,41,31,31,31,30,30,34,34,34,34,30,24,20,9,21,0],"gold":168,"neow_bonus":"TWO_FIFTY_GOLD","is_prod":false,"is_daily":false,"chose_seed":false,"campfire_upgraded":4,"win_rate":0,"timestamp":1545531276,"path_taken":["M","M","?","$","?","R","M","?","T","R","M","?","?","?","R","BOSS","M","?","$","?","M","R","E","R","T","?","M","?","E","?","R","BOSS"],"build_version":"2018-12-20","purchased_purges":2,"victory":false,"max_hp_per_floor":[63,63,63,63,63,63,63,63,63,63,63,63,63,63,63,63,63,63,31,31,31,31,31,38,38,38,38,38,40,40,42,42,42],"card_choices":[{"not_picked":["Prepared","Outmaneuver"],"picked":"Tactician","floor":1},{"not_picked":["Acrobatics","Dagger Spray"],"picked":"Backflip","floor":2},{"not_picked":["Sucker Punch","Backstab"],"picked":"Poisoned Stab","floor":7},{"not_picked":["PiercingWail","Predator"],"picked":"Backstab","floor":8},{"not_picked":["Outmaneuver","All Out Attack"],"picked":"Dagger Throw","floor":11},{"not_picked":["Acrobatics","Underhanded Strike"],"picked":"Venomology","floor":14},{"not_picked":["Envenom","Die Die Die"],"picked":"Phantasmal Killer","floor":16},{"not_picked":["Blade Dance","PiercingWail+1"],"picked":"Crippling Poison","floor":18},{"not_picked":["Underhanded Strike","Choke+1"],"picked":"Expertise+1","floor":22},{"not_picked":["Blade Dance+1","Grand Finale"],"picked":"Acrobatics","floor":24},{"not_picked":["Accuracy","Cloak And Dagger"],"picked":"Blade Dance+1","floor":28},{"not_picked":["Backflip","PiercingWail","Dagger Spray"],"picked":"Singing Bowl","floor":29},{"not_picked":["Noxious Fumes","Bane"],"picked":"Dodge and Roll","floor":30},{"not_picked":["Heel Hook+1","Choke+1","Skewer"],"picked":"Singing Bowl","floor":31}],"player_experience":420796,"relics_obtained":[{"floor":9,"key":"Potion Belt"},{"floor":12,"key":"Bag of Preparation"},{"floor":24,"key":"Strawberry"},{"floor":26,"key":"Singing Bowl"},{"floor":30,"key":"Bottled Flame"}],"event_choices":[{"damage_healed":0,"gold_gain":0,"player_choice":"Take Wound","damage_taken":0,"relics_obtained":["Golden Idol"],"max_hp_gain":0,"max_hp_loss":0,"event_name":"Golden Idol","floor":3,"gold_loss":0,"cards_obtained":["Injury"]},{"damage_healed":0,"gold_gain":0,"player_choice":"Success","damage_taken":12,"relics_obtained":["The Courier"],"max_hp_gain":0,"max_hp_loss":0,"event_name":"Scrap Ooze","floor":5,"gold_loss":0},{"damage_healed":0,"gold_gain":100,"player_choice":"Pray","damage_taken":0,"max_hp_gain":0,"max_hp_loss":0,"event_name":"Golden Shrine","floor":13,"gold_loss":0},{"damage_healed":0,"gold_gain":0,"player_choice":"Became a Ghost","damage_taken":0,"max_hp_gain":0,"max_hp_loss":32,"event_name":"Ghosts","floor":19,"gold_loss":0,"cards_obtained":["Ghostly","Ghostly","Ghostly","Ghostly","Ghostly"]},{"damage_healed":0,"gold_gain":0,"player_choice":"Ignored","damage_taken":0,"max_hp_gain":0,"max_hp_loss":0,"event_name":"Vampires","floor":21,"gold_loss":0},{"damage_healed":0,"gold_gain":0,"player_choice":"Upgraded","damage_taken":0,"max_hp_gain":0,"max_hp_loss":0,"event_name":"Upgrade Shrine","floor":27,"gold_loss":0,"cards_upgraded":["Phantasmal Killer"]}],"is_beta":false,"boss_relics":[{"not_picked":["Velvet Choker","Pandora\u0027s Box"],"picked":"Ring of the Serpent"}],"items_purged_floors":[4,20],"is_endless":false,"potions_floor_spawned":[8,11,22,29],"killed_by":"Champ","ascension_level":11}