{"gold_per_floor":[112,31,49,66,85,85,120,120,120,49,79,96,96],"floor_reached":13,"playtime":682,"items_purged":[],"score":147,"play_id":"eb28b493-a3b5-43bc-afb9-1847bc21d5e5","local_time":"20190119121332","is_ascension_mode":true,"campfire_choices":[{"data":"Noxious Fumes","floor":6,"key":"SMITH"}],"neow_cost":"NONE","seed_source_timestamp":2791998941589,"circlet_count":0,"master_deck":["AscendersBane","Defend_G","Defend_G","Defend_G","Defend_G","Defend_G","Strike_G","Strike_G","Strike_G","Strike_G","Survivor","Neutralize","All Out Attack","Noxious Fumes+1","Poisoned Stab","Deadly Poison","Cloak And Dagger","Backflip","Flying Knee","Noxious Fumes","Cloak And Dagger","Bullet Time"],"relics":["Runic Pyramid","Strawberry","Pantograph","Nunchaku"],"potions_floor_usage":[7,11],"damage_taken":[{"damage":2,"enemies":"Cultist","floor":1,"turns":4},{"damage":6,"enemies":"2 Louse","floor":3,"turns":2},{"damage":7,"enemies":"Jaw Worm","floor":4,"turns":4},{"damage":9,"enemies":"Looter","floor":5,"turns":3},{"damage":29,"enemies":"Gremlin Nob","floor":7,"turns":4},{"damage":11,"enemies":"Lagavulin","floor":11,"turns":6},{"damage":1,"enemies":"2 Fungi Beasts","floor":12,"turns":4},{"damage":11,"enemies":"Gremlin Gang","floor":13,"turns":4}],"seed_played":"6384538427578842212","potions_obtained":[{"floor":3,"key":"Poison Potion"},{"floor":7,"key":"EssenceOfSteel"}],"is_trial":false,"path_per_floor":["M","$","M","M","M","R","E","?","T","$","E","M","M"],"character_chosen":"THE_SILENT","items_purchased":["Noxious Fumes","Noxious Fumes"],"campfire_rested":0,"item_purchase_floors":[2,10],"current_hp_per_floor":[61,61,55,48,39,39,17,17,17,17,6,5,0],"gold":96,"neow_bonus":"BOSS_RELIC","is_prod":false,"is_daily":false,"chose_seed":false,"campfire_upgraded":1,"win_rate":0,"timestamp":1547900012,"path_taken":["M","$","M","M","M","R","E","?","T","$","E","M","M"],"build_version":"2019-01-17v2","purchased_purges":0,"victory":false,"max_hp_per_floor":[70,70,70,70,70,70,77,77,77,77,77,77,77],"card_choices":[{"not_picked":["Flying Knee","Outmaneuver"],"picked":"All Out Attack","floor":1},{"not_picked":["Quick Slash","Blade Dance"],"picked":"Poisoned Stab","floor":3},{"not_picked":["Blade Dance","Bane"],"picked":"Deadly Poison","floor":4},{"not_picked":["Dagger Spray","Backflip"],"picked":"Cloak And Dagger","floor":5},{"not_picked":["Outmaneuver","Quick Slash"],"picked":"Backflip","floor":7},{"not_picked":["Flying Knee","Infinite Blades"],"picked":"Cloak And Dagger","floor":11},{"not_picked":["Setup","Poisoned Stab"],"picked":"Bullet Time","floor":12}],"player_experience":1210200,"relics_obtained":[{"floor":7,"key":"Strawberry"},{"floor":9,"key":"Pantograph"},{"floor":11,"key":"Nunchaku"}],"event_choices":[{"damage_healed":0,"gold_gain":0,"cards_transformed":["Strike_G"],"player_choice":"Change","damage_taken":0,"max_hp_gain":0,"max_hp_loss":0,"event_name":"Living Wall","floor":8,"gold_loss":0,"cards_obtained":["Flying Knee"]}],"is_beta":false,"boss_relics":[],"items_purged_floors":[],"is_endless":false,"potions_floor_spawned":[3,7],"killed_by":"Gremlin Gang","ascension_level":11}