{"gold_per_floor":[111,111,122,142,217,217,230,32,111,76,76,95,114,170,170,271,271,285,285,305,81,101,129,129,30,30,45,45,45,45,64,64,64],"floor_reached":33,"playtime":1911,"items_purged":[],"score":292,"play_id":"70303947-eea0-4db8-b788-9a74eb704d8a","local_time":"20190107211348","is_ascension_mode":false,"campfire_choices":[{"floor":6,"key":"RECALL"},{"floor":15,"key":"REST"},{"floor":24,"key":"REST"},{"floor":30,"key":"REST"},{"floor":32,"key":"REST"}],"neow_cost":"NONE","seed_source_timestamp":6782518467391,"circlet_count":0,"master_deck":["Defend_G","Defend_G","Defend_G","Defend_G","Defend_G","Survivor","Neutralize","Quick Slash","Dagger Spray","Deadly Poison","Bouncing Flask","Bane","Deflect","Infinite Blades","Bullet Time","Phantasmal Killer","Flying Knee","Catalyst","Finisher","Backflip","Bouncing Flask+1","Outmaneuver","Footwork","Masterful Stab+1","Bite","Bite","Bite","Bite","Bite","Choke+1","Burst","Terror+1"],"relics":["Ring of the Snake","NeowsBlessing","Snake Skull","Bronze Scales","Bird Faced Urn","Tiny Chest","NlothsMask","Dream Catcher","Du-Vu Doll","Nloth\u0027s Gift"],"potions_floor_usage":[14,23,23,33],"damage_taken":[{"damage":0,"enemies":"Jaw Worm","floor":1,"turns":1},{"damage":0,"enemies":"Cultist","floor":3,"turns":1},{"damage":0,"enemies":"2 Louse","floor":4,"turns":1},{"damage":5,"enemies":"Looter","floor":7,"turns":4},{"damage":11,"enemies":"3 Louse","floor":12,"turns":3},{"damage":8,"enemies":"Red Slaver","floor":13,"turns":3},{"damage":17,"enemies":"Gremlin Nob","floor":14,"turns":4},{"damage":49,"enemies":"Slime Boss","floor":16,"turns":9},{"damage":6,"enemies":"Chosen","floor":18,"turns":3},{"damage":11,"enemies":"Spheric Guardian","floor":20,"turns":4},{"damage":5,"enemies":"Snecko","floor":22,"turns":3},{"damage":21,"enemies":"Gremlin Leader","floor":23,"turns":4},{"damage":35,"enemies":"Snake Plant","floor":27,"turns":4},{"damage":42,"enemies":"Shelled Parasite and Fungi","floor":31,"turns":5},{"damage":54,"enemies":"Collector","floor":33,"turns":5}],"seed_played":"-9152740181485040417","potions_obtained":[{"floor":1,"key":"Regen Potion"},{"floor":13,"key":"Weak Potion"},{"floor":14,"key":"Ancient Potion"},{"floor":22,"key":"Energy Potion"},{"floor":23,"key":"FearPotion"},{"floor":31,"key":"AttackPotion"}],"is_trial":false,"path_per_floor":["M","?","M","M","?","R","M","$","T","?","T","M","M","E","R","B",null,"M","?","M","$","M","E","R","$","T","M","?","?","R","M","R","B"],"character_chosen":"THE_SILENT","items_purchased":["Bronze Scales","Bane","Dream Catcher","Regen Potion","Outmaneuver","Footwork"],"campfire_rested":4,"item_purchase_floors":[8,8,21,21,25,25],"current_hp_per_floor":[70,70,70,70,59,59,54,54,54,70,70,59,51,36,57,10,70,64,64,55,55,52,47,68,68,68,35,35,35,49,17,31,0],"gold":64,"neow_bonus":"THREE_ENEMY_KILL","is_prod":false,"is_daily":false,"chose_seed":false,"campfire_upgraded":0,"win_rate":0,"timestamp":1546895628,"path_taken":["M","?","?","?","?","R","M","$","T","?","?","M","M","E","R","BOSS","M","?","?","$","M","E","R","?","T","M","?","?","R","M","R","BOSS"],"build_version":"2019-01-03v4","purchased_purges":0,"victory":false,"max_hp_per_floor":[70,70,70,70,70,70,70,70,70,70,70,70,70,70,70,70,70,70,70,70,70,70,70,70,70,70,70,49,49,49,49,49,49],"card_choices":[{"not_picked":["Dodge and Roll","Deflect"],"picked":"Quick Slash","floor":1},{"not_picked":["Outmaneuver","PiercingWail"],"picked":"Dagger Spray","floor":3},{"not_picked":["Reflex","Deflect"],"picked":"Deadly Poison","floor":4},{"not_picked":["Heel Hook","Prepared"],"picked":"Bouncing Flask","floor":7},{"not_picked":["Riddle With Holes","Prepared"],"picked":"Deflect","floor":12},{"not_picked":["Calculated Gamble","Sucker Punch"],"picked":"Infinite Blades","floor":13},{"not_picked":["Prepared","Deflect"],"picked":"Bullet Time","floor":14},{"not_picked":["Wraith Form v2","Glass Knife"],"picked":"Phantasmal Killer","floor":16},{"not_picked":["Bane","Prepared"],"picked":"Flying Knee","floor":18},{"not_picked":["Underhanded Strike","Flying Knee"],"picked":"Catalyst","floor":20},{"not_picked":["Reflex","Night Terror"],"picked":"Finisher","floor":22},{"not_picked":["Skewer+1","Predator"],"picked":"Backflip","floor":23},{"not_picked":["Escape Plan","PiercingWail"],"picked":"Bouncing Flask+1","floor":24},{"not_picked":["Cloak And Dagger","Slice"],"picked":"Masterful Stab+1","floor":27},{"not_picked":["Flying Knee","Underhanded Strike"],"picked":"Choke+1","floor":30},{"not_picked":["Dodge and Roll+1","Dagger Spray"],"picked":"Burst","floor":31},{"not_picked":["Poisoned Stab","Backflip"],"picked":"Terror+1","floor":32}],"player_experience":301031,"relics_obtained":[{"floor":11,"key":"Bird Faced Urn"},{"floor":14,"key":"Tiny Chest"},{"floor":23,"key":"Du-Vu Doll"}],"event_choices":[{"damage_healed":0,"gold_gain":0,"player_choice":"Gave Potion","damage_taken":0,"relics_obtained":["Snake Skull"],"max_hp_gain":0,"max_hp_loss":0,"event_name":"WeMeetAgain","floor":2,"gold_loss":0},{"damage_healed":0,"gold_gain":75,"player_choice":"Gather Gold","damage_taken":11,"max_hp_gain":0,"max_hp_loss":0,"event_name":"World of Goop","floor":5,"gold_loss":0},{"damage_healed":17,"gold_gain":0,"player_choice":"Healed","damage_taken":0,"max_hp_gain":0,"max_hp_loss":0,"event_name":"The Cleric","floor":10,"gold_loss":35},{"damage_healed":0,"gold_gain":0,"player_choice":"Trade","damage_taken":0,"relics_obtained":["NlothsMask"],"max_hp_gain":0,"max_hp_loss":0,"event_name":"FaceTrader","floor":19,"gold_loss":0},{"damage_healed":0,"gold_gain":0,"player_choice":"Became a vampire","damage_taken":0,"max_hp_gain":0,"max_hp_loss":21,"event_name":"Vampires","floor":28,"gold_loss":0,"cards_obtained":["Bite","Bite","Bite","Bite","Bite"]},{"damage_healed":0,"gold_gain":0,"player_choice":"Traded Relic","damage_taken":0,"relics_obtained":["Nloth\u0027s Gift"],"max_hp_gain":0,"max_hp_loss":0,"event_name":"N\u0027loth","floor":29,"relics_lost":["Runic Pyramid"],"gold_loss":0}],"is_beta":false,"boss_relics":[{"not_picked":["Lizard Tail","Tiny House"],"picked":"Runic Pyramid"}],"items_purged_floors":[],"is_endless":false,"potions_floor_spawned":[1,13,14,22,23,31],"killed_by":"Collector","ascension_level":0}