{"gold_per_floor":[119,119,165,177,177,177,195,207,232,252,272,272,291,306,306,408,408,421,433,448,459,469,469,501,501,501,501,527,541,573,585,597,714,726,749,1074,1099,1126,486,486,498,510,537,637,0,27,0,0,0,0],"floor_reached":51,"playtime":3667,"items_purged":[],"score":994,"play_id":"cbb43acc-87f3-457b-bc15-bacdf15815f1","local_time":"20181125202104","daily_mods":["SealedDeck","Hoarder","Vintage"],"is_ascension_mode":false,"campfire_choices":[{"data":"Flame Barrier","floor":6,"key":"SMITH"},{"data":"Armaments","floor":12,"key":"SMITH"},{"data":"Flame Barrier","floor":15,"key":"SMITH"},{"data":"Thunderclap","floor":23,"key":"SMITH"},{"data":"Body Slam","floor":25,"key":"SMITH"},{"data":"Body Slam","floor":32,"key":"SMITH"},{"data":"Body Slam","floor":40,"key":"SMITH"},{"floor":49,"key":"REST"}],"neow_cost":"","seed_source_timestamp":0,"circlet_count":0,"master_deck":["Body Slam+1","Body Slam+1","Body Slam+1","Armaments","Armaments","Armaments+1","Pummel","Pummel","Pummel","Iron Wave","Iron Wave","Iron Wave","Dropkick","Dropkick","Dropkick","Uppercut","Uppercut+1","Uppercut","Thunderclap","Thunderclap+1","Thunderclap","Thunderclap","Thunderclap","Thunderclap+1","Shrug It Off","Shrug It Off","Shrug It Off","Flame Barrier+1","Flame Barrier","Flame Barrier+1","Double Tap+1","Double Tap","Double Tap+1","Writhe","Writhe","Writhe","Sadistic Nature","Sadistic Nature","Sadistic Nature","Clumsy","Clumsy","Clumsy"],"relics":["Burning Blood","Red Skull","Tiny Chest","Sundial","Bottled Lightning","FossilizedHelix","Vajra","Orichalcum","Bronze Scales","Darkstone Periapt","Anchor","Busted Crown","Gremlin Horn","Bag of Preparation","Singing Bowl","Bottled Flame","Meat on the Bone","Thread and Needle","Charon\u0027s Ashes","WingedGreaves","MawBank","The Courier","Cursed Key","Molten Egg 2","Old Coin","Juzu Bracelet","Whetstone","Torii","Shuriken","Letter Opener","Kunai","Regal Pillow","Bag of Marbles","Prayer Wheel","War Paint","Centennial Puzzle","Ancient Tea Set","Art of War","Strawberry","Red Mask","Toxic Egg 2"],"potions_floor_usage":[16,16,50,50],"damage_taken":[{"damage":0,"enemies":"Jaw Worm","floor":1,"turns":2},{"damage":0,"enemies":"Cultist","floor":3,"turns":3},{"damage":0,"enemies":"2 Louse","floor":4,"turns":2},{"damage":7,"enemies":"Gremlin Gang","floor":7,"turns":2},{"damage":0,"enemies":"Large Slime","floor":8,"turns":5},{"damage":0,"enemies":"Looter","floor":10,"turns":3},{"damage":0,"enemies":"Blue Slaver","floor":11,"turns":2},{"damage":0,"enemies":"3 Louse","floor":13,"turns":2},{"damage":0,"enemies":"2 Fungi Beasts","floor":14,"turns":2},{"damage":37,"enemies":"The Guardian","floor":16,"turns":8},{"damage":0,"enemies":"Spheric Guardian","floor":18,"turns":3},{"damage":0,"enemies":"2 Thieves","floor":19,"turns":3},{"damage":0,"enemies":"3 Cultists","floor":20,"turns":2},{"damage":0,"enemies":"Chosen and Byrds","floor":21,"turns":3},{"damage":0,"enemies":"Centurion and Healer","floor":22,"turns":3},{"damage":0,"enemies":"Gremlin Leader","floor":24,"turns":4},{"damage":0,"enemies":"Slavers","floor":28,"turns":3},{"damage":0,"enemies":"Sentry and Sphere","floor":29,"turns":3},{"damage":0,"enemies":"Snecko","floor":30,"turns":2},{"damage":38,"enemies":"Automaton","floor":33,"turns":8},{"damage":0,"enemies":"3 Shapes","floor":35,"turns":2},{"damage":0,"enemies":"3 Darklings","floor":36,"turns":1},{"damage":11,"enemies":"Sphere and 2 Shapes","floor":37,"turns":2},{"damage":0,"enemies":"Spire Growth","floor":38,"turns":4},{"damage":0,"enemies":"3 Darklings","floor":41,"turns":2},{"damage":0,"enemies":"Sphere and 2 Shapes","floor":42,"turns":2},{"damage":18,"enemies":"Mind Bloom Boss Battle","floor":44,"turns":3},{"damage":0,"enemies":"Nemesis","floor":46,"turns":5},{"damage":38,"enemies":"Awakened One","floor":50,"turns":8}],"seed_played":"-4580722733465155716","potions_obtained":[{"floor":1,"key":"SpeedPotion"},{"floor":7,"key":"Block Potion"},{"floor":11,"key":"SkillPotion"},{"floor":19,"key":"BloodPotion"},{"floor":20,"key":"LiquidBronze"},{"floor":28,"key":"PowerPotion"}],"is_trial":true,"path_per_floor":["M","?","M","M","?","R","M","M","T","M","M","R","M","M","R","B",null,"M","M","M","M","M","R","E","R","T","?","E","M","M","?","R","B",null,"M","M","M","M","$","R","M","M","T","?","$","E","?","T","R","B",null],"character_chosen":"IRONCLAD","items_purchased":["Torii","Shuriken","Letter Opener","War Paint","Centennial Puzzle","Ancient Tea Set","Sadistic Nature","Art of War"],"campfire_rested":1,"item_purchase_floors":[39,39,39,45,45,45,45,45],"current_hp_per_floor":[80,80,80,80,80,80,79,80,80,80,80,80,80,80,80,49,80,80,80,80,80,80,80,82,82,82,82,84,84,84,84,84,54,86,86,86,81,86,86,86,86,86,92,82,82,97,97,103,109,77],"gold":0,"neow_bonus":"","is_prod":false,"is_daily":false,"chose_seed":false,"campfire_upgraded":7,"win_rate":0,"timestamp":1543177264,"path_taken":["M","?","M","M","?","R","M","M","T","M","?","R","M","M","R","BOSS","M","M","M","M","M","R","E","R","T","?","E","M","M","?","R","BOSS","M","M","?","M","$","R","M","M","T","?","$","E","?","?","R","BOSS"],"build_version":"2018-11-15","purchased_purges":0,"victory":true,"max_hp_per_floor":[80,80,80,80,80,80,80,80,80,80,80,80,80,80,80,80,80,80,80,80,80,80,80,82,82,82,82,84,84,84,84,84,86,86,86,86,86,86,86,86,86,86,92,94,94,103,103,109,109,109],"card_choices":[{"not_picked":["Exhume","Offering"],"picked":"Double Tap","floor":16},{"not_picked":["Havoc+1"],"picked":"Singing Bowl","floor":24},{"not_picked":["Clothesline+1"],"picked":"Singing Bowl","floor":28},{"not_picked":["Fiend Fire"],"picked":"Singing Bowl","floor":33},{"not_picked":["Power Through+1"],"picked":"Singing Bowl","floor":44},{"not_picked":["Havoc+1"],"picked":"Singing Bowl","floor":46}],"player_experience":891370,"relics_obtained":[{"floor":1,"key":"Red Skull"},{"floor":3,"key":"Tiny Chest"},{"floor":4,"key":"Sundial"},{"floor":7,"key":"Bottled Lightning"},{"floor":8,"key":"FossilizedHelix"},{"floor":9,"key":"Vajra"},{"floor":10,"key":"Orichalcum"},{"floor":11,"key":"Bronze Scales"},{"floor":13,"key":"Darkstone Periapt"},{"floor":14,"key":"Anchor"},{"floor":18,"key":"Gremlin Horn"},{"floor":19,"key":"Bag of Preparation"},{"floor":20,"key":"Singing Bowl"},{"floor":21,"key":"Bottled Flame"},{"floor":22,"key":"Meat on the Bone"},{"floor":24,"key":"Thread and Needle"},{"floor":26,"key":"Charon\u0027s Ashes"},{"floor":28,"key":"WingedGreaves"},{"floor":29,"key":"MawBank"},{"floor":30,"key":"The Courier"},{"floor":35,"key":"Molten Egg 2"},{"floor":36,"key":"Old Coin"},{"floor":37,"key":"Juzu Bracelet"},{"floor":38,"key":"Whetstone"},{"floor":41,"key":"Kunai"},{"floor":42,"key":"Regal Pillow"},{"floor":43,"key":"Bag of Marbles"},{"floor":44,"key":"Prayer Wheel"},{"floor":46,"key":"Strawberry"},{"floor":48,"key":"Toxic Egg 2"}],"event_choices":[{"damage_healed":0,"gold_gain":0,"player_choice":"Leave","damage_taken":0,"max_hp_gain":0,"max_hp_loss":0,"event_name":"The Cleric","floor":2,"gold_loss":0},{"damage_healed":0,"gold_gain":0,"player_choice":"0 cards matched","damage_taken":0,"max_hp_gain":0,"max_hp_loss":0,"event_name":"Match and Keep!","floor":5,"gold_loss":0,"cards_obtained":[]},{"damage_healed":0,"gold_gain":0,"player_choice":"Ignored","damage_taken":0,"max_hp_gain":0,"max_hp_loss":0,"event_name":"Ghosts","floor":27,"gold_loss":0},{"damage_healed":0,"gold_gain":0,"player_choice":"0 cards matched","damage_taken":0,"max_hp_gain":0,"max_hp_loss":0,"event_name":"Match and Keep!","floor":31,"gold_loss":0,"cards_obtained":[]},{"damage_healed":0,"gold_gain":0,"player_choice":"Fight","damage_taken":0,"max_hp_gain":0,"max_hp_loss":0,"event_name":"MindBloom","floor":44,"gold_loss":0},{"damage_healed":0,"gold_gain":0,"player_choice":"Paid","damage_taken":0,"relics_obtained":["Red Mask"],"max_hp_gain":0,"max_hp_loss":0,"event_name":"Tomb of Lord Red Mask","floor":47,"gold_loss":27}],"is_beta":false,"boss_relics":[{"not_picked":["Fusion Hammer","Sozu"],"picked":"Busted Crown"},{"not_picked":["Eternal Feather","Runic Pyramid"],"picked":"Cursed Key"}],"items_purged_floors":[],"is_endless":false,"potions_floor_spawned":[1,7,11,13,19,20,21,22,28,36,37,38,46],"ascension_level":0}