{"gold_per_floor":[119,119,134,59,78,78,103,121,146,158,199,211,233,259,271,283],"floor_reached":16,"playtime":550,"items_purged":[],"score":202,"play_id":"cf9d3a4b-28b4-40c6-85b0-58d9ef6d2456","local_time":"20190209151720","is_ascension_mode":true,"campfire_choices":[{"data":"Armaments","floor":6,"key":"SMITH"},{"floor":10,"key":"REST"},{"floor":15,"key":"REST"}],"neow_cost":"NONE","seed_source_timestamp":1758734563133789,"circlet_count":0,"master_deck":["AscendersBane","Strike_R","Strike_R","Strike_R","Strike_R","Defend_R","Defend_R","Defend_R+1","Defend_R+1","Bash","Dark Embrace","Armaments+1","Carnage","Twin Strike","Feel No Pain","Infernal Blade+1","Reckless Charge","Evolve","Blood for Blood"],"relics":["Burning Blood","Potion Belt","Oddly Smooth Stone","MawBank","War Paint"],"potions_floor_usage":[7,8,11,16],"damage_taken":[{"damage":14,"enemies":"Jaw Worm","floor":1,"turns":3},{"damage":1,"enemies":"2 Louse","floor":3,"turns":2},{"damage":14,"enemies":"Small Slimes","floor":5,"turns":2},{"damage":20,"enemies":"Gremlin Nob","floor":7,"turns":4},{"damage":9,"enemies":"Exordium Thugs","floor":8,"turns":5},{"damage":44,"enemies":"Lagavulin","floor":11,"turns":7},{"damage":14,"enemies":"Red Slaver","floor":13,"turns":3},{"damage":7,"enemies":"2 Fungi Beasts","floor":14,"turns":5},{"damage":36,"enemies":"The Guardian","floor":16,"turns":10}],"seed_played":"-7642874832567494491","potions_obtained":[{"floor":1,"key":"SkillPotion"},{"floor":5,"key":"PowerPotion"},{"floor":7,"key":"SkillPotion"},{"floor":14,"key":"Fire Potion"}],"is_trial":false,"path_per_floor":["M","?","M","?","M","R","E","M","T","R","E","?","M","M","R","B"],"character_chosen":"IRONCLAD","items_purchased":[],"campfire_rested":2,"item_purchase_floors":[],"current_hp_per_floor":[60,55,60,60,52,52,38,35,35,57,19,19,11,10,32,0],"gold":283,"neow_bonus":"ONE_RANDOM_RARE_CARD","is_prod":false,"is_daily":false,"chose_seed":false,"campfire_upgraded":1,"win_rate":0,"timestamp":1549743440,"path_taken":["M","?","M","?","M","R","E","M","T","R","E","?","M","?","R","BOSS"],"build_version":"2019-02-06","purchased_purges":0,"victory":false,"max_hp_per_floor":[75,75,75,75,75,75,75,75,75,75,75,75,75,75,75,75],"card_choices":[{"not_picked":["Rage","Wild Strike"],"picked":"Armaments","floor":1},{"not_picked":["Flame Barrier","Headbutt"],"picked":"Carnage","floor":3},{"not_picked":["Evolve","Intimidate"],"picked":"Twin Strike","floor":5},{"not_picked":["Pommel Strike","Shrug It Off"],"picked":"Feel No Pain","floor":7},{"not_picked":["Perfected Strike","Shrug It Off"],"picked":"Infernal Blade","floor":8},{"not_picked":["Immolate","Headbutt"],"picked":"Reckless Charge","floor":11},{"not_picked":["Entrench","Corruption"],"picked":"Evolve","floor":13},{"not_picked":["Combust","Shrug It Off"],"picked":"Blood for Blood","floor":14}],"player_experience":648786,"relics_obtained":[{"floor":7,"key":"Oddly Smooth Stone"},{"floor":9,"key":"MawBank"},{"floor":11,"key":"War Paint"}],"event_choices":[{"damage_healed":0,"gold_gain":0,"player_choice":"Success","damage_taken":5,"relics_obtained":["Potion Belt"],"max_hp_gain":0,"max_hp_loss":0,"event_name":"Scrap Ooze","floor":2,"gold_loss":0},{"cards_removed":["Strike_R"],"damage_healed":0,"gold_gain":0,"player_choice":"Card Removal","damage_taken":0,"max_hp_gain":0,"max_hp_loss":0,"event_name":"The Cleric","floor":4,"gold_loss":75},{"damage_healed":0,"gold_gain":0,"player_choice":"Upgraded","damage_taken":0,"max_hp_gain":0,"max_hp_loss":0,"event_name":"Upgrade Shrine","floor":12,"gold_loss":0,"cards_upgraded":["Infernal Blade"]}],"is_beta":true,"boss_relics":[],"items_purged_floors":[],"is_endless":false,"potions_floor_spawned":[1,5,7,14],"killed_by":"The Guardian","ascension_level":16}