{"gold_per_floor":[118,136,146,146,146,173,173,185,185,197,236,261,289,336,348,439,451,476,413,443,356,371,371,399,399,399,419,434,434,334,334,334,334],"floor_reached":33,"playtime":1863,"items_purged":["Strike_R","Strike_R"],"score":515,"play_id":"c5435635-18bd-465d-993f-8888fe502460","local_time":"20181125215834","is_ascension_mode":true,"campfire_choices":[{"data":"Bludgeon","floor":7,"key":"SMITH"},{"floor":10,"key":"REST"},{"floor":15,"key":"REST"},{"data":"Shrug It Off","floor":23,"key":"SMITH"},{"data":"Offering","floor":29,"key":"SMITH"},{"floor":32,"key":"REST"}],"neow_cost":"NONE","seed_source_timestamp":167292479742596,"circlet_count":0,"master_deck":["AscendersBane","Defend_R","Defend_R","Defend_R","Defend_R","Bash","Ghostly Armor","Headbutt","Intimidate","Bludgeon+1","Twin Strike","Headbutt","Twin Strike","Cleave+1","True Grit","Offering+1","Headbutt","True Grit","Shrug It Off+1","Shrug It Off+1","Twin Strike"],"relics":["Burning Blood","Strawberry","Juzu Bracelet","MawBank","Paper Frog","Centennial Puzzle","Velvet Choker","Oddly Smooth Stone","StoneCalendar"],"potions_floor_usage":[6,6,14,24,24,27,28],"damage_taken":[{"damage":0,"enemies":"2 Louse","floor":1,"turns":3},{"damage":33,"enemies":"Jaw Worm","floor":2,"turns":6},{"damage":7,"enemies":"Small Slimes","floor":3,"turns":3},{"damage":35,"enemies":"Lagavulin","floor":6,"turns":7},{"damage":17,"enemies":"Exordium Wildlife","floor":8,"turns":5},{"damage":16,"enemies":"Gremlin Nob","floor":11,"turns":3},{"damage":3,"enemies":"Blue Slaver","floor":12,"turns":3},{"damage":14,"enemies":"Exordium Thugs","floor":13,"turns":4},{"damage":35,"enemies":"Lagavulin","floor":14,"turns":4},{"damage":44,"enemies":"Slime Boss","floor":16,"turns":10},{"damage":6,"enemies":"Chosen","floor":18,"turns":3},{"damage":11,"enemies":"3 Byrds","floor":20,"turns":4},{"damage":6,"enemies":"Sentry and Sphere","floor":22,"turns":2},{"damage":6,"enemies":"Gremlin Leader","floor":24,"turns":3},{"damage":8,"enemies":"Centurion and Healer","floor":27,"turns":5},{"damage":0,"enemies":"Chosen and Byrds","floor":28,"turns":4},{"damage":122,"enemies":"Collector","floor":33,"turns":7}],"seed_played":"-3639695518833282731","potions_obtained":[{"floor":2,"key":"Dexterity Potion"},{"floor":3,"key":"Strength Potion"},{"floor":12,"key":"Dexterity Potion"},{"floor":16,"key":"Ancient Potion"},{"floor":22,"key":"Strength Potion"},{"floor":24,"key":"AttackPotion"},{"floor":27,"key":"FearPotion"}],"is_trial":false,"path_per_floor":["M","M","M","?","?","E","R","M","T","R","E","M","M","E","R","B",null,"M","?","M","$","M","R","E","?","T","M","M","R","$","?","R","B"],"character_chosen":"IRONCLAD","items_purchased":["Shrug It Off"],"campfire_rested":3,"item_purchase_floors":[21],"current_hp_per_floor":[85,58,57,86,86,57,57,46,46,72,62,65,57,28,54,16,69,69,69,64,64,64,64,64,64,64,62,68,68,68,68,87,0],"gold":334,"neow_bonus":"RANDOM_COMMON_RELIC","is_prod":false,"is_daily":false,"chose_seed":false,"campfire_upgraded":3,"win_rate":0,"timestamp":1543183114,"path_taken":["M","M","M","?","?","E","R","M","T","R","E","M","M","E","R","BOSS","M","?","M","$","M","R","E","?","T","M","M","R","$","?","R","BOSS"],"build_version":"2018-11-15","purchased_purges":2,"victory":false,"max_hp_per_floor":[87,87,87,87,87,87,87,87,87,87,87,87,87,87,87,87,87,87,87,87,87,87,87,87,87,87,87,87,87,87,87,87,87],"card_choices":[{"not_picked":["True Grit","Heavy Blade"],"picked":"Ghostly Armor","floor":1},{"not_picked":["Flex","Intimidate","Infernal Blade"],"picked":"SKIP","floor":2},{"not_picked":["Sentinel","Brutality"],"picked":"Headbutt","floor":3},{"not_picked":["Heavy Blade","Armaments"],"picked":"Bludgeon","floor":6},{"not_picked":["Combust","Headbutt"],"picked":"Twin Strike","floor":8},{"not_picked":["Havoc","Hemokinesis"],"picked":"Headbutt","floor":11},{"not_picked":["Fire Breathing","Intimidate"],"picked":"Twin Strike","floor":12},{"not_picked":["Shockwave","Dual Wield"],"picked":"Cleave","floor":13},{"not_picked":["Sword Boomerang","Iron Wave"],"picked":"True Grit","floor":14},{"not_picked":["Berserk","Exhume"],"picked":"Offering","floor":16},{"not_picked":["Anger","Warcry"],"picked":"Headbutt","floor":18},{"not_picked":["Berserk","Headbutt"],"picked":"True Grit","floor":20},{"not_picked":["Havoc","Thunderclap"],"picked":"Shrug It Off+1","floor":22},{"not_picked":["Iron Wave","Havoc"],"picked":"Twin Strike","floor":24},{"not_picked":["Warcry","Wild Strike","Perfected Strike"],"picked":"SKIP","floor":27},{"not_picked":["Armaments","Hemokinesis","Limit Break"],"picked":"SKIP","floor":28}],"player_experience":895037,"relics_obtained":[{"floor":6,"key":"Juzu Bracelet"},{"floor":9,"key":"MawBank"},{"floor":11,"key":"Paper Frog"},{"floor":14,"key":"Centennial Puzzle"},{"floor":24,"key":"Oddly Smooth Stone"},{"floor":26,"key":"StoneCalendar"}],"event_choices":[{"damage_healed":29,"gold_gain":0,"player_choice":"Banana","damage_taken":0,"max_hp_gain":0,"max_hp_loss":0,"event_name":"Big Fish","floor":4,"gold_loss":0},{"damage_healed":0,"gold_gain":0,"cards_transformed":["Strike_R"],"player_choice":"Change","damage_taken":0,"max_hp_gain":0,"max_hp_loss":0,"event_name":"Living Wall","floor":5,"gold_loss":0,"cards_obtained":["Intimidate"]},{"cards_removed":["Strike_R"],"damage_healed":0,"gold_gain":0,"player_choice":"Gave Gold","damage_taken":0,"max_hp_gain":0,"max_hp_loss":0,"event_name":"Beggar","floor":19,"gold_loss":75},{"cards_removed":["Strike_R"],"damage_healed":0,"gold_gain":0,"player_choice":"Elegance","damage_taken":0,"max_hp_gain":0,"max_hp_loss":0,"event_name":"Back to Basics","floor":25,"gold_loss":0},{"damage_healed":0,"gold_gain":0,"player_choice":"Forge","damage_taken":0,"max_hp_gain":0,"max_hp_loss":0,"event_name":"Accursed Blacksmith","floor":31,"gold_loss":0,"cards_upgraded":["Cleave"]}],"is_beta":false,"boss_relics":[{"not_picked":["Runic Pyramid","Runic Dome"],"picked":"Velvet Choker"}],"items_purged_floors":[21,30],"is_endless":false,"potions_floor_spawned":[2,3,12,16,22,24,27],"killed_by":"Collector","ascension_level":13}