{"gold_per_floor":[109,123,198,215,215,250,267,281,308,308,337,337,349],"floor_reached":13,"playtime":782,"items_purged":[],"score":95,"play_id":"14eace8b-1c93-4a9f-bb5c-4eee6854db50","local_time":"20190211150728","is_ascension_mode":false,"campfire_choices":[{"data":"Flame Barrier","floor":10,"key":"SMITH"}],"neow_cost":"NONE","seed_source_timestamp":261007968075871,"circlet_count":0,"master_deck":["Strike_R","Strike_R","Strike_R","Strike_R","Strike_R","Defend_R","Defend_R","Defend_R","Defend_R","Bash","Flex","Rupture","Shrug It Off","Flame Barrier+1","Thunderclap","Heavy Blade","Pummel"],"relics":["Burning Blood","NeowsBlessing","Gremlin Horn","Potion Belt","Lantern","MawBank"],"potions_floor_usage":[11,13,13],"damage_taken":[{"damage":0,"enemies":"Small Slimes","floor":1,"turns":1},{"damage":0,"enemies":"2 Louse","floor":2,"turns":1},{"damage":0,"enemies":"Cultist","floor":4,"turns":1},{"damage":48,"enemies":"3 Sentries","floor":6,"turns":16},{"damage":0,"enemies":"3 Louse","floor":7,"turns":4},{"damage":7,"enemies":"2 Fungi Beasts","floor":8,"turns":3},{"damage":38,"enemies":"Gremlin Nob","floor":11,"turns":6},{"damage":14,"enemies":"Lagavulin","floor":13,"turns":3}],"seed_played":"2058095231373598984","potions_obtained":[{"floor":2,"key":"EssenceOfSteel"},{"floor":5,"key":"GamblersBrew"},{"floor":5,"key":"FearPotion"},{"floor":7,"key":"Energy Potion"},{"floor":8,"key":"Regen Potion"}],"is_trial":false,"path_per_floor":["M","M","?","M","?","E","M","M","T","R","E","?","E"],"character_chosen":"IRONCLAD","items_purchased":[],"campfire_rested":0,"item_purchase_floors":[],"current_hp_per_floor":[80,80,69,75,75,33,39,38,38,38,20,8,0],"gold":349,"neow_bonus":"THREE_ENEMY_KILL","is_prod":false,"is_daily":false,"chose_seed":false,"campfire_upgraded":1,"win_rate":0.0,"timestamp":1549894048,"path_taken":["M","M","?","M","?","E","?","M","T","R","E","?","E"],"build_version":"2019-01-23","purchased_purges":0,"victory":false,"max_hp_per_floor":[80,80,80,80,80,80,80,80,80,80,80,80,80],"card_choices":[{"not_picked":["Warcry","Perfected Strike"],"picked":"Flex","floor":1},{"not_picked":["Sword Boomerang","True Grit"],"picked":"Rupture","floor":2},{"not_picked":["Havoc","Heavy Blade"],"picked":"Shrug It Off","floor":4},{"not_picked":["Double Tap","Sword Boomerang"],"picked":"Flame Barrier","floor":6},{"not_picked":["Wild Strike","Rampage"],"picked":"Thunderclap","floor":7},{"not_picked":["Corruption","Havoc"],"picked":"Heavy Blade","floor":8},{"not_picked":["Sword Boomerang","Seeing Red"],"picked":"Pummel","floor":11}],"player_experience":206267,"relics_obtained":[{"floor":6,"key":"Gremlin Horn"},{"floor":9,"key":"Potion Belt"},{"floor":11,"key":"Lantern"}],"event_choices":[{"damage_healed":0,"gold_gain":75,"player_choice":"Gather Gold","damage_taken":11,"max_hp_gain":0,"max_hp_loss":0,"event_name":"World of Goop","floor":3,"gold_loss":0},{"damage_healed":0,"gold_gain":0,"player_choice":"Got Potions","damage_taken":0,"max_hp_gain":0,"max_hp_loss":0,"event_name":"Lab","floor":5,"gold_loss":0},{"damage_healed":0,"gold_gain":0,"player_choice":"Success","damage_taken":12,"relics_obtained":["MawBank"],"max_hp_gain":0,"max_hp_loss":0,"event_name":"Scrap Ooze","floor":12,"gold_loss":0}],"is_beta":false,"boss_relics":[],"items_purged_floors":[],"is_endless":false,"potions_floor_spawned":[2,7,8],"killed_by":"Lagavulin","ascension_level":0}