{"gold_per_floor":[13,28,42,53,63,93,93,93,93,93,17,27,27,27,27,126,126,142,157,170,66,0,0,0,0,0,0,0,0,19,19,19,19],"floor_reached":33,"playtime":1665,"items_purged":[],"score":417,"play_id":"46a16e69-be0f-4d43-81e6-e767fb992d1d","local_time":"20190106222850","is_ascension_mode":true,"campfire_choices":[{"floor":7,"key":"REST"},{"data":"Crippling Poison","floor":10,"key":"SMITH"},{"data":"Terror","floor":13,"key":"SMITH"},{"data":"Neutralize","floor":15,"key":"SMITH"},{"floor":23,"key":"REST"},{"floor":25,"key":"REST"},{"data":"Storm of Steel","floor":27,"key":"SMITH"},{"floor":32,"key":"REST"}],"neow_cost":"NO_GOLD","seed_source_timestamp":1224975342142763,"circlet_count":0,"master_deck":["AscendersBane","Defend_G","Defend_G","Defend_G","Defend_G","Defend_G","Strike_G","Strike_G","Strike_G","Survivor","Neutralize+1","Terror+1","Acrobatics","PiercingWail","Crippling Poison+1","Flying Knee","Backflip","Well Laid Plans","Underhanded Strike","Pain","Storm of Steel+1","Infinite Blades","Dagger Throw+1","Blade Dance","Dodge and Roll","Backstab","Shame","PiercingWail","Calculated Gamble","Caltrops"],"relics":["Ring of the Snake","Du-Vu Doll","Question Card","WarpedTongs","WristBlade","Bronze Scales","Pantograph"],"potions_floor_usage":[4,33],"damage_taken":[{"damage":2,"enemies":"Cultist","floor":1,"turns":5},{"damage":5,"enemies":"Small Slimes","floor":2,"turns":5},{"damage":5,"enemies":"2 Louse","floor":3,"turns":3},{"damage":21,"enemies":"Lots of Slimes","floor":4,"turns":9},{"damage":4,"enemies":"Blue Slaver","floor":5,"turns":7},{"damage":40,"enemies":"3 Sentries","floor":6,"turns":18},{"damage":7,"enemies":"3 Louse","floor":12,"turns":3},{"damage":33,"enemies":"The Guardian","floor":16,"turns":12},{"damage":7,"enemies":"Shell Parasite","floor":18,"turns":5},{"damage":24,"enemies":"Spheric Guardian","floor":19,"turns":4},{"damage":36,"enemies":"Centurion and Healer","floor":20,"turns":4},{"damage":8,"enemies":"Snake Plant","floor":30,"turns":3},{"damage":79,"enemies":"Collector","floor":33,"turns":7}],"seed_played":"1732873839995905247","potions_obtained":[{"floor":1,"key":"Regen Potion"},{"floor":3,"key":"Ancient Potion"},{"floor":6,"key":"FearPotion"}],"is_trial":false,"path_per_floor":["M","M","M","M","M","E","R","?","T","R","$","M","R","?","R","B",null,"M","M","M","$","?","R","?","R","T","R","?","?","M","?","R","B"],"character_chosen":"THE_SILENT","items_purchased":["Well Laid Plans","Dodge and Roll","Backstab"],"campfire_rested":4,"item_purchase_floors":[11,21,21],"current_hp_per_floor":[61,56,51,45,41,1,22,80,80,80,80,73,73,73,73,40,70,63,39,3,3,3,27,27,51,51,51,36,36,28,28,53,0],"gold":19,"neow_bonus":"THREE_RARE_CARDS","is_prod":false,"is_daily":false,"chose_seed":false,"campfire_upgraded":4,"win_rate":0,"timestamp":1546831730,"path_taken":["M","?","M","?","M","E","R","?","T","R","?","M","R","?","R","BOSS","M","M","?","$","?","R","?","R","T","R","?","?","M","?","R","BOSS"],"build_version":"2019-01-03v4","purchased_purges":0,"victory":false,"max_hp_per_floor":[70,70,70,70,70,70,70,80,80,80,80,80,80,80,80,80,80,80,80,80,80,80,80,80,80,80,80,85,85,85,85,85,85],"card_choices":[{"not_picked":["Storm of Steel","Wraith Form v2"],"picked":"Tools of the Trade","floor":0},{"not_picked":["Dagger Spray","Outmaneuver"],"picked":"Terror","floor":1},{"not_picked":["Flying Knee","Prepared"],"picked":"Acrobatics","floor":2},{"not_picked":["Riddle With Holes","Bane"],"picked":"PiercingWail","floor":3},{"not_picked":["Slice","Dagger Spray"],"picked":"Crippling Poison","floor":4},{"not_picked":["Bane","Poisoned Stab"],"picked":"Flying Knee","floor":5},{"not_picked":["Venomology","Bouncing Flask"],"picked":"Backflip","floor":6},{"not_picked":["Cloak And Dagger","Choke","Deflect"],"picked":"Underhanded Strike","floor":12},{"not_picked":["A Thousand Cuts","Bullet Time","Corpse Explosion"],"picked":"Storm of Steel","floor":16},{"not_picked":["Outmaneuver","Flechettes","Dash"],"picked":"Infinite Blades","floor":18},{"not_picked":["Prepared","Catalyst","Acrobatics"],"picked":"Dagger Throw+1","floor":19},{"not_picked":["Concentrate","PiercingWail","Dagger Spray"],"picked":"Blade Dance","floor":20},{"not_picked":["Acrobatics","Riddle With Holes","Escape Plan"],"picked":"Caltrops","floor":30}],"player_experience":471528,"relics_obtained":[{"floor":6,"key":"Du-Vu Doll"},{"floor":9,"key":"Question Card"},{"floor":26,"key":"Pantograph"}],"event_choices":[{"cards_removed":["Tools of the Trade"],"damage_healed":48,"gold_gain":0,"player_choice":"Offered Rare","damage_taken":0,"max_hp_gain":10,"max_hp_loss":0,"event_name":"Bonfire Elementals","floor":8,"gold_loss":0},{"damage_healed":0,"gold_gain":0,"player_choice":"Rummage","damage_taken":0,"relics_obtained":["WarpedTongs"],"max_hp_gain":0,"max_hp_loss":0,"event_name":"Accursed Blacksmith","floor":14,"gold_loss":0,"cards_obtained":["Pain"]},{"damage_healed":0,"gold_gain":0,"player_choice":"Paid Fearfully","damage_taken":0,"max_hp_gain":0,"max_hp_loss":0,"event_name":"Masked Bandits","floor":22,"gold_loss":66},{"damage_healed":0,"gold_gain":0,"player_choice":"Stole Relic","damage_taken":0,"relics_obtained":["Bronze Scales"],"max_hp_gain":0,"max_hp_loss":0,"event_name":"Addict","floor":24,"gold_loss":0,"cards_obtained":["Shame"]},{"damage_healed":0,"gold_gain":0,"player_choice":"Shed Blood","damage_taken":20,"max_hp_gain":5,"max_hp_loss":0,"event_name":"Forgotten Altar","floor":28,"gold_loss":0},{"damage_healed":0,"gold_gain":0,"cards_transformed":["Strike_G","Strike_G"],"player_choice":"Became Test Subject","damage_taken":0,"max_hp_gain":0,"max_hp_loss":0,"event_name":"Drug Dealer","floor":29,"gold_loss":0,"cards_obtained":["PiercingWail","Calculated Gamble"]},{"damage_healed":0,"gold_gain":0,"player_choice":"Ignored","damage_taken":0,"max_hp_gain":0,"max_hp_loss":0,"event_name":"Beggar","floor":31,"gold_loss":0}],"is_beta":false,"boss_relics":[{"not_picked":["Tiny House","HoveringKite"],"picked":"WristBlade"}],"items_purged_floors":[],"is_endless":false,"potions_floor_spawned":[1,3,6,30],"killed_by":"Collector","ascension_level":12}