{"gold_per_floor":[359,370,445,445,463,463,484,20,20,20,20,54,68,93,93,217,217,240,276,375,300,315,353,378,413,468,505,535,568,614,650,662,803,815,847,859,871,883,919,967,979,991,1026,1260,1292,1342,1089,1089,1089,1089],"floor_reached":50,"playtime":7915,"items_purged":["Defend_R"],"score":610,"play_id":"df597c55-ebcf-42fc-ad9c-baedc3670069","local_time":"20190211141928","is_ascension_mode":false,"campfire_choices":[{"data":"Whirlwind","floor":6,"key":"SMITH"},{"data":"Battle Trance","floor":11,"key":"SMITH"},{"data":"Metallicize","floor":15,"key":"SMITH"},{"floor":32,"key":"REST"},{"data":"Battle Trance","floor":41,"key":"SMITH"},{"floor":49,"key":"REST"}],"neow_cost":"TEN_PERCENT_HP_LOSS","seed_source_timestamp":251038744653819,"circlet_count":0,"master_deck":["Strike_R","Defend_R","Defend_R","Bash","Whirlwind+1","Battle Trance+1","Metallicize+1","Headbutt","Impervious","Flex","Brutality+1","Metallicize+1","Metallicize+1","Thunderclap","Inflame+1","Berserk+1","Warcry","Battle Trance+1","Warcry+1","Double Tap","Flex+1","Panache+1","Shrug It Off+1","Flame Barrier","Shrug It Off+1"],"relics":["Burning Blood","Golden Idol","Membership Card","Matryoshka","Mercury Hourglass","Frozen Egg 2","Orichalcum","Blue Candle","Odd Mushroom","Empty Cage","Red Mask","Sundial","Regal Pillow","Art of War","MawBank","Juzu Bracelet","Runic Dome","Lantern","Happy Flower","Mummified Hand","Omamori","TheAbacus"],"potions_floor_usage":[16,16,16,27,30,33,33,40,50,50],"damage_taken":[{"damage":5,"enemies":"2 Louse","floor":1,"turns":3},{"damage":1,"enemies":"Jaw Worm","floor":2,"turns":5},{"damage":3,"enemies":"Small Slimes","floor":5,"turns":4},{"damage":3,"enemies":"Exordium Wildlife","floor":7,"turns":4},{"damage":10,"enemies":"3 Sentries","floor":12,"turns":5},{"damage":1,"enemies":"Large Slime","floor":13,"turns":4},{"damage":5,"enemies":"The Mushroom Lair","floor":14,"turns":4},{"damage":15,"enemies":"Hexaghost","floor":16,"turns":9},{"damage":0,"enemies":"3 Byrds","floor":18,"turns":4},{"damage":11,"enemies":"Masked Bandits","floor":19,"turns":4},{"damage":16,"enemies":"2 Thieves","floor":22,"turns":3},{"damage":29,"enemies":"Slavers","floor":23,"turns":4},{"damage":3,"enemies":"Snecko","floor":24,"turns":4},{"damage":16,"enemies":"Gremlin Leader","floor":25,"turns":7},{"damage":3,"enemies":"Chosen and Byrds","floor":27,"turns":4},{"damage":3,"enemies":"Centurion and Healer","floor":28,"turns":4},{"damage":4,"enemies":"Cultist and Chosen","floor":29,"turns":5},{"damage":20,"enemies":"Book of Stabbing","floor":30,"turns":6},{"damage":10,"enemies":"Snake Plant","floor":31,"turns":5},{"damage":67,"enemies":"Automaton","floor":33,"turns":9},{"damage":2,"enemies":"Orb Walker","floor":35,"turns":3},{"damage":2,"enemies":"3 Darklings","floor":39,"turns":3},{"damage":36,"enemies":"Reptomancer","floor":40,"turns":4},{"damage":2,"enemies":"Sphere and 2 Shapes","floor":45,"turns":3},{"damage":13,"enemies":"Giant Head","floor":46,"turns":7},{"damage":74,"enemies":"Awakened One","floor":50,"turns":11}],"seed_played":"645768182314076291","potions_obtained":[{"floor":1,"key":"Ancient Potion"},{"floor":5,"key":"LiquidBronze"},{"floor":12,"key":"Block Potion"},{"floor":13,"key":"Strength Potion"},{"floor":18,"key":"Explosive Potion"},{"floor":19,"key":"Regen Potion"},{"floor":27,"key":"Regen Potion"},{"floor":30,"key":"Dexterity Potion"},{"floor":31,"key":"Swift Potion"},{"floor":33,"key":"SteroidPotion"},{"floor":39,"key":"Weak Potion"},{"floor":45,"key":"FearPotion"}],"is_trial":false,"path_per_floor":["M","M","?","?","M","R","M","$","T","?","R","E","M","?","R","B",null,"M","?","?","?","M","E","M","E","T","M","M","M","E","M","R","B",null,"M","?","?","?","M","E","R","?","T","?","M","E","$","?","R","B"],"character_chosen":"IRONCLAD","items_purchased":["Membership Card","Matryoshka","Mercury Hourglass","Omamori","TheAbacus","FairyPotion"],"campfire_rested":2,"item_purchase_floors":[8,8,8,47,47,47],"current_hp_per_floor":[72,72,61,43,46,46,49,49,49,42,42,38,43,44,44,35,72,72,67,67,67,57,34,37,27,27,42,45,47,47,43,72,11,72,72,72,72,72,72,42,42,42,42,42,46,39,39,39,68,0],"gold":1089,"neow_bonus":"TWO_FIFTY_GOLD","is_prod":false,"is_daily":false,"chose_seed":false,"campfire_upgraded":4,"win_rate":0.0,"timestamp":1549891168,"path_taken":["M","M","?","?","M","R","M","$","T","?","R","E","?","?","R","BOSS","M","?","?","?","M","E","M","E","T","M","?","M","E","M","R","BOSS","M","?","?","?","M","E","R","?","T","?","M","E","$","?","R","BOSS"],"build_version":"2019-01-23","purchased_purges":1,"victory":false,"max_hp_per_floor":[72,72,72,72,72,72,72,72,72,72,72,72,72,72,72,72,72,72,72,72,72,72,72,72,72,72,72,72,72,72,72,72,72,72,72,72,72,72,72,72,72,68,68,68,68,68,68,68,68,68],"card_choices":[{"not_picked":["Uppercut","Clothesline"],"picked":"Whirlwind","floor":1},{"not_picked":["Clothesline","Thunderclap"],"picked":"Battle Trance","floor":2},{"not_picked":["Evolve","Carnage"],"picked":"Metallicize","floor":5},{"not_picked":["Second Wind","Wild Strike"],"picked":"Headbutt","floor":7},{"not_picked":["Pommel Strike","Cleave"],"picked":"Impervious","floor":12},{"not_picked":["Twin Strike","Feel No Pain+1","Sword Boomerang"],"picked":"SKIP","floor":13},{"not_picked":["Twin Strike","Clash"],"picked":"Flex","floor":14},{"not_picked":["Berserk+1","Exhume"],"picked":"Brutality+1","floor":16},{"not_picked":["Headbutt","Burning Pact"],"picked":"Metallicize+1","floor":18},{"not_picked":["Clash+1","Sever Soul+1"],"picked":"Metallicize+1","floor":19},{"not_picked":["Infernal Blade","Reckless Charge+1","True Grit+1"],"picked":"SKIP","floor":22},{"not_picked":["Evolve+1","Hemokinesis"],"picked":"Thunderclap","floor":23},{"not_picked":["Disarm","Headbutt","Bloodletting"],"picked":"SKIP","floor":24},{"not_picked":["Headbutt+1","True Grit"],"picked":"Inflame+1","floor":25},{"not_picked":["Shrug It Off","Pommel Strike"],"picked":"Berserk+1","floor":27},{"not_picked":["Havoc","Bloodletting"],"picked":"Warcry","floor":28},{"not_picked":["Wild Strike","Rage"],"picked":"Battle Trance","floor":29},{"not_picked":["Twin Strike+1","Dropkick","Second Wind+1"],"picked":"SKIP","floor":30},{"not_picked":["Sword Boomerang","Body Slam"],"picked":"Warcry+1","floor":31},{"not_picked":["Reaper","Fiend Fire"],"picked":"Double Tap","floor":33},{"not_picked":["True Grit","Clash+1"],"picked":"Flex+1","floor":35},{"not_picked":["Impatience","Mind Blast"],"picked":"Panache+1","floor":38},{"not_picked":["Headbutt+1","Flex"],"picked":"Shrug It Off+1","floor":39},{"not_picked":["Body Slam+1","Sword Boomerang+1"],"picked":"Flame Barrier","floor":40},{"not_picked":["Uppercut+1","Iron Wave","Sentinel+1"],"picked":"SKIP","floor":45},{"not_picked":["Combust+1","Searing Blow"],"picked":"Shrug It Off+1","floor":46}],"player_experience":196480,"relics_obtained":[{"floor":9,"key":"Frozen Egg 2"},{"floor":9,"key":"Orichalcum"},{"floor":12,"key":"Blue Candle"},{"floor":14,"key":"Odd Mushroom"},{"floor":19,"key":"Red Mask"},{"floor":23,"key":"Sundial"},{"floor":25,"key":"Regal Pillow"},{"floor":26,"key":"Art of War"},{"floor":26,"key":"MawBank"},{"floor":30,"key":"Juzu Bracelet"},{"floor":40,"key":"Lantern"},{"floor":43,"key":"Happy Flower"},{"floor":46,"key":"Mummified Hand"}],"event_choices":[{"damage_healed":0,"gold_gain":75,"player_choice":"Gather Gold","damage_taken":11,"max_hp_gain":0,"max_hp_loss":0,"event_name":"World of Goop","floor":3,"gold_loss":0},{"damage_healed":0,"gold_gain":0,"player_choice":"Take Damage","damage_taken":18,"relics_obtained":["Golden Idol"],"max_hp_gain":0,"max_hp_loss":0,"event_name":"Golden Idol","floor":4,"gold_loss":0},{"cards_removed":["Defend_R"],"damage_healed":0,"gold_gain":0,"player_choice":"Card Removal","damage_taken":7,"max_hp_gain":0,"max_hp_loss":0,"event_name":"Golden Wing","floor":10,"gold_loss":0},{"damage_healed":0,"gold_gain":0,"player_choice":"Fought Mushrooms","damage_taken":0,"max_hp_gain":0,"max_hp_loss":0,"event_name":"Mushrooms","floor":14,"gold_loss":0},{"damage_healed":0,"gold_gain":0,"player_choice":"Fought Bandits","damage_taken":0,"max_hp_gain":0,"max_hp_loss":0,"event_name":"Masked Bandits","floor":19,"gold_loss":0},{"damage_healed":0,"gold_gain":99,"player_choice":"Stole From Cult","damage_taken":0,"max_hp_gain":0,"max_hp_loss":0,"event_name":"Nest","floor":20,"gold_loss":0},{"cards_removed":["Strike_R"],"damage_healed":0,"gold_gain":0,"player_choice":"Gave Gold","damage_taken":0,"max_hp_gain":0,"max_hp_loss":0,"event_name":"Beggar","floor":21,"gold_loss":75},{"cards_removed":["Strike_R"],"damage_healed":0,"gold_gain":0,"player_choice":"Removed Attack","damage_taken":0,"max_hp_gain":0,"max_hp_loss":0,"event_name":"Falling","floor":36,"gold_loss":0},{"damage_healed":0,"gold_gain":0,"player_choice":"Full Heal","damage_taken":0,"max_hp_gain":0,"max_hp_loss":0,"event_name":"Wheel of Change","floor":37,"gold_loss":0},{"damage_healed":0,"gold_gain":0,"player_choice":"Memory 1","damage_taken":0,"max_hp_gain":0,"max_hp_loss":0,"event_name":"SensoryStone","floor":38,"gold_loss":0},{"damage_healed":0,"gold_gain":0,"player_choice":"Max HP","damage_taken":0,"max_hp_gain":0,"max_hp_loss":4,"event_name":"Winding Halls","floor":42,"gold_loss":0},{"damage_healed":0,"gold_gain":222,"player_choice":"Wore Mask","damage_taken":0,"max_hp_gain":0,"max_hp_loss":0,"event_name":"Tomb of Lord Red Mask","floor":44,"gold_loss":0},{"damage_healed":0,"gold_gain":0,"player_choice":"Ignored","damage_taken":0,"max_hp_gain":0,"max_hp_loss":0,"event_name":"The Moai Head","floor":48,"gold_loss":0}],"is_beta":false,"boss_relics":[{"not_picked":["Snecko Eye","Coffee Dripper"],"picked":"Empty Cage"},{"not_picked":["Black Blood","Black Star"],"picked":"Runic Dome"}],"items_purged_floors":[47],"is_endless":false,"potions_floor_spawned":[1,5,12,13,18,19,27,30,31,33,39,45],"killed_by":"Awakened One","ascension_level":0}