{"gold_per_floor":[116,71,90,105,117,151,151,164,190,217,236,251,271,282,282,377,377,391,409,425,425,106,133,144,144],"floor_reached":25,"playtime":2627,"items_purged":["Defend_R"],"score":241,"play_id":"eb11d312-4ebc-4df8-ad81-d7ac2da052fc","local_time":"20190211113519","is_ascension_mode":false,"campfire_choices":[{"data":"Armaments","floor":7,"key":"SMITH"},{"data":"Whirlwind","floor":15,"key":"SMITH"}],"neow_cost":"NONE","seed_source_timestamp":246483655355292,"circlet_count":0,"master_deck":["Strike_R","Strike_R","Strike_R","Strike_R","Defend_R","Defend_R","Defend_R","Bash","Rampage","Shrug It Off","Whirlwind+1","Armaments+1","Thunderclap","Flame Barrier","Pommel Strike","Burning Pact","Body Slam","Demon Form","Heavy Blade","Flex","Deep Breath","Double Tap"],"relics":["Burning Blood","Potion Belt","Blood Vial","Art of War","Cursed Key","Pen Nib","Red Skull"],"potions_floor_usage":[10,10,23,23,23,23,23,23,23,24,24],"damage_taken":[{"damage":6,"enemies":"Cultist","floor":1,"turns":4},{"damage":4,"enemies":"2 Louse","floor":3,"turns":3},{"damage":1,"enemies":"Jaw Worm","floor":4,"turns":4},{"damage":2,"enemies":"Large Slime","floor":5,"turns":5},{"damage":27,"enemies":"3 Sentries","floor":6,"turns":12},{"damage":7,"enemies":"Looter","floor":8,"turns":4},{"damage":28,"enemies":"Lagavulin","floor":10,"turns":10},{"damage":6,"enemies":"Gremlin Gang","floor":11,"turns":8},{"damage":9,"enemies":"Red Slaver","floor":12,"turns":5},{"damage":0,"enemies":"Looter","floor":13,"turns":4},{"damage":0,"enemies":"Blue Slaver","floor":14,"turns":3},{"damage":18,"enemies":"Slime Boss","floor":16,"turns":8},{"damage":21,"enemies":"Shell Parasite","floor":18,"turns":7},{"damage":2,"enemies":"Chosen","floor":19,"turns":4},{"damage":38,"enemies":"Shelled Parasite and Fungi","floor":20,"turns":6},{"damage":38,"enemies":"Slavers","floor":23,"turns":6},{"damage":17,"enemies":"Snake Plant","floor":24,"turns":3},{"damage":28,"enemies":"Book of Stabbing","floor":25,"turns":2}],"seed_played":"-4775071745019653316","potions_obtained":[{"floor":1,"key":"Explosive Potion"},{"floor":3,"key":"Ancient Potion"},{"floor":8,"key":"BloodPotion"},{"floor":10,"key":"SpeedPotion"},{"floor":13,"key":"Strength Potion"},{"floor":14,"key":"EntropicBrew"},{"floor":18,"key":"SneckoOil"},{"floor":20,"key":"Weak Potion"},{"floor":24,"key":"SkillPotion"}],"is_trial":false,"path_per_floor":["M","$","M","M","M","E","R","M","T","E","M","M","M","M","R","B",null,"M","M","M","?","$","E","M","E"],"character_chosen":"IRONCLAD","items_purchased":["Shrug It Off","Pen Nib","Deep Breath"],"campfire_rested":0,"item_purchase_floors":[2,22,22],"current_hp_per_floor":[80,80,80,80,80,59,59,58,58,46,48,47,55,63,63,53,80,65,71,41,41,41,23,14,0],"gold":144,"neow_bonus":"REMOVE_CARD","is_prod":false,"is_daily":false,"chose_seed":false,"campfire_upgraded":2,"win_rate":0.0,"timestamp":1549881319,"path_taken":["M","?","M","M","M","E","R","?","T","E","M","M","M","M","R","BOSS","M","M","M","?","$","E","M","E"],"build_version":"2019-01-23","purchased_purges":1,"victory":false,"max_hp_per_floor":[80,80,80,80,80,80,80,80,80,80,80,80,80,80,80,80,80,80,80,80,80,80,80,80,80],"card_choices":[{"not_picked":["Blood for Blood","Second Wind"],"picked":"Rampage","floor":1},{"not_picked":["Second Wind","Feel No Pain"],"picked":"Whirlwind","floor":3},{"not_picked":["Wild Strike","Headbutt"],"picked":"Armaments","floor":4},{"not_picked":["Reckless Charge","Cleave"],"picked":"Thunderclap","floor":5},{"not_picked":["Sword Boomerang","True Grit","Immolate"],"picked":"SKIP","floor":6},{"not_picked":["Shrug It Off","Spot Weakness"],"picked":"Flame Barrier","floor":8},{"not_picked":["Disarm","Twin Strike"],"picked":"Pommel Strike","floor":10},{"not_picked":["Anger","True Grit","Clash"],"picked":"SKIP","floor":11},{"not_picked":["Wild Strike","Body Slam"],"picked":"Burning Pact","floor":12},{"not_picked":["Havoc","Pommel Strike"],"picked":"Body Slam","floor":13},{"not_picked":["Anger","Second Wind","Evolve"],"picked":"SKIP","floor":14},{"not_picked":["Exhume","Impervious"],"picked":"Demon Form","floor":16},{"not_picked":["Clothesline","Cleave"],"picked":"Heavy Blade","floor":18},{"not_picked":["Headbutt","Anger"],"picked":"Flex","floor":19},{"not_picked":["Sword Boomerang+1","Flex","Cleave+1"],"picked":"SKIP","floor":20},{"not_picked":["Power Through","Dark Embrace"],"picked":"Double Tap","floor":23},{"not_picked":["Sever Soul+1","Burning Pact","True Grit"],"picked":"SKIP","floor":24}],"player_experience":192705,"relics_obtained":[{"floor":6,"key":"Potion Belt"},{"floor":9,"key":"Blood Vial"},{"floor":10,"key":"Art of War"},{"floor":23,"key":"Red Skull"}],"event_choices":[{"damage_healed":0,"gold_gain":0,"player_choice":"Got Potions","damage_taken":0,"max_hp_gain":0,"max_hp_loss":0,"event_name":"Lab","floor":21,"gold_loss":0}],"is_beta":false,"boss_relics":[{"not_picked":["White Beast Statue","Black Blood"],"picked":"Cursed Key"}],"items_purged_floors":[22],"is_endless":false,"potions_floor_spawned":[1,3,8,10,13,14,18,20,24],"killed_by":"Book of Stabbing","ascension_level":0}