{"gold_per_floor":[99,112,127,302,302,302,327,327,327,28,41,60,60,93,93,93],"floor_reached":16,"playtime":785,"items_purged":["Doubt"],"score":116,"play_id":"8c00b537-139a-4552-83f0-decb9228c4fb","local_time":"20190210211615","is_ascension_mode":true,"campfire_choices":[{"data":"Flying Knee","floor":6,"key":"SMITH"},{"data":"Adrenaline","floor":13,"key":"SMITH"},{"floor":15,"key":"REST"}],"neow_cost":"NONE","seed_source_timestamp":1273590760668012,"circlet_count":0,"master_deck":["Defend_G","Defend_G","Defend_G","Defend_G","Defend_G","Strike_G","Strike_G","Strike_G+1","Strike_G","Strike_G","Survivor","Neutralize","Flying Knee+1","Blade Dance+1","Blade Dance","Unload","Adrenaline+1","Outmaneuver","Infinite Blades","Calculated Gamble+1"],"relics":["Ring of the Snake","NeowsBlessing","Thread and Needle","The Specimen","Snake Skull","Toxic Egg 2"],"potions_floor_usage":[12,14],"damage_taken":[{"damage":0,"enemies":"Jaw Worm","floor":1,"turns":1},{"damage":0,"enemies":"2 Louse","floor":2,"turns":1},{"damage":0,"enemies":"Small Slimes","floor":3,"turns":1},{"damage":19,"enemies":"Gremlin Nob","floor":7,"turns":5},{"damage":0,"enemies":"Gremlin Gang","floor":11,"turns":3},{"damage":0,"enemies":"3 Louse","floor":12,"turns":3},{"damage":9,"enemies":"Lagavulin","floor":14,"turns":7},{"damage":51,"enemies":"Hexaghost","floor":16,"turns":9}],"seed_played":"803634088093772336","potions_obtained":[{"floor":7,"key":"SteroidPotion"},{"floor":11,"key":"PowerPotion"}],"is_trial":false,"path_per_floor":["M","M","M","?","?","R","E","?","T","$","M","M","R","E","R","B"],"character_chosen":"THE_SILENT","items_purchased":["Snake Skull","Adrenaline"],"campfire_rested":1,"item_purchase_floors":[10,10],"current_hp_per_floor":[70,70,70,70,56,56,37,37,37,37,37,37,37,28,49,0],"gold":93,"neow_bonus":"THREE_ENEMY_KILL","is_prod":false,"is_daily":false,"chose_seed":false,"campfire_upgraded":2,"win_rate":0,"timestamp":1549851375,"path_taken":["M","M","M","?","?","R","E","?","T","$","?","M","R","E","R","BOSS"],"build_version":"2019-01-23","purchased_purges":1,"victory":false,"max_hp_per_floor":[70,70,70,70,70,70,70,70,70,70,70,70,70,70,70,70],"card_choices":[{"not_picked":["PiercingWail","Backflip"],"picked":"Flying Knee","floor":1},{"not_picked":["Distraction","Dagger Throw"],"picked":"Blade Dance","floor":2},{"not_picked":["Deadly Poison","Dagger Throw","Choke"],"picked":"SKIP","floor":3},{"not_picked":["Catalyst","Bouncing Flask"],"picked":"Blade Dance","floor":7},{"not_picked":["Deadly Poison","Underhanded Strike"],"picked":"Outmaneuver","floor":11},{"not_picked":["Cloak And Dagger","Skewer"],"picked":"Infinite Blades","floor":12},{"not_picked":["Storm of Steel","Flying Knee"],"picked":"Calculated Gamble","floor":14}],"player_experience":94657,"relics_obtained":[{"floor":7,"key":"Thread and Needle"},{"floor":9,"key":"The Specimen"},{"floor":14,"key":"Toxic Egg 2"}],"event_choices":[{"damage_healed":0,"gold_gain":175,"player_choice":"AGREE","damage_taken":0,"max_hp_gain":0,"max_hp_loss":0,"event_name":"Liars Game","floor":4,"gold_loss":0,"cards_obtained":["Doubt"]},{"damage_healed":0,"gold_gain":0,"player_choice":"Entered Light","damage_taken":14,"max_hp_gain":0,"max_hp_loss":0,"event_name":"Shining Light","floor":5,"gold_loss":0,"cards_upgraded":["Blade Dance","Strike_G"]},{"damage_healed":0,"gold_gain":0,"player_choice":"1 cards matched","damage_taken":0,"max_hp_gain":0,"max_hp_loss":0,"event_name":"Match and Keep!","floor":8,"gold_loss":0,"cards_obtained":["Unload"]}],"is_beta":false,"boss_relics":[],"items_purged_floors":[10],"is_endless":false,"potions_floor_spawned":[7,11],"killed_by":"Hexaghost","ascension_level":1}