{"gold_per_floor":[117,117,117,117,136,209,222,222,248,264,283,316,337,46,46,175,175,191,391,404,428,428,428,274,274,274,299,333,333,367,380,380,380],"floor_reached":33,"playtime":2961,"items_purged":[],"score":322,"play_id":"c2b44694-9a75-424b-af09-a2e87400a8f2","local_time":"20190210051013","is_ascension_mode":false,"campfire_choices":[{"floor":8,"key":"REST"},{"data":"Shockwave","floor":15,"key":"SMITH"},{"data":"Injury","floor":23,"key":"PURGE"},{"data":"Clumsy","floor":25,"key":"PURGE"},{"data":"Defend_R","floor":32,"key":"PURGE"}],"neow_cost":"NONE","seed_source_timestamp":167976706440554,"circlet_count":0,"master_deck":["Strike_R","Strike_R","Strike_R","Strike_R","Defend_R","Defend_R","Defend_R","Bash","Pummel","Dual Wield","Shockwave+1","Shrug It Off","Uppercut","Pommel Strike","Immolate","Body Slam","Pommel Strike","Demon Form","Fire Breathing+1","Warcry","Inflame","Ghostly","Ghostly","Ghostly","Ghostly","Ghostly","Pommel Strike","Body Slam+1","Corruption","Thunderclap+1"],"relics":["Burning Blood","Juzu Bracelet","Orichalcum","Golden Idol","Tiny Chest","Omamori","Gambling Chip","Ice Cream","Calling Bell","Smiling Mask","Dodecahedron","Peace Pipe","Red Skull","Blood Vial","Molten Egg 2","Unceasing Top","Vajra"],"potions_floor_usage":[16,16,16],"damage_taken":[{"damage":6,"enemies":"Cultist","floor":1,"turns":3},{"damage":1,"enemies":"2 Louse","floor":5,"turns":3},{"damage":41,"enemies":"Gremlin Nob","floor":6,"turns":6},{"damage":0,"enemies":"Small Slimes","floor":7,"turns":3},{"damage":0,"enemies":"Exordium Wildlife","floor":10,"turns":3},{"damage":8,"enemies":"Large Slime","floor":11,"turns":6},{"damage":12,"enemies":"3 Sentries","floor":12,"turns":5},{"damage":0,"enemies":"Lots of Slimes","floor":13,"turns":1},{"damage":41,"enemies":"The Guardian","floor":16,"turns":10},{"damage":35,"enemies":"3 Byrds","floor":18,"turns":5},{"damage":16,"enemies":"Chosen","floor":20,"turns":6},{"damage":15,"enemies":"Centurion and Healer","floor":21,"turns":5},{"damage":12,"enemies":"Cultist and Chosen","floor":27,"turns":7},{"damage":17,"enemies":"Slavers","floor":28,"turns":4},{"damage":15,"enemies":"Book of Stabbing","floor":30,"turns":6},{"damage":0,"enemies":"Sentry and Sphere","floor":31,"turns":4},{"damage":33,"enemies":"Champ","floor":33,"turns":9}],"seed_played":"2401945360779132641","potions_obtained":[{"floor":6,"key":"SkillPotion"},{"floor":7,"key":"Swift Potion"},{"floor":12,"key":"Fire Potion"},{"floor":18,"key":"Explosive Potion"},{"floor":20,"key":"Block Potion"},{"floor":21,"key":"AttackPotion"},{"floor":31,"key":"Swift Potion"}],"is_trial":false,"path_per_floor":["M","?","?","?","M","E","M","R","T","M","M","E","M","$","R","B",null,"M","?","M","M","?","R","$","R","T","M","E","?","E","M","R","B"],"character_chosen":"IRONCLAD","items_purchased":["Ice Cream","Red Skull"],"campfire_rested":1,"item_purchase_floors":[14,24],"current_hp_per_floor":[80,80,47,47,52,17,23,47,47,53,51,45,51,51,51,16,80,51,51,41,32,32,32,32,32,32,28,19,19,12,20,20,0],"gold":380,"neow_bonus":"RANDOM_COMMON_RELIC","is_prod":false,"is_daily":false,"chose_seed":false,"campfire_upgraded":1,"win_rate":0.0,"timestamp":1549771813,"path_taken":["M","?","?","?","M","E","M","R","T","M","M","E","M","?","R","BOSS","M","?","M","M","?","R","$","R","T","M","E","?","E","M","R","BOSS"],"build_version":"2019-01-23","purchased_purges":0,"victory":false,"max_hp_per_floor":[80,80,80,80,80,80,80,80,80,80,80,80,80,80,80,80,80,80,80,80,80,40,40,40,40,40,40,40,40,40,40,40,40],"card_choices":[{"not_picked":["Cleave","Corruption"],"picked":"Pummel","floor":1},{"not_picked":["Flex","Armaments"],"picked":"Shockwave","floor":5},{"not_picked":["Cleave","Dual Wield"],"picked":"Shrug It Off","floor":6},{"not_picked":["Pommel Strike","Feel No Pain"],"picked":"Uppercut","floor":7},{"not_picked":["Anger","Clothesline"],"picked":"Pommel Strike","floor":10},{"not_picked":["Clothesline","Warcry"],"picked":"Immolate","floor":11},{"not_picked":["Clothesline","Headbutt"],"picked":"Body Slam","floor":12},{"not_picked":["True Grit","Rupture"],"picked":"Pommel Strike","floor":13},{"not_picked":["Limit Break","Dark Embrace"],"picked":"Demon Form","floor":16},{"not_picked":["Armaments","Thunderclap"],"picked":"Fire Breathing+1","floor":18},{"not_picked":["True Grit","Iron Wave"],"picked":"Warcry","floor":20},{"not_picked":["Seeing Red","Clothesline"],"picked":"Inflame","floor":21},{"not_picked":["Iron Wave","Shrug It Off"],"picked":"Pommel Strike","floor":27},{"not_picked":["Twin Strike","Cleave+1"],"picked":"Body Slam","floor":28},{"not_picked":["Warcry","Shrug It Off"],"picked":"Corruption","floor":30},{"not_picked":["Anger+1","Armaments"],"picked":"Thunderclap+1","floor":31}],"player_experience":124785,"relics_obtained":[{"floor":6,"key":"Tiny Chest"},{"floor":9,"key":"Omamori"},{"floor":12,"key":"Gambling Chip"},{"floor":17,"key":"Smiling Mask"},{"floor":17,"key":"Dodecahedron"},{"floor":17,"key":"Peace Pipe"},{"floor":26,"key":"Blood Vial"},{"floor":28,"key":"Molten Egg 2"},{"floor":30,"key":"Vajra"}],"event_choices":[{"damage_healed":0,"gold_gain":0,"cards_transformed":["Strike_R"],"player_choice":"Change","damage_taken":0,"max_hp_gain":0,"max_hp_loss":0,"event_name":"Living Wall","floor":2,"gold_loss":0,"cards_obtained":["Dual Wield"]},{"damage_healed":0,"gold_gain":0,"player_choice":"Success","damage_taken":33,"relics_obtained":["Orichalcum"],"max_hp_gain":0,"max_hp_loss":0,"event_name":"Scrap Ooze","floor":3,"gold_loss":0},{"damage_healed":0,"gold_gain":0,"player_choice":"Take Wound","damage_taken":0,"relics_obtained":["Golden Idol"],"max_hp_gain":0,"max_hp_loss":0,"event_name":"Golden Idol","floor":4,"gold_loss":0,"cards_obtained":["Injury"]},{"damage_healed":0,"gold_gain":200,"player_choice":"Gold","damage_taken":0,"max_hp_gain":0,"max_hp_loss":0,"event_name":"Wheel of Change","floor":19,"gold_loss":0},{"damage_healed":0,"gold_gain":0,"player_choice":"Became a Ghost","damage_taken":0,"max_hp_gain":0,"max_hp_loss":40,"event_name":"Ghosts","floor":22,"gold_loss":0,"cards_obtained":["Ghostly","Ghostly","Ghostly","Ghostly","Ghostly"]},{"damage_healed":0,"gold_gain":0,"player_choice":"Gave Potion","damage_taken":0,"relics_obtained":["Unceasing Top"],"max_hp_gain":0,"max_hp_loss":0,"event_name":"WeMeetAgain","floor":29,"gold_loss":0}],"is_beta":false,"boss_relics":[{"not_picked":["Eternal Feather","Black Blood"],"picked":"Calling Bell"}],"items_purged_floors":[],"is_endless":false,"potions_floor_spawned":[6,7,12,18,20,21,31],"killed_by":"Champ","ascension_level":0}