{"gold_per_floor":[115,34,34,34,48,78,97,97,97,113,113,132,148,182,182,182],"floor_reached":16,"playtime":405,"items_purged":[],"score":171,"play_id":"639d0982-9184-425b-88df-bbdc9d29a03a","local_time":"20190121182617","is_ascension_mode":true,"campfire_choices":[{"data":"Crippling Poison","floor":11,"key":"SMITH"},{"floor":15,"key":"REST"}],"neow_cost":"NONE","seed_source_timestamp":151529424978100,"circlet_count":0,"master_deck":["Defend_G","Defend_G","Defend_G","Defend_G","Defend_G","Strike_G","Strike_G","Strike_G","Strike_G","Survivor","Neutralize","Deadly Poison","Caltrops","Crippling Poison+1","Deadly Poison","Prepared","Bouncing Flask"],"relics":["Ring of the Snake","NeowsBlessing","Smiling Mask","Question Card","Pantograph","Potion Belt"],"potions_floor_usage":[14,16],"damage_taken":[{"damage":0,"enemies":"Jaw Worm","floor":1,"turns":1},{"damage":0,"enemies":"Cultist","floor":5,"turns":1},{"damage":0,"enemies":"Gremlin Nob","floor":6,"turns":1},{"damage":0,"enemies":"Small Slimes","floor":7,"turns":3},{"damage":8,"enemies":"Blue Slaver","floor":10,"turns":4},{"damage":3,"enemies":"Looter","floor":12,"turns":4},{"damage":6,"enemies":"3 Louse","floor":13,"turns":2},{"damage":10,"enemies":"Lagavulin","floor":14,"turns":5},{"damage":80,"enemies":"Slime Boss","floor":16,"turns":9}],"seed_played":"-5729917378546314193","potions_obtained":[{"floor":7,"key":"SkillPotion"},{"floor":10,"key":"Explosive Potion"},{"floor":13,"key":"LiquidBronze"}],"is_trial":false,"path_per_floor":["M","$","?","?","M","E","M","T","T","M","R","M","M","E","R","B"],"character_chosen":"THE_SILENT","items_purchased":["Caltrops"],"campfire_rested":1,"item_purchase_floors":[2],"current_hp_per_floor":[70,70,63,68,68,68,68,68,68,60,60,57,51,41,63,0],"gold":182,"neow_bonus":"THREE_ENEMY_KILL","is_prod":false,"is_daily":false,"chose_seed":false,"campfire_upgraded":1,"win_rate":0,"timestamp":1548091577,"path_taken":["M","$","?","?","M","E","M","?","T","M","R","M","?","E","R","BOSS"],"build_version":"2019-01-17v2","purchased_purges":0,"victory":false,"max_hp_per_floor":[70,70,70,75,75,75,75,75,75,75,75,75,75,75,75,75],"card_choices":[{"not_picked":["Poisoned Stab","Bane"],"picked":"Deadly Poison","floor":1},{"not_picked":["PiercingWail","Choke","Sucker Punch"],"picked":"SKIP","floor":5},{"not_picked":["Quick Slash","Acrobatics"],"picked":"Crippling Poison","floor":6},{"not_picked":["Blade Dance","Escape Plan","Calculated Gamble"],"picked":"SKIP","floor":7},{"not_picked":["Tactician","Riddle With Holes","Slice"],"picked":"Deadly Poison","floor":10},{"not_picked":["Slice","Malaise","Poisoned Stab"],"picked":"Prepared","floor":12},{"not_picked":["Riddle With Holes","Calculated Gamble","Quick Slash"],"picked":"Bouncing Flask","floor":13},{"not_picked":["Predator","Acrobatics","Reflex","Tools of the Trade"],"picked":"SKIP","floor":14}],"player_experience":847168,"relics_obtained":[{"floor":6,"key":"Smiling Mask"},{"floor":8,"key":"Question Card"},{"floor":9,"key":"Pantograph"},{"floor":14,"key":"Potion Belt"}],"event_choices":[{"cards_removed":["Strike_G"],"damage_healed":0,"gold_gain":0,"player_choice":"Card Removal","damage_taken":7,"max_hp_gain":0,"max_hp_loss":0,"event_name":"Golden Wing","floor":3,"gold_loss":0},{"damage_healed":0,"gold_gain":0,"player_choice":"Donut","damage_taken":0,"max_hp_gain":5,"max_hp_loss":0,"event_name":"Big Fish","floor":4,"gold_loss":0}],"is_beta":false,"boss_relics":[],"items_purged_floors":[],"is_endless":false,"potions_floor_spawned":[7,10,13],"killed_by":"Slime Boss","ascension_level":5}