{"gold_per_floor":[114,134,134,146,158,170,34,34,88,105,139,139,25,100,100,203,203,223,138,38,55,83,83,98,98,151,164,178,178,196,227,227,227],"floor_reached":33,"playtime":776,"items_purged":["Strike_B","Zap+1"],"score":302,"play_id":"9637c6d0-a36e-4319-bbe6-969306f9712f","local_time":"20181028043954","is_ascension_mode":true,"campfire_choices":[{"data":"Zap","floor":6,"key":"SMITH"},{"data":"Static Discharge","floor":15,"key":"SMITH"},{"data":"Hyperbeam","floor":23,"key":"SMITH"},{"data":"Strike_B","floor":25,"key":"SMITH"},{"floor":32,"key":"REST"}],"neow_cost":"TEN_PERCENT_HP_LOSS","seed_source_timestamp":63325997786302,"circlet_count":0,"master_deck":["Strike_B","Strike_B+1","Defend_B+1","Defend_B+1","Dualcast","Hyperbeam+1","Auto Shields","White Noise+1"],"relics":["Cracked Core","MawBank","Juzu Bracelet","Tiny Chest","WingedGreaves","Ornamental Fan","Busted Crown","Vajra","Red Mask","Centennial Puzzle","Blood Vial","Question Card"],"potions_floor_usage":[11,16,22,31,31],"damage_taken":[{"damage":6,"enemies":"Jaw Worm","floor":1,"turns":2},{"damage":7,"enemies":"Small Slimes","floor":2,"turns":2},{"damage":0,"enemies":"Cultist","floor":10,"turns":2},{"damage":0,"enemies":"Lagavulin","floor":11,"turns":6},{"damage":39,"enemies":"Slime Boss","floor":16,"turns":9},{"damage":4,"enemies":"3 Byrds","floor":18,"turns":4},{"damage":2,"enemies":"Chosen","floor":21,"turns":3},{"damage":0,"enemies":"Masked Bandits","floor":22,"turns":2},{"damage":14,"enemies":"Shelled Parasite and Fungi","floor":24,"turns":5},{"damage":0,"enemies":"3 Cultists","floor":27,"turns":3},{"damage":15,"enemies":"Snake Plant","floor":28,"turns":3},{"damage":0,"enemies":"Cultist and Chosen","floor":30,"turns":3},{"damage":17,"enemies":"Book of Stabbing","floor":31,"turns":4},{"damage":43,"enemies":"Collector","floor":33,"turns":7}],"seed_played":"1372582964938155198","potions_obtained":[{"floor":2,"key":"Dexterity Potion"},{"floor":10,"key":"Weak Potion"},{"floor":18,"key":"SneckoOil"},{"floor":28,"key":"Swift Potion"},{"floor":30,"key":"Energy Potion"}],"is_trial":false,"path_per_floor":["M","M","?","?","?","R","$","?","T","M","E","?","$","?","R","B",null,"M","?","$","M","?","R","M","R","T","M","M","?","M","E","R"],"character_chosen":"DEFECT","items_purchased":["Juzu Bracelet","Static Discharge"],"campfire_rested":1,"item_purchase_floors":[7,13],"current_hp_per_floor":[62,55,52,38,38,38,38,68,68,68,68,68,68,57,57,18,68,64,64,64,62,62,62,48,48,48,48,33,33,35,20,40,0],"gold":227,"neow_bonus":"REMOVE_TWO","is_prod":false,"is_daily":false,"chose_seed":false,"campfire_upgraded":4,"win_rate":0,"timestamp":1540715994,"path_taken":["M","M","?","?","?","R","$","?","T","M","E","?","$","?","R","BOSS","M","?","$","M","?","R","M","R","T","M","M","?","M","E","R","BOSS"],"build_version":"2018-10-25v2","purchased_purges":2,"victory":false,"max_hp_per_floor":[68,68,68,68,68,68,68,68,68,68,68,68,68,68,68,68,68,68,68,68,68,68,68,68,68,68,68,68,68,68,68,68,68],"card_choices":[{"not_picked":["Ball Lightning","Double Energy","Skim"],"picked":"SKIP","floor":1},{"not_picked":["Undo","Fusion","Streamline"],"picked":"SKIP","floor":2},{"not_picked":["Rebound","Beam Cell","Stack"],"picked":"SKIP","floor":10},{"not_picked":["Melter","Doom and Gloom","Turbo"],"picked":"SKIP","floor":11},{"not_picked":["Amplify","Seek"],"picked":"Hyperbeam","floor":16},{"not_picked":["Turbo+1"],"picked":"SKIP","floor":18},{"not_picked":["Stack+1"],"picked":"SKIP","floor":21},{"not_picked":["Streamline"],"picked":"SKIP","floor":24},{"not_picked":["Sunder"],"picked":"SKIP","floor":27},{"not_picked":[],"picked":"Auto Shields","floor":28},{"not_picked":["White Noise+1"],"picked":"SKIP","floor":30},{"not_picked":[],"picked":"White Noise+1","floor":30},{"not_picked":["Rebound+1"],"picked":"SKIP","floor":31}],"player_experience":528468,"relics_obtained":[{"floor":9,"key":"Tiny Chest"},{"floor":11,"key":"WingedGreaves"},{"floor":22,"key":"Red Mask"},{"floor":26,"key":"Centennial Puzzle"},{"floor":31,"key":"Question Card"}],"event_choices":[{"damage_healed":0,"gold_gain":0,"player_choice":"Success","damage_taken":3,"relics_obtained":["MawBank"],"max_hp_gain":0,"max_hp_loss":0,"event_name":"Scrap Ooze","floor":3,"gold_loss":0},{"damage_healed":0,"gold_gain":0,"player_choice":"Entered Light","damage_taken":14,"max_hp_gain":0,"max_hp_loss":0,"event_name":"Shining Light","floor":4,"gold_loss":0,"cards_upgraded":["Defend_B","Defend_B"]},{"cards_removed":["Strike_B"],"damage_healed":0,"gold_gain":0,"player_choice":"Purged","damage_taken":0,"max_hp_gain":0,"max_hp_loss":0,"event_name":"Purifier","floor":5,"gold_loss":0},{"damage_healed":30,"gold_gain":0,"player_choice":"Full Heal","damage_taken":0,"max_hp_gain":0,"max_hp_loss":0,"event_name":"Wheel of Change","floor":8,"gold_loss":0},{"damage_healed":0,"gold_gain":0,"player_choice":"Searched \u00272\u0027 times","damage_taken":0,"relics_obtained":["Ornamental Fan"],"max_hp_gain":0,"max_hp_loss":0,"event_name":"Dead Adventurer","floor":12,"gold_loss":0},{"damage_healed":0,"gold_gain":75,"player_choice":"Gather Gold","damage_taken":11,"max_hp_gain":0,"max_hp_loss":0,"event_name":"World of Goop","floor":14,"gold_loss":0},{"damage_healed":0,"gold_gain":0,"player_choice":"Obtained Relic","damage_taken":0,"relics_obtained":["Vajra"],"max_hp_gain":0,"max_hp_loss":0,"event_name":"Addict","floor":19,"gold_loss":85},{"damage_healed":0,"gold_gain":0,"player_choice":"Fought Bandits","damage_taken":0,"max_hp_gain":0,"max_hp_loss":0,"event_name":"Masked Bandits","floor":22,"gold_loss":0},{"cards_removed":["Static Discharge"],"damage_healed":0,"gold_gain":0,"player_choice":"Gave Card","damage_taken":0,"relics_obtained":["Blood Vial"],"max_hp_gain":0,"max_hp_loss":0,"event_name":"WeMeetAgain","floor":29,"gold_loss":0}],"is_beta":true,"boss_relics":[{"not_picked":["Inserter","Coffee Dripper"],"picked":"Busted Crown"}],"items_purged_floors":[13,20],"is_endless":false,"potions_floor_spawned":[2,10,18,28,30],"killed_by":"Collector","ascension_level":1}