{"gold_per_floor":[215,215,215,32,32,32,53,53,80,100,25,59,59,85,85,183,183,196,224,236,161,177,208,208,241,241,241,241,241,241,259,259,259],"floor_reached":33,"playtime":2040,"items_purged":["Strike_B"],"score":506,"play_id":"029619f2-6bed-4264-a505-20cf267c567c","local_time":"20190211104738","is_ascension_mode":true,"campfire_choices":[{"data":"Zap","floor":6,"key":"SMITH"},{"data":"Streamline","floor":8,"key":"SMITH"},{"floor":13,"key":"REST"},{"data":"Darkness","floor":15,"key":"SMITH"},{"floor":24,"key":"REST"},{"data":"Chill","floor":28,"key":"SMITH"},{"data":"Dualcast","floor":30,"key":"SMITH"},{"floor":32,"key":"REST"}],"neow_cost":"NONE","seed_source_timestamp":1451049483780877,"circlet_count":0,"master_deck":["AscendersBane","Strike_B","Defend_B","Defend_B","Defend_B","Defend_B+1","Zap+1","Dualcast+1","Sweeping Beam+1","Recycle","Streamline+1","Leap","Ball Lightning","Leap","Darkness+1","Electrodynamics","Coolheaded","Chill+1","Static Discharge"],"relics":["Cracked Core","DataDisk","Strawberry","Odd Mushroom","Happy Flower","Vajra","The Courier","Sozu","Red Mask","Bronze Scales","Orichalcum","Ornamental Fan","Anchor"],"potions_floor_usage":[12,16,19,23],"damage_taken":[{"damage":3,"enemies":"2 Louse","floor":1,"turns":3},{"damage":9,"enemies":"The Mushroom Lair","floor":7,"turns":3},{"damage":7,"enemies":"Small Slimes","floor":10,"turns":2},{"damage":1,"enemies":"Gremlin Nob","floor":12,"turns":3},{"damage":24,"enemies":"3 Sentries","floor":14,"turns":6},{"damage":0,"enemies":"Slime Boss","floor":16,"turns":3},{"damage":11,"enemies":"2 Thieves","floor":18,"turns":3},{"damage":0,"enemies":"Masked Bandits","floor":19,"turns":3},{"damage":2,"enemies":"Shell Parasite","floor":20,"turns":4},{"damage":24,"enemies":"Snake Plant","floor":22,"turns":4},{"damage":17,"enemies":"Book of Stabbing","floor":23,"turns":4},{"damage":11,"enemies":"Gremlin Leader","floor":25,"turns":5},{"damage":10,"enemies":"Colosseum Slavers","floor":27,"turns":2},{"damage":5,"enemies":"Centurion and Healer","floor":31,"turns":5},{"damage":47,"enemies":"Collector","floor":33,"turns":5}],"seed_played":"-6778625706183408871","potions_obtained":[{"floor":7,"key":"Poison Potion"},{"floor":10,"key":"GamblersBrew"},{"floor":12,"key":"SteroidPotion"},{"floor":14,"key":"Swift Potion"}],"is_trial":false,"path_per_floor":["M","?","?","$","?","R","?","R","T","M","$","E","R","E","R","B",null,"M","?","M","?","M","E","R","E","T","?","R","T","R","M","R","B"],"character_chosen":"DEFECT","items_purchased":["DataDisk","Streamline"],"campfire_rested":3,"item_purchase_floors":[4,4],"current_hp_per_floor":[65,65,50,50,54,54,45,45,45,38,38,37,61,37,37,37,71,60,60,58,58,34,17,41,30,30,20,20,20,20,15,39,0],"gold":259,"neow_bonus":"HUNDRED_GOLD","is_prod":false,"is_daily":false,"chose_seed":false,"campfire_upgraded":5,"win_rate":0,"timestamp":1549878458,"path_taken":["M","?","?","$","?","R","?","R","T","M","$","E","R","E","R","BOSS","M","?","M","?","M","E","R","E","T","?","R","?","R","M","R","BOSS"],"build_version":"2019-01-23","purchased_purges":1,"victory":false,"max_hp_per_floor":[75,75,75,75,82,82,82,82,82,82,82,82,82,82,82,82,82,82,82,82,82,82,82,82,82,82,82,82,82,82,82,82,82],"card_choices":[{"not_picked":["Gash","Darkness"],"picked":"Sweeping Beam","floor":1},{"not_picked":["Stack","Streamline"],"picked":"Leap","floor":7},{"not_picked":["Coolheaded","Reboot"],"picked":"Ball Lightning","floor":10},{"not_picked":["Capacitor","Cold Snap"],"picked":"Leap","floor":12},{"not_picked":["Rebound","All For One"],"picked":"Darkness","floor":14},{"not_picked":["Core Surge","Machine Learning"],"picked":"Electrodynamics","floor":16},{"not_picked":["Gash","Force Field","Scrape"],"picked":"SKIP","floor":18},{"not_picked":["Turbo+1","Cold Snap"],"picked":"Coolheaded","floor":19},{"not_picked":["Redo","Double Energy","Recycle"],"picked":"SKIP","floor":20},{"not_picked":["Blizzard+1","Barrage","Stack+1"],"picked":"SKIP","floor":22},{"not_picked":["Ball Lightning+1","Stack"],"picked":"Chill","floor":23},{"not_picked":["Sweeping Beam+1","Barrage","Turbo"],"picked":"SKIP","floor":25},{"not_picked":["Redo","Force Field"],"picked":"Static Discharge","floor":31}],"player_experience":390924,"relics_obtained":[{"floor":7,"key":"Odd Mushroom"},{"floor":9,"key":"Happy Flower"},{"floor":12,"key":"Vajra"},{"floor":14,"key":"The Courier"},{"floor":19,"key":"Red Mask"},{"floor":23,"key":"Bronze Scales"},{"floor":25,"key":"Orichalcum"},{"floor":26,"key":"Ornamental Fan"},{"floor":29,"key":"Anchor"}],"event_choices":[{"damage_healed":0,"gold_gain":0,"cards_transformed":["Strike_B"],"player_choice":"Change","damage_taken":0,"max_hp_gain":0,"max_hp_loss":0,"event_name":"Living Wall","floor":2,"gold_loss":0,"cards_obtained":["Recycle"]},{"damage_healed":0,"gold_gain":0,"player_choice":"Entered Light","damage_taken":15,"max_hp_gain":0,"max_hp_loss":0,"event_name":"Shining Light","floor":3,"gold_loss":0,"cards_upgraded":["Sweeping Beam","Defend_B"]},{"damage_healed":0,"gold_gain":0,"player_choice":"Success","damage_taken":3,"relics_obtained":["Strawberry"],"max_hp_gain":0,"max_hp_loss":0,"event_name":"Scrap Ooze","floor":5,"gold_loss":0},{"damage_healed":0,"gold_gain":0,"player_choice":"Fought Mushrooms","damage_taken":0,"max_hp_gain":0,"max_hp_loss":0,"event_name":"Mushrooms","floor":7,"gold_loss":0},{"damage_healed":0,"gold_gain":0,"player_choice":"Fought Bandits","damage_taken":0,"max_hp_gain":0,"max_hp_loss":0,"event_name":"Masked Bandits","floor":19,"gold_loss":0},{"cards_removed":["Strike_B"],"damage_healed":0,"gold_gain":0,"player_choice":"Gave Gold","damage_taken":0,"max_hp_gain":0,"max_hp_loss":0,"event_name":"Beggar","floor":21,"gold_loss":75},{"damage_healed":0,"gold_gain":0,"player_choice":"Fight","damage_taken":0,"max_hp_gain":0,"max_hp_loss":0,"event_name":"Colosseum","floor":27,"gold_loss":0},{"damage_healed":0,"gold_gain":0,"player_choice":"Fled From Nobs","damage_taken":0,"max_hp_gain":0,"max_hp_loss":0,"event_name":"Colosseum","floor":27,"gold_loss":0}],"is_beta":false,"boss_relics":[{"not_picked":["Runic Pyramid","Calling Bell"],"picked":"Sozu"}],"items_purged_floors":[11],"is_endless":false,"potions_floor_spawned":[7,10,12,14,18,19,22,23],"killed_by":"Collector","ascension_level":10}