{"gold_per_floor":[109,109,128,128,128,167,167,190,214,214,214,127,147,183,183,272,272,293,306,89,107,107,35,35],"floor_reached":24,"playtime":1159,"items_purged":["Strike_B"],"score":378,"play_id":"f36b3d44-8b09-4fc6-9d3e-4b2b8924e229","local_time":"20190202115600","is_ascension_mode":true,"campfire_choices":[{"data":"Glacier","floor":7,"key":"SMITH"},{"data":"Gash","floor":11,"key":"SMITH"},{"data":"White Noise","floor":15,"key":"SMITH"}],"neow_cost":"NONE","seed_source_timestamp":1210889157061459,"circlet_count":0,"master_deck":["AscendersBane","Defend_B","Defend_B","Defend_B","Defend_B","Zap","Dualcast","Ball Lightning","Gash","Glacier+1","Gash+1","Cold Snap","Loop","Beam Cell","White Noise+1","Reboot","Cold Snap","FTL+1","Beam Cell","Coolheaded","Streamline","Consume"],"relics":["Cracked Core","NeowsBlessing","Golden Idol","Potion Belt","Lantern","Empty Cage"],"potions_floor_usage":[14,16,16,21,24],"damage_taken":[{"damage":0,"enemies":"Jaw Worm","floor":1,"turns":1},{"damage":0,"enemies":"Cultist","floor":3,"turns":1},{"damage":0,"enemies":"Lagavulin","floor":6,"turns":1},{"damage":8,"enemies":"2 Louse","floor":8,"turns":2},{"damage":2,"enemies":"Exordium Wildlife","floor":13,"turns":3},{"damage":10,"enemies":"Gremlin Nob","floor":14,"turns":4},{"damage":31,"enemies":"Hexaghost","floor":16,"turns":11},{"damage":0,"enemies":"Spheric Guardian","floor":18,"turns":4},{"damage":25,"enemies":"2 Thieves","floor":19,"turns":4},{"damage":30,"enemies":"Cultist and Chosen","floor":21,"turns":6},{"damage":11,"enemies":"Gremlin Leader","floor":24,"turns":1}],"seed_played":"1077651341998610842","potions_obtained":[{"floor":3,"key":"Regen Potion"},{"floor":6,"key":"AttackPotion"},{"floor":13,"key":"EssenceOfSteel"},{"floor":16,"key":"Weak Potion"},{"floor":18,"key":"AttackPotion"}],"is_trial":false,"path_per_floor":["M","?","M","?","?","E","R","M","T","$","R","$","M","E","R","B",null,"M","M","$","M","?","$","E"],"character_chosen":"DEFECT","items_purchased":["Cold Snap","Loop","Beam Cell","Coolheaded","Streamline","Regen Potion"],"campfire_rested":0,"item_purchase_floors":[12,12,20,20,20,23],"current_hp_per_floor":[68,68,68,68,68,68,68,60,60,60,60,60,58,48,48,32,60,60,35,35,5,5,5,0],"gold":35,"neow_bonus":"THREE_ENEMY_KILL","is_prod":false,"is_daily":false,"chose_seed":false,"campfire_upgraded":3,"win_rate":0,"timestamp":1549108560,"path_taken":["M","?","?","?","?","E","R","?","T","?","R","$","M","E","R","BOSS","M","M","$","M","?","?","E"],"build_version":"2019-01-23","purchased_purges":1,"victory":false,"max_hp_per_floor":[75,75,75,69,69,69,69,69,69,69,69,69,69,69,69,69,69,69,69,69,69,69,69,69],"card_choices":[{"not_picked":["Conserve Battery","Scrape"],"picked":"Ball Lightning","floor":1},{"not_picked":["Static Discharge","Barrage"],"picked":"Gash","floor":3},{"not_picked":["Loop","Stack"],"picked":"Glacier","floor":6},{"not_picked":["Steam","Streamline"],"picked":"Gash","floor":8},{"not_picked":["Double Energy","Recycle"],"picked":"Beam Cell","floor":13},{"not_picked":["Redo","Genetic Algorithm"],"picked":"White Noise","floor":14},{"not_picked":["Fission","Multi-Cast"],"picked":"Reboot","floor":16},{"not_picked":["Stack+1","Steam Power"],"picked":"Cold Snap","floor":18},{"not_picked":["BootSequence","Coolheaded"],"picked":"FTL+1","floor":19},{"not_picked":["Capacitor","Leap+1"],"picked":"Consume","floor":21}],"player_experience":1252303,"relics_obtained":[{"floor":6,"key":"Potion Belt"},{"floor":14,"key":"Lantern"}],"event_choices":[{"cards_removed":["Strike_B"],"damage_healed":0,"gold_gain":0,"player_choice":"Offered Basic","damage_taken":0,"max_hp_gain":0,"max_hp_loss":0,"event_name":"Bonfire Elementals","floor":2,"gold_loss":0},{"damage_healed":0,"gold_gain":0,"player_choice":"Lose Max HP","damage_taken":0,"relics_obtained":["Golden Idol"],"max_hp_gain":0,"max_hp_loss":6,"event_name":"Golden Idol","floor":4,"gold_loss":0},{"damage_healed":0,"gold_gain":0,"player_choice":"Leave","damage_taken":0,"max_hp_gain":0,"max_hp_loss":0,"event_name":"The Cleric","floor":5,"gold_loss":0},{"damage_healed":0,"gold_gain":0,"player_choice":"Bought 0 Potions","damage_taken":0,"max_hp_gain":0,"max_hp_loss":0,"event_name":"The Woman in Blue","floor":22,"gold_loss":0}],"is_beta":false,"boss_relics":[{"not_picked":["Runic Dome","Ectoplasm"],"picked":"Empty Cage"}],"items_purged_floors":[20],"is_endless":false,"potions_floor_spawned":[3,6,13,16,18],"killed_by":"Gremlin Leader","ascension_level":13}