{"gold_per_floor":[112,287,307,322,342,342,361,396,420,435,459,475,475,495,495,599,599,615,628,224,224,499,529,548,548,575,592,592],"floor_reached":28,"playtime":2796,"items_purged":["Defend_B"],"score":268,"play_id":"00d49187-23de-4238-bdd7-35db576b87ea","local_time":"20181116154148","is_ascension_mode":true,"campfire_choices":[{"data":"Coolheaded","floor":6,"key":"SMITH"},{"data":"Hologram","floor":15,"key":"SMITH"},{"floor":25,"key":"REST"}],"neow_cost":"NONE","seed_source_timestamp":132855300313455,"circlet_count":0,"master_deck":["Strike_B","Strike_B","Strike_B","Strike_B","Defend_B","Defend_B","Defend_B","Zap+1","Dualcast","Coolheaded+1","Doubt","Cold Snap","Capacitor","Cold Snap","Steam","Glacier","Hologram","Hologram+1","Loop","Machine Learning","Gash+1","Barrage","Capacitor","Gash","Gash","Skim"],"relics":["Cracked Core","Omamori","Art of War","Ancient Tea Set","Fusion Hammer","Symbiotic Virus","Regal Pillow","Potion Belt"],"potions_floor_usage":[5,8,16,18,23,23],"damage_taken":[{"damage":2,"enemies":"Jaw Worm","floor":1,"turns":3},{"damage":4,"enemies":"2 Louse","floor":3,"turns":4},{"damage":0,"enemies":"Small Slimes","floor":4,"turns":2},{"damage":0,"enemies":"Gremlin Gang","floor":5,"turns":5},{"damage":4,"enemies":"Looter","floor":7,"turns":3},{"damage":42,"enemies":"Gremlin Nob","floor":8,"turns":6},{"damage":1,"enemies":"Exordium Wildlife","floor":10,"turns":3},{"damage":0,"enemies":"2 Fungi Beasts","floor":12,"turns":4},{"damage":20,"enemies":"Exordium Thugs","floor":14,"turns":7},{"damage":23,"enemies":"Hexaghost","floor":16,"turns":15},{"damage":0,"enemies":"Spheric Guardian","floor":18,"turns":6},{"damage":10,"enemies":"Shell Parasite","floor":19,"turns":8},{"damage":17,"enemies":"Book of Stabbing","floor":23,"turns":6},{"damage":36,"enemies":"Snake Plant","floor":24,"turns":4},{"damage":39,"enemies":"Shelled Parasite and Fungi","floor":27,"turns":5},{"damage":18,"enemies":"Sentry and Sphere","floor":28,"turns":2}],"seed_played":"-2258331372303197203","potions_obtained":[{"floor":1,"key":"Swift Potion"},{"floor":3,"key":"AttackPotion"},{"floor":8,"key":"Strength Potion"},{"floor":14,"key":"Block Potion"},{"floor":16,"key":"Energy Potion"},{"floor":19,"key":"PowerPotion"},{"floor":23,"key":"Strength Potion"},{"floor":27,"key":"Ancient Potion"}],"is_trial":false,"path_per_floor":["M","?","M","M","M","R","M","E","T","M","T","M","?","M","R","B",null,"M","M","$","?","?","E","M","R","T","M","M"],"character_chosen":"DEFECT","items_purchased":["Capacitor","Symbiotic Virus"],"campfire_rested":1,"item_purchase_floors":[20,20],"current_hp_per_floor":[73,73,69,69,69,69,65,23,23,22,22,22,47,27,27,4,75,75,65,65,65,65,48,12,49,49,10,0],"gold":592,"neow_bonus":"UPGRADE_CARD","is_prod":false,"is_daily":false,"chose_seed":false,"campfire_upgraded":2,"win_rate":0,"timestamp":1542400908,"path_taken":["M","?","M","M","M","R","M","E","T","M","?","M","?","M","R","BOSS","M","M","$","?","?","E","M","R","T","M","M"],"build_version":"2018-11-15","purchased_purges":1,"victory":false,"max_hp_per_floor":[75,75,75,75,75,75,75,75,75,75,75,75,75,75,75,75,75,75,75,75,75,75,75,75,75,75,75,75],"card_choices":[{"not_picked":["Consume","Compile Driver"],"picked":"Coolheaded","floor":1},{"not_picked":["Compile Driver","Auto Shields"],"picked":"Cold Snap","floor":3},{"not_picked":["FTL","Loop"],"picked":"Capacitor","floor":4},{"not_picked":["Turbo","Aggregate"],"picked":"Cold Snap","floor":5},{"not_picked":["Glacier","Consume"],"picked":"Steam","floor":7},{"not_picked":["Leap","Storm"],"picked":"Glacier","floor":8},{"not_picked":["Fusion","Lockon"],"picked":"Hologram","floor":10},{"not_picked":["Stack","Consume"],"picked":"Hologram","floor":12},{"not_picked":["Core Surge","Capacitor"],"picked":"Loop","floor":14},{"not_picked":["Echo Form","Meteor Strike"],"picked":"Machine Learning","floor":16},{"not_picked":["Cold Snap","Genetic Algorithm"],"picked":"Gash+1","floor":18},{"not_picked":["Redo+1","Fusion"],"picked":"Barrage","floor":19},{"not_picked":["Darkness","Meteor Strike"],"picked":"Gash","floor":23},{"not_picked":["Streamline","Leap"],"picked":"Gash","floor":24},{"not_picked":["Compile Driver","Beam Cell"],"picked":"Skim","floor":27}],"player_experience":271520,"relics_obtained":[{"floor":8,"key":"Omamori"},{"floor":9,"key":"Art of War"},{"floor":11,"key":"Ancient Tea Set"},{"floor":23,"key":"Regal Pillow"},{"floor":26,"key":"Potion Belt"}],"event_choices":[{"damage_healed":0,"gold_gain":175,"player_choice":"AGREE","damage_taken":0,"max_hp_gain":0,"max_hp_loss":0,"event_name":"Liars Game","floor":2,"gold_loss":0,"cards_obtained":["Doubt"]},{"damage_healed":25,"gold_gain":0,"player_choice":"Banana","damage_taken":0,"max_hp_gain":0,"max_hp_loss":0,"event_name":"Big Fish","floor":13,"gold_loss":0},{"damage_healed":0,"gold_gain":0,"player_choice":"Ignored","damage_taken":0,"max_hp_gain":0,"max_hp_loss":0,"event_name":"Ghosts","floor":21,"gold_loss":0},{"damage_healed":0,"gold_gain":275,"player_choice":"Desecrate","damage_taken":0,"max_hp_gain":0,"max_hp_loss":0,"event_name":"Golden Shrine","floor":22,"gold_loss":0,"cards_obtained":["Regret"]}],"is_beta":false,"boss_relics":[{"not_picked":["Velvet Choker","Lizard Tail"],"picked":"Fusion Hammer"}],"items_purged_floors":[20],"is_endless":false,"potions_floor_spawned":[1,3,8,14,16,19,23,27],"killed_by":"Sentry and Sphere","ascension_level":2}