{"gold_per_floor":[119,119,135,148,6,6,37,37,37,37,37,55,67,87,87,190,190,209,109,126,126,144,144,158,158],"floor_reached":25,"playtime":2737,"items_purged":["Strike_G","Defend_G"],"score":246,"play_id":"05c87406-f6b0-4a4e-a623-c6218b5a69ea","local_time":"20181230185623","is_ascension_mode":true,"campfire_choices":[{"data":"Poisoned Stab","floor":6,"key":"SMITH"},{"floor":8,"key":"RECALL"},{"data":"Footwork","floor":10,"key":"SMITH"},{"data":"Caltrops","floor":15,"key":"SMITH"},{"floor":23,"key":"REST"}],"neow_cost":"NONE","seed_source_timestamp":256411394720800,"circlet_count":0,"master_deck":["Defend_G","Defend_G","Defend_G","Defend_G","Strike_G","Strike_G","Strike_G","Survivor","Neutralize","Footwork+1","Poisoned Stab+1","Deflect","Caltrops+1","Adrenaline","Wraith Form v2","Poisoned Stab","Poisoned Stab+1","Burst","Bane"],"relics":["Ring of the Snake","Vajra","Singing Bowl","Potion Belt","Snecko Eye","Ancient Tea Set"],"potions_floor_usage":[24,25,25],"damage_taken":[{"damage":0,"enemies":"2 Louse","floor":1,"turns":3},{"damage":0,"enemies":"Cultist","floor":3,"turns":5},{"damage":2,"enemies":"Jaw Worm","floor":4,"turns":4},{"damage":12,"enemies":"Lagavulin","floor":7,"turns":9},{"damage":18,"enemies":"Gremlin Gang","floor":12,"turns":5},{"damage":0,"enemies":"2 Fungi Beasts","floor":13,"turns":3},{"damage":0,"enemies":"Large Slime","floor":14,"turns":6},{"damage":35,"enemies":"Hexaghost","floor":16,"turns":11},{"damage":17,"enemies":"Spheric Guardian","floor":18,"turns":6},{"damage":28,"enemies":"3 Byrds","floor":20,"turns":3},{"damage":21,"enemies":"Centurion and Healer","floor":22,"turns":8},{"damage":4,"enemies":"Snecko","floor":24,"turns":6},{"damage":32,"enemies":"Slavers","floor":25,"turns":2}],"seed_played":"-9210658968086994687","potions_obtained":[{"floor":7,"key":"Ancient Potion"},{"floor":16,"key":"GhostInAJar"},{"floor":22,"key":"Fire Potion"},{"floor":24,"key":"FearPotion"}],"is_trial":false,"path_per_floor":["M","?","M","M","$","R","E","R","T","R","?","M","M","M","R","B",null,"M","$","M","?","M","R","M","E"],"character_chosen":"THE_SILENT","items_purchased":["Caltrops"],"campfire_rested":1,"item_purchase_floors":[5],"current_hp_per_floor":[70,70,70,68,68,68,56,56,56,56,53,37,39,41,41,6,76,59,59,31,31,10,32,28,0],"gold":158,"neow_bonus":"THREE_CARDS","is_prod":false,"is_daily":false,"chose_seed":false,"campfire_upgraded":3,"win_rate":0,"timestamp":1546192583,"path_taken":["M","?","?","M","$","R","E","R","T","R","?","M","M","M","R","BOSS","M","$","M","?","M","R","M","E"],"build_version":"2018-12-20","purchased_purges":2,"victory":false,"max_hp_per_floor":[70,70,70,70,70,70,70,70,70,70,70,72,74,76,76,76,76,76,76,76,76,76,76,76,76],"card_choices":[{"not_picked":["Backflip","Dodge and Roll"],"picked":"Footwork","floor":0},{"not_picked":["Bane","Acrobatics","Dodge and Roll"],"picked":"SKIP","floor":1},{"not_picked":["Bane","Dodge and Roll"],"picked":"Poisoned Stab","floor":3},{"not_picked":["Terror","PiercingWail"],"picked":"Deflect","floor":4},{"not_picked":["Blur","Prepared"],"picked":"Adrenaline","floor":7},{"not_picked":["Dodge and Roll","Blade Dance","Dagger Throw"],"picked":"Singing Bowl","floor":12},{"not_picked":["Riddle With Holes","Terror","Slice"],"picked":"Singing Bowl","floor":13},{"not_picked":["Riddle With Holes","Masterful Stab","Choke"],"picked":"Singing Bowl","floor":14},{"not_picked":["Doppelganger","Storm of Steel"],"picked":"Wraith Form v2","floor":16},{"not_picked":["Eviscerate+1","Cloak And Dagger"],"picked":"Poisoned Stab","floor":18},{"not_picked":["Acrobatics+1","Dagger Spray"],"picked":"Poisoned Stab+1","floor":20},{"not_picked":["Cloak And Dagger+1","Tactician"],"picked":"Burst","floor":22},{"not_picked":["Cloak And Dagger","Caltrops"],"picked":"Bane","floor":24}],"player_experience":822628,"relics_obtained":[{"floor":7,"key":"Vajra"},{"floor":9,"key":"Singing Bowl"}],"event_choices":[{"cards_removed":["Strike_G"],"damage_healed":0,"gold_gain":0,"player_choice":"Offered Basic","damage_taken":0,"max_hp_gain":0,"max_hp_loss":0,"event_name":"Bonfire Elementals","floor":2,"gold_loss":0},{"damage_healed":0,"gold_gain":0,"player_choice":"Success","damage_taken":3,"relics_obtained":["Potion Belt"],"max_hp_gain":0,"max_hp_loss":0,"event_name":"Scrap Ooze","floor":11,"gold_loss":0},{"damage_healed":0,"gold_gain":0,"player_choice":"Gave Potion","damage_taken":0,"relics_obtained":["Ancient Tea Set"],"max_hp_gain":0,"max_hp_loss":0,"event_name":"WeMeetAgain","floor":21,"gold_loss":0}],"is_beta":false,"boss_relics":[{"not_picked":["Velvet Choker","Philosopher\u0027s Stone"],"picked":"Snecko Eye"}],"items_purged_floors":[5,19],"is_endless":false,"potions_floor_spawned":[7,16,22,24],"killed_by":"Slavers","ascension_level":4}