{"gold_per_floor":[119,134,150,51,70,96,96,96,121,121,131,148,113,143,143,242,242,262,277,277,14,0,0,27,27,27,43,43,5,5,5,5,5],"floor_reached":33,"playtime":6783,"items_purged":["Defend_R"],"score":313,"play_id":"0c428543-135b-423d-b458-362c0a9be3c8","local_time":"20190201180512","is_ascension_mode":false,"campfire_choices":[{"floor":7.0,"key":"REST"},{"floor":10.0,"key":"REST"},{"data":"Ghostly Armor","floor":15.0,"key":"SMITH"},{"floor":23.0,"key":"REST"},{"floor":25.0,"key":"REST"},{"floor":32,"key":"REST"}],"neow_cost":"NONE","seed_source_timestamp":0,"circlet_count":0,"master_deck":["Strike_R","Strike_R","Strike_R","Strike_R","Strike_R","Defend_R","Defend_R","Defend_R","Bash","Reaper","Headbutt","Limit Break","Flex","Flex","Shockwave","Infernal Blade","Ghostly Armor+1","Battle Trance","Perfected Strike","Feed","Heavy Blade","True Grit","Intimidate","Feel No Pain","Purity","Whirlwind","Perfected Strike","Combust"],"special_seed":0,"relics":["Burning Blood","Pen Nib","Lantern","Lizard Tail","Potion Belt","Toxic Egg 2","Nloth\u0027s Gift"],"potions_floor_usage":[],"damage_taken":[{"damage":5.0,"enemies":"Small Slimes","floor":1.0,"turns":4.0},{"damage":15.0,"enemies":"Cultist","floor":2.0,"turns":4.0},{"damage":11.0,"enemies":"Jaw Worm","floor":3.0,"turns":5.0},{"damage":9.0,"enemies":"Looter","floor":5.0,"turns":3.0},{"damage":48.0,"enemies":"Lagavulin","floor":6.0,"turns":7.0},{"damage":6.0,"enemies":"3 Louse","floor":11.0,"turns":2.0},{"damage":12.0,"enemies":"2 Fungi Beasts","floor":12.0,"turns":3.0},{"damage":0.0,"enemies":"Slime Boss","floor":16.0,"turns":5.0},{"damage":20.0,"enemies":"2 Thieves","floor":18.0,"turns":5.0},{"damage":37.0,"enemies":"3 Byrds","floor":19.0,"turns":3.0},{"damage":90.0,"enemies":"Gremlin Leader","floor":24.0,"turns":8.0},{"damage":40.0,"enemies":"Centurion and Healer","floor":27.0,"turns":7.0},{"damage":115,"enemies":"Collector","floor":33,"turns":7}],"seed_played":"85742762871364031","potions_obtained":[{"floor":3.0,"key":"Weak Potion"},{"floor":6.0,"key":"SkillPotion"},{"floor":11.0,"key":"Ancient Potion"},{"floor":16.0,"key":"LiquidBronze"},{"floor":19.0,"key":"LiquidBronze"},{"floor":24.0,"key":"Strength Potion"}],"is_trial":false,"path_per_floor":["M","M","M","$","M","E","R","?","T","R","M","M","?","?","R","B",null,"M","M","?","$","?","R","E","R","T","M","?","$","$","?","R","B"],"character_chosen":"IRONCLAD","items_purchased":["Flex","Shockwave","Intimidate","Feel No Pain","Purity","Combust"],"campfire_rested":5,"item_purchase_floors":[4,4,21,21,21,29],"current_hp_per_floor":[80,77,76,76,73,40,64,64,64,80,80,74,80,80,80,80,80,75,62,62,62,62,83,15,39,39,12,12,12,12,12,36,0],"gold":5,"neow_bonus":"ONE_RANDOM_RARE_CARD","is_prod":false,"is_daily":false,"chose_seed":false,"campfire_upgraded":1,"win_rate":0.0,"timestamp":1549062312,"path_taken":["M","M","M","$","M","E","R","?","T","R","?","M","?","?","R","BOSS","M","M","?","$","?","R","E","R","T","M","?","$","?","?","R","BOSS"],"build_version":"2019-01-23","purchased_purges":1,"victory":false,"max_hp_per_floor":[80,80,80,80,80,80,80,80,80,80,80,80,80,80,80,80,80,80,83,83,83,83,83,83,83,83,83,83,83,83,83,83,83],"card_choices":[{"not_picked":["Anger","Twin Strike"],"picked":"Headbutt","floor":1.0},{"not_picked":["Cleave","True Grit"],"picked":"Limit Break","floor":2.0},{"not_picked":["True Grit","Bloodletting"],"picked":"Flex","floor":3.0},{"not_picked":["Iron Wave","Sword Boomerang"],"picked":"Infernal Blade","floor":5.0},{"not_picked":["Brutality","Armaments"],"picked":"Ghostly Armor","floor":6.0},{"not_picked":["Metallicize","Heavy Blade"],"picked":"Battle Trance","floor":11.0},{"not_picked":["Armaments","Flex"],"picked":"Perfected Strike","floor":12.0},{"not_picked":["Dark Embrace","Limit Break"],"picked":"Feed","floor":16.0},{"not_picked":["Anger","Pummel"],"picked":"Heavy Blade","floor":18.0},{"not_picked":["Armaments","Heavy Blade"],"picked":"True Grit","floor":19.0},{"not_picked":["Disarm+1","Clash"],"picked":"Whirlwind","floor":24.0},{"not_picked":["Flex+1","True Grit+1"],"picked":"Perfected Strike","floor":27.0}],"player_experience":23093,"relics_obtained":[{"floor":6.0,"key":"Boot"},{"floor":8.0,"key":"Pen Nib"},{"floor":9.0,"key":"Lantern"},{"floor":24.0,"key":"Potion Belt"},{"floor":26.0,"key":"Toxic Egg 2"}],"event_choices":[{"damage_healed":0.0,"max_hp_gain":0.0,"max_hp_loss":0.0,"gold_gain":0.0,"event_name":"Wheel of Change","player_choice":"Relic","floor":8.0,"gold_loss":0.0,"damage_taken":0.0},{"damage_healed":20.0,"max_hp_gain":0.0,"max_hp_loss":0.0,"gold_gain":0.0,"event_name":"The Cleric","player_choice":"Healed","floor":13.0,"gold_loss":35.0,"damage_taken":0.0},{"damage_healed":0.0,"max_hp_gain":0.0,"max_hp_loss":0.0,"gold_gain":30.0,"event_name":"Dead Adventurer","player_choice":"Searched \u00271\u0027 times","floor":14.0,"gold_loss":0.0,"damage_taken":0.0},{"damage_healed":0.0,"max_hp_gain":0.0,"max_hp_loss":0.0,"gold_gain":0.0,"event_name":"The Mausoleum","player_choice":"Ignored","floor":20.0,"gold_loss":0.0,"damage_taken":0.0},{"damage_healed":0.0,"max_hp_gain":0.0,"max_hp_loss":0.0,"gold_gain":0.0,"event_name":"Masked Bandits","player_choice":"Paid Fearfully","floor":22.0,"gold_loss":14.0,"damage_taken":0.0},{"damage_healed":0,"gold_gain":0,"player_choice":"Traded Relic","damage_taken":0,"relics_obtained":["Nloth\u0027s Gift"],"max_hp_gain":0,"max_hp_loss":0,"event_name":"N\u0027loth","floor":31,"relics_lost":["Boot"],"gold_loss":0}],"is_beta":false,"boss_relics":[{"not_picked":["Busted Crown","Eternal Feather"],"picked":"Lizard Tail"}],"items_purged_floors":[21],"is_endless":false,"potions_floor_spawned":[3,6,11,16,19,24],"killed_by":"Collector","ascension_level":0}