{"gold_per_floor":[212,222,4,4,4,4,34,34,34,134,147,147,212,228,228,323,323,333,333,198,209,209,243,243],"floor_reached":24,"playtime":2881,"items_purged":["Strike_G","Regret"],"score":322,"play_id":"c795c82d-5a42-465b-9859-3fc0de282980","local_time":"20181124164404","is_ascension_mode":true,"campfire_choices":[{"data":"Dash","floor":6,"key":"SMITH"},{"floor":8,"key":"REST"},{"floor":15,"key":"REST"}],"neow_cost":"NONE","seed_source_timestamp":61007355737099,"circlet_count":0,"master_deck":["Survivor","Neutralize+1","Dash+1","Poisoned Stab","All Out Attack","Sucker Punch","Cloak And Dagger","Dagger Spray","A Thousand Cuts","Cloak And Dagger","Corpse Explosion","Bane","Flying Knee","Tactician","Poisoned Stab","Underhanded Strike","Dagger Spray","Sucker Punch","Bane","Dagger Spray","Dodge and Roll","Well Laid Plans","Terror","Cloak And Dagger","Backflip","Blur"],"relics":["Ring of the Snake","Anchor","Strawberry","Prayer Wheel","Snake Skull","Tiny Chest","Pandora\u0027s Box","Ancient Tea Set","Meat on the Bone"],"potions_floor_usage":[7,16,23,23],"damage_taken":[{"damage":2,"enemies":"Jaw Worm","floor":1,"turns":5},{"damage":0,"enemies":"Small Slimes","floor":2,"turns":3},{"damage":9,"enemies":"Gremlin Nob","floor":7,"turns":5},{"damage":0,"enemies":"Cultist","floor":11,"turns":3},{"damage":37,"enemies":"Lagavulin","floor":13,"turns":7},{"damage":0,"enemies":"Large Slime","floor":14,"turns":5},{"damage":11,"enemies":"The Guardian","floor":16,"turns":12},{"damage":16,"enemies":"Spheric Guardian","floor":18,"turns":4},{"damage":9,"enemies":"2 Thieves","floor":21,"turns":3},{"damage":30,"enemies":"Gremlin Leader","floor":23,"turns":5},{"damage":26,"enemies":"Cultist and Chosen","floor":24,"turns":7}],"seed_played":"4247957488768090393","potions_obtained":[{"floor":1,"key":"LiquidBronze"},{"floor":14,"key":"Poison Potion"},{"floor":18,"key":"PowerPotion"},{"floor":21,"key":"AttackPotion"}],"is_trial":false,"path_per_floor":["M","M","$","?","$","R","E","R","T","?","M","?","E","M","R","B",null,"M","?","$","M","T","E","M"],"character_chosen":"THE_SILENT","items_purchased":["Anchor","Terror"],"campfire_rested":2,"item_purchase_floors":[3,20],"current_hp_per_floor":[61,61,61,47,47,47,45,68,68,68,68,68,31,31,54,43,69,53,53,53,44,44,14,0],"gold":243,"neow_bonus":"HUNDRED_GOLD","is_prod":false,"is_daily":false,"chose_seed":false,"campfire_upgraded":1,"win_rate":0,"timestamp":1543077844,"path_taken":["M","M","$","?","$","R","E","R","T","?","?","?","E","M","R","BOSS","M","?","$","M","?","E","M"],"build_version":"2018-11-15","purchased_purges":2,"victory":false,"max_hp_per_floor":[70,70,70,70,70,70,77,77,77,77,77,77,77,77,77,77,77,77,77,77,77,77,77,77],"card_choices":[{"not_picked":["Prepared","Acrobatics"],"picked":"Dash","floor":1},{"not_picked":["Acrobatics","Cloak And Dagger"],"picked":"Poisoned Stab","floor":2},{"not_picked":["Prepared","Poisoned Stab"],"picked":"All Out Attack","floor":7},{"not_picked":["Setup","Heel Hook"],"picked":"Sucker Punch","floor":11},{"not_picked":["Flechettes","Eviscerate"],"picked":"Cloak And Dagger","floor":11},{"not_picked":["PiercingWail","Prepared"],"picked":"Dagger Spray","floor":13},{"not_picked":["Cloak And Dagger","Poisoned Stab"],"picked":"A Thousand Cuts","floor":14},{"not_picked":["Prepared","Slice"],"picked":"Cloak And Dagger","floor":14},{"not_picked":["Venomology","Phantasmal Killer"],"picked":"Corpse Explosion","floor":16},{"not_picked":["Dash","Backstab"],"picked":"Dodge and Roll","floor":18},{"not_picked":["Escape Plan+1","Slice"],"picked":"Well Laid Plans","floor":18},{"not_picked":["Calculated Gamble+1","Prepared"],"picked":"Cloak And Dagger","floor":21},{"not_picked":["Skewer","Quick Slash+1"],"picked":"Backflip","floor":21},{"not_picked":["Doppelganger","Poisoned Stab+1"],"picked":"Blur","floor":23}],"player_experience":882772,"relics_obtained":[{"floor":7,"key":"Strawberry"},{"floor":9,"key":"Prayer Wheel"},{"floor":13,"key":"Tiny Chest"},{"floor":22,"key":"Ancient Tea Set"},{"floor":23,"key":"Meat on the Bone"}],"event_choices":[{"damage_healed":0,"gold_gain":0,"player_choice":"Entered Light","damage_taken":14,"max_hp_gain":0,"max_hp_loss":0,"event_name":"Shining Light","floor":4,"gold_loss":0,"cards_upgraded":["Defend_G","Neutralize"]},{"damage_healed":0,"gold_gain":100,"player_choice":"Pray","damage_taken":0,"max_hp_gain":0,"max_hp_loss":0,"event_name":"Golden Shrine","floor":10,"gold_loss":0},{"damage_healed":0,"gold_gain":0,"player_choice":"Box","damage_taken":0,"relics_obtained":["Snake Skull"],"max_hp_gain":0,"max_hp_loss":0,"event_name":"Big Fish","floor":12,"gold_loss":0,"cards_obtained":["Regret"]},{"damage_healed":0,"gold_gain":0,"player_choice":"Ignored","damage_taken":0,"max_hp_gain":0,"max_hp_loss":0,"event_name":"Vampires","floor":19,"gold_loss":0}],"is_beta":false,"boss_relics":[{"not_picked":["Runic Dome","Orrery"],"picked":"Pandora\u0027s Box"}],"items_purged_floors":[3,20],"is_endless":false,"potions_floor_spawned":[1,14,18,21],"killed_by":"Cultist and Chosen","ascension_level":9}