{"gold_per_floor":[209,284,284,56,71,71,100,100,178,178,209,224,252,266,266,266],"floor_reached":16,"playtime":708,"items_purged":[],"score":150,"play_id":"e1e0af2f-d7f3-4f70-9377-80bd0ababa90","local_time":"20190210234949","is_ascension_mode":true,"campfire_choices":[{"data":"Terror","floor":6,"key":"SMITH"},{"data":"Infinite Blades","floor":10,"key":"SMITH"},{"floor":15,"key":"REST"}],"neow_cost":"NONE","seed_source_timestamp":1282882667129613,"circlet_count":0,"master_deck":["Defend_G","Defend_G","Defend_G","Defend_G","Defend_G","Strike_G","Strike_G","Strike_G","Strike_G","Survivor","Neutralize","Terror+1","Infinite Blades+1","Blade Dance","Backstab","Blur","Cloak And Dagger","Malaise","Blade Dance"],"relics":["Ring of the Snake","The Courier","Sling","Potion Belt","Sundial","Happy Flower","WingedGreaves"],"potions_floor_usage":[7,16,16],"damage_taken":[{"damage":0,"enemies":"Small Slimes","floor":1,"turns":5},{"damage":1,"enemies":"Cultist","floor":5,"turns":3},{"damage":0,"enemies":"Gremlin Nob","floor":7,"turns":3},{"damage":9,"enemies":"3 Sentries","floor":11,"turns":6},{"damage":1,"enemies":"2 Louse","floor":12,"turns":3},{"damage":19,"enemies":"Gremlin Nob","floor":13,"turns":4},{"damage":0,"enemies":"2 Fungi Beasts","floor":14,"turns":3},{"damage":31,"enemies":"Slime Boss","floor":16,"turns":9}],"seed_played":"-4145655603062767059","potions_obtained":[{"floor":1,"key":"SteroidPotion"},{"floor":7,"key":"Ancient Potion"},{"floor":14,"key":"Block Potion"}],"is_trial":false,"path_per_floor":["M","?","?","$","M","R","E","?","T","R","E","M","E","M","R","B"],"character_chosen":"THE_SILENT","items_purchased":["Infinite Blades","Blade Dance","Sling"],"campfire_rested":1,"item_purchase_floors":[4,4,4],"current_hp_per_floor":[70,59,34,34,33,33,33,33,33,33,24,23,4,4,25,0],"gold":266,"neow_bonus":"HUNDRED_GOLD","is_prod":false,"is_daily":false,"chose_seed":false,"campfire_upgraded":2,"win_rate":0,"timestamp":1549860589,"path_taken":["M","?","?","$","M","R","E","?","T","R","E","?","E","?","R","BOSS"],"build_version":"2019-01-23","purchased_purges":0,"victory":false,"max_hp_per_floor":[70,70,70,70,70,70,70,70,70,70,70,70,70,70,70,70],"card_choices":[{"not_picked":["Poisoned Stab","Bouncing Flask"],"picked":"Terror","floor":1},{"not_picked":["Prepared","Masterful Stab","Dash"],"picked":"SKIP","floor":5},{"not_picked":["Outmaneuver","All Out Attack"],"picked":"Backstab","floor":7},{"not_picked":["Endless Agony","Tactician"],"picked":"Blur","floor":11},{"not_picked":["Bane","Quick Slash"],"picked":"Cloak And Dagger","floor":12},{"not_picked":["Calculated Gamble","Riddle With Holes"],"picked":"Malaise","floor":13},{"not_picked":["Infinite Blades","Predator"],"picked":"Blade Dance","floor":14}],"player_experience":103835,"relics_obtained":[{"floor":7,"key":"Potion Belt"},{"floor":9,"key":"Sundial"},{"floor":11,"key":"Happy Flower"},{"floor":13,"key":"WingedGreaves"}],"event_choices":[{"damage_healed":0,"gold_gain":75,"player_choice":"Gather Gold","damage_taken":11,"max_hp_gain":0,"max_hp_loss":0,"event_name":"World of Goop","floor":2,"gold_loss":0},{"damage_healed":0,"gold_gain":0,"player_choice":"Success","damage_taken":25,"relics_obtained":["The Courier"],"max_hp_gain":0,"max_hp_loss":0,"event_name":"Scrap Ooze","floor":3,"gold_loss":0},{"cards_removed":["Strike_G"],"damage_healed":0,"gold_gain":0,"player_choice":"Offered Basic","damage_taken":0,"max_hp_gain":0,"max_hp_loss":0,"event_name":"Bonfire Elementals","floor":8,"gold_loss":0}],"is_beta":false,"boss_relics":[],"items_purged_floors":[],"is_endless":false,"potions_floor_spawned":[1,7,14],"killed_by":"Slime Boss","ascension_level":1}