{"gold_per_floor":[110,35,35,55,55,88,109,134,134,134],"floor_reached":10,"playtime":305,"items_purged":["Strike_R"],"score":158,"play_id":"b386131a-aca3-46a3-85a4-227841e83387","local_time":"20190210112405","is_ascension_mode":true,"campfire_choices":[],"neow_cost":"NONE","seed_source_timestamp":17344769968064,"circlet_count":0,"master_deck":["AscendersBane","Strike_R","Strike_R","Strike_R","Strike_R","Defend_R","Defend_R","Defend_R","Defend_R","Bash","Battle Trance","Shrug It Off","Shrug It Off","Ghostly Armor"],"relics":["Burning Blood","NeowsBlessing","Golden Idol","Darkstone Periapt","Pear","Question Card"],"potions_floor_usage":[10],"damage_taken":[{"damage":0,"enemies":"Small Slimes","floor":1,"turns":1},{"damage":0,"enemies":"2 Louse","floor":4,"turns":1},{"damage":0,"enemies":"3 Sentries","floor":6,"turns":2},{"damage":0,"enemies":"Cultist","floor":7,"turns":3},{"damage":7,"enemies":"Large Slime","floor":8,"turns":11},{"damage":86,"enemies":"Gremlin Nob","floor":10,"turns":6}],"seed_played":"-7506546712604458204","potions_obtained":[{"floor":1,"key":"BloodPotion"},{"floor":7,"key":"SkillPotion"}],"is_trial":false,"path_per_floor":["M","$","?","M","?","E","M","M","T","E"],"character_chosen":"IRONCLAD","items_purchased":[],"campfire_rested":0,"item_purchase_floors":[],"current_hp_per_floor":[74,74,56,62,50,66,72,71,71,0],"gold":134,"neow_bonus":"THREE_ENEMY_KILL","is_prod":false,"is_daily":false,"chose_seed":false,"campfire_upgraded":0,"win_rate":0,"timestamp":1549765445,"path_taken":["M","$","?","M","?","E","M","M","T","E"],"build_version":"2019-01-23","purchased_purges":1,"victory":false,"max_hp_per_floor":[75,75,75,75,75,85,85,85,85,85],"card_choices":[{"not_picked":["Pommel Strike","Metallicize"],"picked":"Battle Trance","floor":1},{"not_picked":["Sword Boomerang","True Grit"],"picked":"Shrug It Off","floor":4},{"not_picked":["Blood for Blood","Bloodletting"],"picked":"Shrug It Off","floor":6},{"not_picked":["Pommel Strike","Cleave"],"picked":"Ghostly Armor","floor":7},{"not_picked":["Combust","Wild Strike","Perfected Strike"],"picked":"SKIP","floor":8}],"player_experience":194532,"relics_obtained":[{"floor":6,"key":"Pear"},{"floor":9,"key":"Question Card"}],"event_choices":[{"damage_healed":0,"gold_gain":0,"player_choice":"Take Damage","damage_taken":18,"relics_obtained":["Golden Idol"],"max_hp_gain":0,"max_hp_loss":0,"event_name":"Golden Idol","floor":3,"gold_loss":0},{"damage_healed":0,"gold_gain":0,"player_choice":"Success","damage_taken":12,"relics_obtained":["Darkstone Periapt"],"max_hp_gain":0,"max_hp_loss":0,"event_name":"Scrap Ooze","floor":5,"gold_loss":0}],"is_beta":false,"boss_relics":[],"items_purged_floors":[2],"is_endless":false,"potions_floor_spawned":[1,7],"killed_by":"Gremlin Nob","ascension_level":14}