{"gold_per_floor":[109,109,58,129,149,183,183,214,214,214,226,252,268,268,268,372,372,391,405,405,405,422,457,470,470,470,503,10,29,29,60,60,161,161,175,275,295,312,312,342,360,373,373,403,417,16,16,29,29,29],"floor_reached":51,"playtime":3631,"items_purged":["Strike_R","Parasite"],"score":1023,"play_id":"7f70bff6-88e3-46b2-b81a-9d32d23da98d","local_time":"20190110170857","is_ascension_mode":true,"campfire_choices":[{"data":"Flame Barrier","floor":7,"key":"SMITH"},{"data":"Armaments","floor":15,"key":"SMITH"},{"floor":25,"key":"REST"},{"floor":32,"key":"REST"},{"floor":49,"key":"REST"}],"neow_cost":"NONE","seed_source_timestamp":94206547833783,"circlet_count":0,"master_deck":["Panacea","Wild Strike+1","Havoc","Flame Barrier+1","Pommel Strike","Dark Embrace+1","True Grit","Demon Form","Armaments+1","Feed+1","Sword Boomerang+1","Whirlwind+1","Body Slam+1","Second Wind","Iron Wave+1","Shrug It Off","Bandage Up","Headbutt+1","Heavy Blade+1","Limit Break","Sever Soul+1","Bloodletting","Sword Boomerang+1","Ghostly Armor","Power Through","Fiend Fire+1","Armaments","Offering","Shrug It Off+1","Madness","Madness","Corruption+1"],"relics":["Burning Blood","Gremlin Horn","Molten Egg 2","Kunai","Pen Nib","Fusion Hammer","Calipers","Shuriken","Pocketwatch","Matryoshka","Bottled Tornado","Blue Candle","Pandora\u0027s Box","FossilizedHelix","The Courier","Red Skull","Ice Cream","Bronze Scales","Dodecahedron","Bag of Preparation"],"potions_floor_usage":[12,22,23,23,33,35,38,38,50,50],"damage_taken":[{"damage":2,"enemies":"Small Slimes","floor":1,"turns":4},{"damage":4,"enemies":"Jaw Worm","floor":5,"turns":3},{"damage":16,"enemies":"Gremlin Nob","floor":6,"turns":4},{"damage":35,"enemies":"3 Sentries","floor":8,"turns":13},{"damage":0,"enemies":"2 Louse","floor":11,"turns":2},{"damage":3,"enemies":"Gremlin Nob","floor":12,"turns":3},{"damage":11,"enemies":"Exordium Thugs","floor":13,"turns":5},{"damage":21,"enemies":"The Guardian","floor":16,"turns":10},{"damage":5,"enemies":"Spheric Guardian","floor":18,"turns":4},{"damage":1,"enemies":"Chosen","floor":19,"turns":5},{"damage":19,"enemies":"Shelled Parasite and Fungi","floor":22,"turns":6},{"damage":30,"enemies":"Slavers","floor":23,"turns":3},{"damage":20,"enemies":"Centurion and Healer","floor":24,"turns":4},{"damage":29,"enemies":"Book of Stabbing","floor":27,"turns":4},{"damage":0,"enemies":"3 Cultists","floor":29,"turns":4},{"damage":24,"enemies":"Gremlin Leader","floor":31,"turns":4},{"damage":0,"enemies":"Automaton","floor":33,"turns":6},{"damage":11,"enemies":"3 Darklings","floor":35,"turns":4},{"damage":6,"enemies":"Mind Bloom Boss Battle","floor":36,"turns":5},{"damage":3,"enemies":"Orb Walker","floor":37,"turns":3},{"damage":3,"enemies":"4 Shapes","floor":38,"turns":4},{"damage":18,"enemies":"Reptomancer","floor":40,"turns":3},{"damage":0,"enemies":"Sphere and 2 Shapes","floor":41,"turns":3},{"damage":11,"enemies":"Maw","floor":42,"turns":7},{"damage":14,"enemies":"Giant Head","floor":44,"turns":6},{"damage":8,"enemies":"Writhing Mass","floor":45,"turns":4},{"damage":0,"enemies":"Transient","floor":48,"turns":5},{"damage":5,"enemies":"Donu and Deca","floor":50,"turns":5}],"seed_played":"6291359719669101106","potions_obtained":[{"floor":8,"key":"LiquidBronze"},{"floor":11,"key":"Fire Potion"},{"floor":12,"key":"Fire Potion"},{"floor":19,"key":"Swift Potion"},{"floor":27,"key":"GamblersBrew"},{"floor":29,"key":"FearPotion"},{"floor":31,"key":"PowerPotion"},{"floor":35,"key":"EssenceOfSteel"},{"floor":37,"key":"Block Potion"},{"floor":38,"key":"Swift Potion"},{"floor":41,"key":"Fire Potion"},{"floor":48,"key":"Ancient Potion"}],"is_trial":false,"path_per_floor":["M","?","$","?","M","E","R","E","T","?","M","E","M","?","R","B",null,"M","M","T","?","M","E","M","R","T","E","$","M","$","E","R","B",null,"M","?","M","M","?","E","M","M","T","E","M","$","?","M","R","B",null],"character_chosen":"IRONCLAD","items_purchased":["Havoc","Bandage Up","Headbutt+1","Bottled Tornado","Heavy Blade+1","Dodecahedron","Bag of Preparation"],"campfire_rested":3,"item_purchase_floors":[3,28,28,28,28,46,46],"current_hp_per_floor":[76,76,76,76,78,68,68,39,39,39,45,48,43,43,43,28,67,68,73,73,65,56,32,18,43,43,20,20,34,34,20,46,56,80,83,87,94,96,96,88,94,89,89,85,83,83,71,81,93,93],"gold":29,"neow_bonus":"RANDOM_COLORLESS","is_prod":false,"is_daily":false,"chose_seed":false,"campfire_upgraded":2,"win_rate":0,"timestamp":1547161737,"path_taken":["M","?","$","?","M","E","R","E","T","?","M","E","?","?","R","BOSS","M","?","?","?","M","E","M","R","T","E","$","?","?","E","R","BOSS","M","?","M","M","?","E","M","M","T","E","M","$","?","M","R","BOSS"],"build_version":"2019-01-03v4","purchased_purges":2,"victory":true,"max_hp_per_floor":[80,80,80,80,80,80,80,80,80,80,80,80,80,80,80,80,80,80,80,80,80,84,84,84,84,84,84,84,88,88,88,88,88,88,92,92,96,96,96,96,96,96,96,96,96,93,93,93,93,93],"card_choices":[{"not_picked":["Iron Wave","Seeing Red"],"picked":"Wild Strike","floor":1},{"not_picked":["True Grit","Corruption"],"picked":"Flame Barrier","floor":5},{"not_picked":["Iron Wave","Sever Soul"],"picked":"Pommel Strike","floor":6},{"not_picked":["Perfected Strike","Metallicize"],"picked":"Dark Embrace","floor":8},{"not_picked":["Body Slam+1","Anger+1"],"picked":"True Grit","floor":11},{"not_picked":["Twin Strike+1","Juggernaut"],"picked":"Demon Form","floor":12},{"not_picked":["Second Wind","Flex","Shrug It Off"],"picked":"SKIP","floor":13},{"not_picked":["Impervious","Juggernaut"],"picked":"Feed+1","floor":16},{"not_picked":["Havoc","Power Through"],"picked":"Sword Boomerang+1","floor":18},{"not_picked":["Pummel+1","Heavy Blade+1"],"picked":"Whirlwind+1","floor":19},{"not_picked":["Iron Wave+1","Thunderclap+1"],"picked":"Body Slam+1","floor":22},{"not_picked":["Wild Strike+1","Thunderclap+1"],"picked":"Second Wind","floor":23},{"not_picked":["Spot Weakness","Sentinel"],"picked":"Iron Wave+1","floor":24},{"not_picked":["Armaments+1","Dark Embrace"],"picked":"Shrug It Off","floor":27},{"not_picked":["Armaments","Havoc","Pommel Strike+1"],"picked":"SKIP","floor":29},{"not_picked":["Clash+1","Sever Soul+1","Iron Wave+1"],"picked":"SKIP","floor":31},{"not_picked":["Impervious","Immolate+1"],"picked":"Limit Break","floor":33},{"not_picked":["Perfected Strike+1","Headbutt+1","Warcry"],"picked":"SKIP","floor":35},{"not_picked":["Heavy Blade+1","Shrug It Off"],"picked":"Offering","floor":37},{"not_picked":["Clothesline+1","Armaments+1","Cleave+1"],"picked":"SKIP","floor":38},{"not_picked":["Rampage+1","Pummel+1","Searing Blow+1"],"picked":"SKIP","floor":40},{"not_picked":["Warcry","Ghostly Armor","Armaments"],"picked":"SKIP","floor":41},{"not_picked":["Heavy Blade+1","Cleave+1","Sever Soul+1"],"picked":"SKIP","floor":42},{"not_picked":["Armaments","Pummel+1"],"picked":"Shrug It Off+1","floor":44},{"not_picked":["Body Slam+1","Sword Boomerang+1","Whirlwind+1"],"picked":"SKIP","floor":45},{"not_picked":["Carnage+1","Fire Breathing+1"],"picked":"Corruption+1","floor":48}],"player_experience":142352,"relics_obtained":[{"floor":6,"key":"Gremlin Horn"},{"floor":8,"key":"Molten Egg 2"},{"floor":9,"key":"Kunai"},{"floor":12,"key":"Pen Nib"},{"floor":20,"key":"Calipers"},{"floor":23,"key":"Shuriken"},{"floor":26,"key":"Pocketwatch"},{"floor":27,"key":"Matryoshka"},{"floor":31,"key":"Blue Candle"},{"floor":36,"key":"FossilizedHelix"},{"floor":40,"key":"The Courier"},{"floor":43,"key":"Red Skull"},{"floor":43,"key":"Ice Cream"},{"floor":44,"key":"Bronze Scales"}],"event_choices":[{"damage_healed":0,"gold_gain":0,"player_choice":"Grow","damage_taken":0,"max_hp_gain":0,"max_hp_loss":0,"event_name":"Living Wall","floor":2,"gold_loss":0,"cards_upgraded":["Wild Strike"]},{"damage_healed":0,"gold_gain":71,"player_choice":"Gained Gold","damage_taken":0,"max_hp_gain":0,"max_hp_loss":0,"event_name":"Golden Wing","floor":4,"gold_loss":0},{"damage_healed":0,"gold_gain":0,"player_choice":"Forge","damage_taken":0,"max_hp_gain":0,"max_hp_loss":0,"event_name":"Accursed Blacksmith","floor":10,"gold_loss":0,"cards_upgraded":["Dark Embrace"]},{"damage_healed":0,"gold_gain":0,"cards_transformed":["Defend_R"],"player_choice":"Transformed","damage_taken":0,"max_hp_gain":0,"max_hp_loss":0,"event_name":"Transmorgrifier","floor":14,"gold_loss":0,"cards_obtained":["Armaments"]},{"damage_healed":0,"gold_gain":0,"player_choice":"Damaged","damage_taken":8,"max_hp_gain":0,"max_hp_loss":0,"event_name":"Wheel of Change","floor":21,"gold_loss":0},{"damage_healed":0,"gold_gain":0,"player_choice":"Fight","damage_taken":0,"max_hp_gain":0,"max_hp_loss":0,"event_name":"MindBloom","floor":36,"gold_loss":0},{"cards_removed":["Bash"],"damage_healed":0,"gold_gain":0,"player_choice":"Removed Attack","damage_taken":0,"max_hp_gain":0,"max_hp_loss":0,"event_name":"Falling","floor":39,"gold_loss":0},{"damage_healed":0,"gold_gain":0,"player_choice":"Embrace Madness","damage_taken":12,"max_hp_gain":0,"max_hp_loss":0,"event_name":"Winding Halls","floor":47,"gold_loss":0,"cards_obtained":["Madness","Madness"]}],"is_beta":false,"boss_relics":[{"not_picked":["Coffee Dripper","Eternal Feather"],"picked":"Fusion Hammer"},{"not_picked":["Astrolabe","Runic Pyramid"],"picked":"Pandora\u0027s Box"}],"items_purged_floors":[28,46],"is_endless":false,"potions_floor_spawned":[8,11,12,19,27,29,31,35,37,38,41,48],"ascension_level":6}