{"gold_per_floor":[117,117,117,137,147,147,177,177,203,239,239,270,284,61,61,187,187,207,232,252,327,352,352,366,366],"floor_reached":25,"playtime":1928,"items_purged":["Strike_R"],"score":245,"play_id":"aeb1baff-98b9-4d5a-93ab-1f7eb2afd189","local_time":"20190110171441","is_ascension_mode":true,"campfire_choices":[{"data":"Shrug It Off","floor":6.0,"key":"SMITH"},{"data":"Body Slam","floor":11.0,"key":"SMITH"},{"data":"Bash","floor":15.0,"key":"SMITH"},{"floor":23,"key":"RECALL"}],"neow_cost":"NONE","seed_source_timestamp":0,"circlet_count":0,"master_deck":["Strike_R","Defend_R","Defend_R","Defend_R","Defend_R","Bash+1","Shrug It Off+1","Body Slam+1","Barricade","Rage+1","Perfected Strike+1","Flame Barrier+1","Iron Wave+1"],"special_seed":0,"relics":["Burning Blood","NeowsBlessing","Anchor","Lantern","Golden Idol","Oddly Smooth Stone","Bag of Preparation","Pear","Regal Pillow","Astrolabe"],"potions_floor_usage":[24,24],"damage_taken":[{"damage":0.0,"enemies":"Small Slimes","floor":1.0,"turns":1.0},{"damage":0.0,"enemies":"Jaw Worm","floor":4.0,"turns":1.0},{"damage":0.0,"enemies":"2 Louse","floor":5.0,"turns":2.0},{"damage":41.0,"enemies":"Lagavulin","floor":7.0,"turns":7.0},{"damage":18.0,"enemies":"3 Sentries","floor":10.0,"turns":15.0},{"damage":20.0,"enemies":"Lagavulin","floor":12.0,"turns":6.0},{"damage":0.0,"enemies":"Red Slaver","floor":13.0,"turns":3.0},{"damage":20.0,"enemies":"The Guardian","floor":16.0,"turns":14.0},{"damage":0,"enemies":"Shell Parasite","floor":18,"turns":5},{"damage":0,"enemies":"Spheric Guardian","floor":19,"turns":4},{"damage":0,"enemies":"Centurion and Healer","floor":20,"turns":7},{"damage":6,"enemies":"Snecko","floor":22,"turns":4},{"damage":16,"enemies":"Cultist and Chosen","floor":24,"turns":8},{"damage":67,"enemies":"Book of Stabbing","floor":25,"turns":7}],"seed_played":"2784802321780736342","potions_obtained":[{"floor":1.0,"key":"Poison Potion"},{"floor":5.0,"key":"Energy Potion"},{"floor":12.0,"key":"Weak Potion"},{"floor":20,"key":"Poison Potion"},{"floor":22,"key":"Block Potion"}],"is_trial":false,"path_per_floor":["M","?","?","M","M","R","E","?","T","E","R","E","M","$","R","B",null,"M","M","M","?","M","R","M","E"],"character_chosen":"IRONCLAD","items_purchased":["Regal Pillow"],"campfire_rested":0,"item_purchase_floors":[14],"current_hp_per_floor":[80,80,73,79,80,80,45,45,45,33,33,29,35,35,35,21,84,84,84,84,76,76,76,66,0],"gold":366,"neow_bonus":"THREE_ENEMY_KILL","is_prod":false,"is_daily":false,"chose_seed":false,"campfire_upgraded":3,"win_rate":0,"timestamp":1547162081,"path_taken":["M","?","?","M","M","R","E","?","T","E","R","E","M","$","R","BOSS","M","M","M","?","?","R","M","E"],"build_version":"2019-01-03v4","purchased_purges":1,"victory":false,"max_hp_per_floor":[80,80,80,80,80,80,80,74,74,74,74,84,84,84,84,84,84,84,84,84,84,84,84,84,84],"card_choices":[{"not_picked":["Feel No Pain","True Grit","Sever Soul"],"picked":"SKIP","floor":1.0},{"not_picked":["Cleave","Burning Pact"],"picked":"Shrug It Off","floor":4.0},{"not_picked":["Twin Strike","Cleave","Combust"],"picked":"SKIP","floor":5.0},{"not_picked":["Uppercut","Warcry","Rupture"],"picked":"SKIP","floor":7.0},{"not_picked":["Carnage","Power Through"],"picked":"Body Slam","floor":10.0},{"not_picked":["Inflame","Feel No Pain","Carnage"],"picked":"SKIP","floor":12.0},{"not_picked":["Evolve","Whirlwind","Cleave"],"picked":"SKIP","floor":13.0},{"not_picked":["Dark Embrace","Exhume"],"picked":"Barricade","floor":16.0},{"not_picked":["Clash+1","Headbutt","Seeing Red"],"picked":"SKIP","floor":18},{"not_picked":["Body Slam","Heavy Blade"],"picked":"Iron Wave+1","floor":19},{"not_picked":["Perfected Strike","Thunderclap+1","Body Slam"],"picked":"SKIP","floor":20},{"not_picked":["Searing Blow","Heavy Blade","Havoc"],"picked":"SKIP","floor":22},{"not_picked":["Wild Strike+1","Twin Strike","Limit Break"],"picked":"SKIP","floor":24}],"player_experience":217148,"relics_obtained":[{"floor":7.0,"key":"Lantern"},{"floor":9.0,"key":"Oddly Smooth Stone"},{"floor":10.0,"key":"Bag of Preparation"},{"floor":12.0,"key":"Pear"}],"event_choices":[{"damage_healed":0.0,"max_hp_gain":0.0,"max_hp_loss":0.0,"gold_gain":0.0,"event_name":"Big Fish","player_choice":"Box","floor":2.0,"gold_loss":0.0,"damage_taken":0.0,"relics_obtained":["Anchor"],"cards_obtained":["Regret"]},{"cards_removed":["Regret"],"damage_healed":0.0,"max_hp_gain":0.0,"max_hp_loss":0.0,"gold_gain":0.0,"event_name":"Golden Wing","player_choice":"Card Removal","floor":3.0,"gold_loss":0.0,"damage_taken":7.0},{"damage_healed":0.0,"max_hp_gain":0.0,"max_hp_loss":6.0,"gold_gain":0.0,"event_name":"Golden Idol","player_choice":"Lose Max HP","floor":8.0,"gold_loss":0.0,"damage_taken":0.0,"relics_obtained":["Golden Idol"]},{"damage_healed":0,"gold_gain":75,"player_choice":"Touch","damage_taken":8,"max_hp_gain":0,"max_hp_loss":0,"event_name":"FaceTrader","floor":21,"gold_loss":0}],"is_beta":false,"boss_relics":[{"not_picked":["Fusion Hammer","Black Blood"],"picked":"Astrolabe"}],"items_purged_floors":[14],"is_endless":false,"potions_floor_spawned":[1,5,12,20,22],"killed_by":"Book of Stabbing","ascension_level":2}