{"gold_per_floor":[110,56,74,24,35,35,48,48,99,99,24,24,24,43,43,137,137,156,172,19,19,19,52,52],"floor_reached":24,"playtime":1165,"items_purged":["Strike_R","Strike_R"],"score":337,"play_id":"0fc6bbc0-3e72-46e5-b9c4-e2d3d8fa5629","local_time":"20181122182350","is_ascension_mode":true,"campfire_choices":[{"data":"Perfected Strike","floor":6,"key":"SMITH"},{"data":"Perfected Strike","floor":8,"key":"SMITH"},{"data":"Wild Strike","floor":12,"key":"SMITH"},{"data":"Thunderclap","floor":15,"key":"SMITH"}],"neow_cost":"NONE","seed_source_timestamp":68411441909143,"circlet_count":0,"master_deck":["AscendersBane","Strike_R","Strike_R","Defend_R","Defend_R","Defend_R","Defend_R","Bash","Shockwave","Perfected Strike+1","Pommel Strike","Twin Strike+1","Wild Strike+1","Perfected Strike+1","Shrug It Off","Thunderclap+1","Offering","Twin Strike","Wild Strike","True Grit","Cleave","True Grit"],"relics":["Burning Blood","Potion Belt","Golden Idol","Orrery","Bag of Preparation"],"potions_floor_usage":[16,23,23,23,24],"damage_taken":[{"damage":14,"enemies":"Cultist","floor":1,"turns":5},{"damage":7,"enemies":"Small Slimes","floor":3,"turns":3},{"damage":0,"enemies":"2 Louse","floor":5,"turns":1},{"damage":10,"enemies":"Red Slaver","floor":7,"turns":2},{"damage":0,"enemies":"Large Slime","floor":14,"turns":3},{"damage":23,"enemies":"Slime Boss","floor":16,"turns":6},{"damage":18,"enemies":"3 Byrds","floor":18,"turns":6},{"damage":14,"enemies":"Shell Parasite","floor":19,"turns":2},{"damage":63,"enemies":"Gremlin Leader","floor":23,"turns":5},{"damage":23,"enemies":"Shelled Parasite and Fungi","floor":24,"turns":2}],"seed_played":"-8272989455559174281","potions_obtained":[{"floor":1,"key":"GamblersBrew"},{"floor":5,"key":"Ancient Potion"},{"floor":16,"key":"SteroidPotion"},{"floor":18,"key":"Explosive Potion"},{"floor":19,"key":"Poison Potion"}],"is_trial":false,"path_per_floor":["M","$","M","$","M","R","M","R","T","?","$","R","?","M","R","B",null,"M","M","$","?","?","E","M"],"character_chosen":"IRONCLAD","items_purchased":["Pommel Strike","Wild Strike","True Grit"],"campfire_rested":0,"item_purchase_floors":[2,4,20],"current_hp_per_floor":[64,64,63,63,69,69,65,65,65,65,65,65,65,71,71,54,69,57,49,49,73,73,16,0],"gold":52,"neow_bonus":"TRANSFORM_CARD","is_prod":false,"is_daily":false,"chose_seed":false,"campfire_upgraded":4,"win_rate":0,"timestamp":1542911030,"path_taken":["M","$","M","?","M","R","M","R","T","?","$","R","?","M","R","BOSS","M","M","$","?","?","E","M"],"build_version":"2018-11-15","purchased_purges":2,"victory":false,"max_hp_per_floor":[80,80,80,80,80,80,80,80,80,74,74,74,74,74,74,74,74,74,74,74,74,74,74,74],"card_choices":[{"not_picked":["Ghostly Armor","Disarm"],"picked":"Perfected Strike","floor":1},{"not_picked":["Infernal Blade","Reckless Charge"],"picked":"Twin Strike","floor":3},{"not_picked":["Burning Pact","Havoc"],"picked":"Perfected Strike","floor":5},{"not_picked":["Cleave","Wild Strike"],"picked":"Shrug It Off","floor":7},{"not_picked":["Sever Soul","Clash"],"picked":"Thunderclap","floor":14},{"not_picked":["Exhume","Juggernaut"],"picked":"Offering","floor":16},{"not_picked":["Pummel","Bloodletting"],"picked":"Twin Strike","floor":17},{"not_picked":["Feel No Pain","Cleave"],"picked":"Wild Strike","floor":17},{"not_picked":["Infernal Blade","True Grit","Fire Breathing"],"picked":"SKIP","floor":18},{"not_picked":["Infernal Blade","Fire Breathing"],"picked":"True Grit","floor":18},{"not_picked":["Pommel Strike","Body Slam"],"picked":"Cleave","floor":19},{"not_picked":["Pummel","Havoc+1","Combust"],"picked":"SKIP","floor":23}],"player_experience":871293,"relics_obtained":[{"floor":9,"key":"Potion Belt"},{"floor":23,"key":"Bag of Preparation"}],"event_choices":[{"damage_healed":0,"gold_gain":0,"player_choice":"Lose Max HP","damage_taken":0,"relics_obtained":["Golden Idol"],"max_hp_gain":0,"max_hp_loss":6,"event_name":"Golden Idol","floor":10,"gold_loss":0},{"damage_healed":0,"gold_gain":0,"player_choice":"Upgraded","damage_taken":0,"max_hp_gain":0,"max_hp_loss":0,"event_name":"Upgrade Shrine","floor":13,"gold_loss":0,"cards_upgraded":["Twin Strike"]},{"damage_healed":24,"gold_gain":0,"player_choice":"Heal","damage_taken":0,"max_hp_gain":0,"max_hp_loss":0,"event_name":"The Library","floor":21,"gold_loss":0},{"damage_healed":0,"gold_gain":0,"player_choice":"Ignored","damage_taken":0,"max_hp_gain":0,"max_hp_loss":0,"event_name":"Ghosts","floor":22,"gold_loss":0}],"is_beta":false,"boss_relics":[{"not_picked":["Coffee Dripper","Busted Crown"],"picked":"Orrery"}],"items_purged_floors":[11,20],"is_endless":false,"potions_floor_spawned":[1,5,7,16,18,19],"killed_by":"Shelled Parasite and Fungi","ascension_level":13}