{"gold_per_floor":[118,136,19,29,39,39,39,77,77,77,96,140,315,315,315,440,440,453,473,473,496,496],"floor_reached":22,"playtime":3955,"items_purged":[],"score":206,"play_id":"b39c9f4f-ce9a-4c61-a655-2df6a23c3146","local_time":"20190206003714","is_ascension_mode":true,"campfire_choices":[{"floor":7,"key":"RECALL"},{"data":"Armaments","floor":10,"key":"SMITH"},{"data":"True Grit","floor":15,"key":"SMITH"}],"neow_cost":"NONE","seed_source_timestamp":181443852386250,"circlet_count":0,"master_deck":["Strike_R","Strike_R","Strike_R","Strike_R","Strike_R","Defend_R","Defend_R","Defend_R","Defend_R","Bash+1","Rampage","Armaments+1","Shockwave","Metallicize","True Grit+1","Injury","Reaper","Headbutt","Clothesline","Doubt","Parasite","Demon Form","Warcry","Disarm","Shrug It Off","Spot Weakness+1"],"relics":["Burning Blood","Golden Idol","Magic Flower","StoneCalendar","Lizard Tail"],"potions_floor_usage":[8,12,12,16,22],"damage_taken":[{"damage":4,"enemies":"Cultist","floor":1,"turns":4},{"damage":8,"enemies":"Jaw Worm","floor":2,"turns":3},{"damage":0,"enemies":"2 Louse","floor":4,"turns":3},{"damage":9,"enemies":"Looter","floor":5,"turns":4},{"damage":13,"enemies":"3 Sentries","floor":8,"turns":11},{"damage":25,"enemies":"Gremlin Gang","floor":11,"turns":7},{"damage":20,"enemies":"Gremlin Nob","floor":12,"turns":5},{"damage":37,"enemies":"The Guardian","floor":16,"turns":11},{"damage":39,"enemies":"Spheric Guardian","floor":18,"turns":6},{"damage":68,"enemies":"3 Byrds","floor":19,"turns":7},{"damage":31,"enemies":"Centurion and Healer","floor":21,"turns":9},{"damage":53,"enemies":"Colosseum Slavers","floor":22,"turns":7},{"damage":50,"enemies":"Colosseum Nobs","floor":22,"turns":4}],"seed_played":"-7524440421100784686","potions_obtained":[{"floor":1,"key":"Dexterity Potion"},{"floor":4,"key":"Dexterity Potion"},{"floor":5,"key":"EssenceOfSteel"},{"floor":12,"key":"SkillPotion"},{"floor":19,"key":"Strength Potion"}],"is_trial":false,"path_per_floor":["M","M","$","M","M","?","R","E","T","R","M","E","?","?","R","B",null,"M","M","?","M","?"],"character_chosen":"IRONCLAD","items_purchased":["Shockwave","Metallicize"],"campfire_rested":0,"item_purchase_floors":[3,3],"current_hp_per_floor":[80,78,78,80,77,77,77,70,70,70,70,59,59,79,79,51,80,50,69,69,61,0],"gold":496,"neow_bonus":"UPGRADE_CARD","is_prod":false,"is_daily":false,"chose_seed":false,"campfire_upgraded":2,"win_rate":0,"timestamp":1549409834,"path_taken":["M","?","$","M","M","?","R","E","T","R","M","E","?","?","R","BOSS","M","M","?","M","?"],"build_version":"2019-01-23","purchased_purges":0,"victory":false,"max_hp_per_floor":[80,80,80,80,80,80,80,80,80,80,80,80,80,80,80,80,80,80,80,80,80,80],"card_choices":[{"not_picked":["Wild Strike","Sword Boomerang"],"picked":"Rampage","floor":1},{"not_picked":["Cleave","Flex"],"picked":"Armaments","floor":2},{"not_picked":["Flame Barrier","Thunderclap","Heavy Blade"],"picked":"SKIP","floor":4},{"not_picked":["Pommel Strike","Iron Wave"],"picked":"True Grit","floor":5},{"not_picked":["Rampage","Entrench"],"picked":"Reaper","floor":8},{"not_picked":["Carnage","Warcry"],"picked":"Headbutt","floor":11},{"not_picked":["Flame Barrier","Wild Strike"],"picked":"Clothesline","floor":12},{"not_picked":["Berserk","Offering"],"picked":"Demon Form","floor":16},{"not_picked":["Armaments","Flex"],"picked":"Warcry","floor":18},{"not_picked":["Rupture+1","Warcry"],"picked":"Disarm","floor":19},{"not_picked":["Dual Wield","Rupture"],"picked":"Spot Weakness+1","floor":21}],"player_experience":159745,"relics_obtained":[{"floor":8,"key":"Magic Flower"},{"floor":12,"key":"StoneCalendar"}],"event_choices":[{"damage_healed":0,"gold_gain":0,"player_choice":"Take Wound","damage_taken":0,"relics_obtained":["Golden Idol"],"max_hp_gain":0,"max_hp_loss":0,"event_name":"Golden Idol","floor":6,"gold_loss":0,"cards_obtained":["Injury"]},{"damage_healed":0,"gold_gain":175,"player_choice":"AGREE","damage_taken":0,"max_hp_gain":0,"max_hp_loss":0,"event_name":"Liars Game","floor":13,"gold_loss":0,"cards_obtained":["Doubt"]},{"damage_healed":20,"gold_gain":0,"player_choice":"Healed and dodged fight","damage_taken":0,"max_hp_gain":0,"max_hp_loss":0,"event_name":"Mushrooms","floor":14,"gold_loss":0,"cards_obtained":["Parasite"]},{"damage_healed":0,"gold_gain":0,"player_choice":"Read","damage_taken":0,"max_hp_gain":0,"max_hp_loss":0,"event_name":"The Library","floor":20,"gold_loss":0,"cards_obtained":["Shrug It Off"]},{"damage_healed":0,"gold_gain":0,"player_choice":"Fight","damage_taken":0,"max_hp_gain":0,"max_hp_loss":0,"event_name":"Colosseum","floor":22,"gold_loss":0},{"damage_healed":0,"gold_gain":0,"player_choice":"Fought Nobs","damage_taken":0,"max_hp_gain":0,"max_hp_loss":0,"event_name":"Colosseum","floor":22,"gold_loss":0}],"is_beta":false,"boss_relics":[{"not_picked":["Runic Dome","Snecko Eye"],"picked":"Lizard Tail"}],"items_purged_floors":[],"is_endless":false,"potions_floor_spawned":[1,4,5,12,19],"killed_by":"Colosseum Nobs","ascension_level":1}