{"gold_per_floor":[109,128,128,3,15,15,43,43,69,102,6,16,16,16,16,89,89,99,114,114,29,47,47,64,163,188,188,198,48,48,66,66,138,138,151,22,39,139,150,150,150,165,188,0,11,22,22,22],"floor_reached":48,"playtime":3452,"items_purged":["Strike_B","Shame"],"score":729,"play_id":"ec7be453-5c46-463a-89c7-36cff31142ac","local_time":"20190131115856","is_ascension_mode":true,"campfire_choices":[{"data":"Doom and Gloom","floor":6,"key":"SMITH"},{"data":"Sunder","floor":8,"key":"SMITH"},{"floor":13,"key":"REST"},{"data":"Glacier","floor":15,"key":"SMITH"},{"data":"Defragment","floor":23,"key":"SMITH"},{"floor":30,"key":"REST"},{"floor":32,"key":"REST"},{"floor":40,"key":"REST"},{"floor":47,"key":"REST"}],"neow_cost":"NONE","seed_source_timestamp":1035966558210322,"circlet_count":0,"master_deck":["AscendersBane","Strike_B","Strike_B","Defend_B+1","Defend_B","Defend_B","Defend_B","Zap","Dualcast","Doom and Gloom+1","Gash","Sunder+1","Sweeping Beam","Coolheaded","Compile Driver","Injury","Conserve Battery+1","Cold Snap","Glacier+1","Hello World","Hyperbeam+1","Barrage+1","Defragment+1","White Noise","Seek","Consume","Defragment","Doubt","Doom and Gloom+1","Streamline"],"relics":["Cursed Key","Smiling Mask","Bronze Scales","Gambling Chip","Inserter","Emotion Chip","War Paint","DataDisk","Snecko Eye","Nunchaku","Ancient Tea Set","Red Mask"],"potions_floor_usage":[16,33,33],"damage_taken":[{"damage":7,"enemies":"Small Slimes","floor":1,"turns":4},{"damage":1,"enemies":"Cultist","floor":2,"turns":3},{"damage":2,"enemies":"Jaw Worm","floor":5,"turns":2},{"damage":26,"enemies":"Gremlin Nob","floor":7,"turns":4},{"damage":23,"enemies":"Lagavulin","floor":10,"turns":5},{"damage":0,"enemies":"3 Louse","floor":12,"turns":1},{"damage":9,"enemies":"Slime Boss","floor":16,"turns":6},{"damage":24,"enemies":"2 Thieves","floor":18,"turns":4},{"damage":11,"enemies":"Spheric Guardian","floor":19,"turns":4},{"damage":9,"enemies":"3 Cultists","floor":22,"turns":4},{"damage":13,"enemies":"Cultist and Chosen","floor":24,"turns":5},{"damage":19,"enemies":"Centurion and Healer","floor":28,"turns":6},{"damage":5,"enemies":"Chosen and Byrds","floor":31,"turns":4},{"damage":30,"enemies":"Collector","floor":33,"turns":10},{"damage":2,"enemies":"3 Shapes","floor":35,"turns":1},{"damage":35,"enemies":"3 Darklings","floor":37,"turns":4},{"damage":2,"enemies":"Mind Bloom Boss Battle","floor":38,"turns":7},{"damage":0,"enemies":"Sphere and 2 Shapes","floor":39,"turns":2},{"damage":2,"enemies":"Transient","floor":42,"turns":5},{"damage":6,"enemies":"3 Darklings","floor":45,"turns":5},{"damage":35,"enemies":"Sphere and 2 Shapes","floor":46,"turns":5},{"damage":27,"enemies":"Spire Growth","floor":48,"turns":3}],"seed_played":"-7092188386677481146","potions_obtained":[{"floor":10,"key":"Weak Potion"},{"floor":12,"key":"PowerPotion"},{"floor":18,"key":"LiquidBronze"},{"floor":37,"key":"Strength Potion"},{"floor":46,"key":"SpeedPotion"}],"is_trial":false,"path_per_floor":["M","M","?","$","M","R","E","R","T","E","$","M","R","?","R","B",null,"M","M","?","?","M","R","M","?","T","?","M","$","R","M","R","B",null,"M","$","M","?","M","R","?","M","T","?","M","M","R","M"],"character_chosen":"DEFECT","items_purchased":["Sunder","Sweeping Beam","Cold Snap","DataDisk","Consume"],"campfire_rested":5,"item_purchase_floors":[4,4,11,29,36],"current_hp_per_floor":[61,60,60,60,58,58,32,32,32,9,9,9,31,31,31,22,62,38,27,52,52,43,43,30,30,30,30,11,11,33,28,50,20,61,59,59,24,22,22,44,44,42,42,42,36,1,23,0],"gold":22,"neow_bonus":"BOSS_RELIC","is_prod":false,"is_daily":false,"chose_seed":false,"campfire_upgraded":4,"win_rate":0,"timestamp":1548935936,"path_taken":["M","M","?","?","M","R","E","R","T","E","$","M","R","?","R","BOSS","M","M","?","?","M","R","M","?","T","?","M","$","R","?","R","BOSS","M","$","M","?","M","R","?","M","T","?","?","M","R","M"],"build_version":"2019-01-23","purchased_purges":2,"victory":false,"max_hp_per_floor":[75,75,75,75,75,75,75,75,75,75,75,75,75,75,75,75,75,75,75,75,75,75,75,75,75,75,75,75,75,75,75,75,75,75,75,75,75,75,75,75,75,75,75,75,75,75,75,75],"card_choices":[{"not_picked":["Sweeping Beam","Chill"],"picked":"Doom and Gloom","floor":1},{"not_picked":["Stack","Tempest"],"picked":"Gash","floor":2},{"not_picked":["Storm","Hello World"],"picked":"Coolheaded","floor":5},{"not_picked":["Rebound","Steam Power"],"picked":"Compile Driver","floor":7},{"not_picked":["Double Energy","Stack"],"picked":"Conserve Battery","floor":10},{"not_picked":["Cold Snap","Hologram"],"picked":"Glacier","floor":12},{"not_picked":["Thunder Strike","Fission"],"picked":"Hyperbeam","floor":16},{"not_picked":["Force Field","Skim"],"picked":"Barrage+1","floor":18},{"not_picked":["Double Energy","Ball Lightning"],"picked":"Defragment","floor":19},{"not_picked":["Gash","FTL+1","Force Field"],"picked":"SKIP","floor":22},{"not_picked":["Barrage","Stack","Chaos"],"picked":"SKIP","floor":24},{"not_picked":["Blizzard","Lockon","Aggregate"],"picked":"SKIP","floor":28},{"not_picked":["Reprogram","Double Energy"],"picked":"White Noise","floor":31},{"not_picked":["Amplify","Buffer"],"picked":"Seek","floor":33},{"not_picked":["Barrage","Chill","Compile Driver"],"picked":"SKIP","floor":35},{"not_picked":["Ball Lightning","Chaos","BootSequence"],"picked":"SKIP","floor":37},{"not_picked":["White Noise","Barrage"],"picked":"Defragment","floor":38},{"not_picked":["Steam","Barrage+1","Ball Lightning"],"picked":"SKIP","floor":39},{"not_picked":["Gash","Barrage+1","Static Discharge"],"picked":"SKIP","floor":42},{"not_picked":["Compile Driver","Static Discharge"],"picked":"Doom and Gloom+1","floor":45},{"not_picked":["Self Repair","Chaos"],"picked":"Streamline","floor":46}],"player_experience":1241102,"relics_obtained":[{"floor":7,"key":"Smiling Mask"},{"floor":9,"key":"Bronze Scales"},{"floor":10,"key":"Gambling Chip"},{"floor":26,"key":"War Paint"},{"floor":38,"key":"Nunchaku"},{"floor":43,"key":"Ancient Tea Set"}],"event_choices":[{"damage_healed":0,"gold_gain":0,"player_choice":"Bought 0 Potions","damage_taken":0,"max_hp_gain":0,"max_hp_loss":0,"event_name":"The Woman in Blue","floor":3,"gold_loss":0},{"damage_healed":0,"gold_gain":0,"cards_transformed":["Strike_B"],"player_choice":"Change","damage_taken":0,"max_hp_gain":0,"max_hp_loss":0,"event_name":"Living Wall","floor":14,"gold_loss":0,"cards_obtained":["Hello World"]},{"damage_healed":25,"gold_gain":0,"player_choice":"Heal","damage_taken":0,"max_hp_gain":0,"max_hp_loss":0,"event_name":"The Library","floor":20,"gold_loss":0},{"damage_healed":0,"gold_gain":0,"player_choice":"Obtained Relic","damage_taken":0,"relics_obtained":["Emotion Chip"],"max_hp_gain":0,"max_hp_loss":0,"event_name":"Addict","floor":21,"gold_loss":85},{"damage_healed":0,"gold_gain":99,"player_choice":"Stole From Cult","damage_taken":0,"max_hp_gain":0,"max_hp_loss":0,"event_name":"Nest","floor":25,"gold_loss":0},{"damage_healed":0,"gold_gain":0,"player_choice":"Upgraded","damage_taken":0,"max_hp_gain":0,"max_hp_loss":0,"event_name":"Upgrade Shrine","floor":27,"gold_loss":0,"cards_upgraded":["Hyperbeam"]},{"damage_healed":0,"gold_gain":0,"player_choice":"Fight","damage_taken":0,"max_hp_gain":0,"max_hp_loss":0,"event_name":"MindBloom","floor":38,"gold_loss":0},{"damage_healed":0,"gold_gain":0,"player_choice":"Ignored","damage_taken":0,"max_hp_gain":0,"max_hp_loss":0,"event_name":"Mysterious Sphere","floor":41,"gold_loss":0},{"damage_healed":0,"gold_gain":0,"player_choice":"Paid","damage_taken":0,"relics_obtained":["Red Mask"],"max_hp_gain":0,"max_hp_loss":0,"event_name":"Tomb of Lord Red Mask","floor":44,"gold_loss":188}],"is_beta":false,"boss_relics":[{"not_picked":["Eternal Feather","Orrery"],"picked":"Inserter"},{"not_picked":["Philosopher\u0027s Stone","Calling Bell"],"picked":"Snecko Eye"}],"items_purged_floors":[11,36],"is_endless":false,"potions_floor_spawned":[10,12,18,19,28,37,46],"killed_by":"Spire Growth","ascension_level":13}