{"gold_per_floor":[116,116,191,116,69,69,101,101,101,101],"floor_reached":10,"playtime":202,"items_purged":[],"score":109,"play_id":"d794f6b2-f09c-4ea1-aae6-aa551eccd3d7","local_time":"20190208202521","is_ascension_mode":true,"campfire_choices":[{"data":"Bash","floor":6,"key":"SMITH"}],"neow_cost":"TEN_PERCENT_HP_LOSS","seed_source_timestamp":1691161607700279,"circlet_count":0,"master_deck":["AscendersBane","Strike_R","Strike_R+1","Strike_R+1","Defend_R","Defend_R","Defend_R","Bash+1","Reaper","Burning Pact","Pommel Strike+1","Anger","Shrug It Off"],"relics":["Burning Blood","Meat on the Bone","Bottled Flame","Paper Frog"],"potions_floor_usage":[10],"damage_taken":[{"damage":14,"enemies":"2 Louse","floor":1,"turns":3},{"damage":55,"enemies":"3 Sentries","floor":7,"turns":9},{"damage":27,"enemies":"Lagavulin","floor":10,"turns":4}],"seed_played":"-2825989870459415397","potions_obtained":[{"floor":7,"key":"SteroidPotion"}],"is_trial":false,"path_per_floor":["M","?","T","?","$","R","E","?","T","E"],"character_chosen":"IRONCLAD","items_purchased":["Anger"],"campfire_rested":0,"item_purchase_floors":[5],"current_hp_per_floor":[68,68,68,68,68,68,35,15,15,0],"gold":101,"neow_bonus":"TRANSFORM_TWO_CARDS","is_prod":false,"is_daily":false,"chose_seed":false,"campfire_upgraded":1,"win_rate":0,"timestamp":1549675521,"path_taken":["M","?","?","?","?","R","E","?","T","E"],"build_version":"2019-02-06","purchased_purges":0,"victory":false,"max_hp_per_floor":[68,68,68,68,68,68,68,68,68,68],"card_choices":[{"not_picked":["Entrench","Fire Breathing"],"picked":"Pommel Strike","floor":1},{"not_picked":["Twin Strike","Warcry"],"picked":"Shrug It Off","floor":7}],"player_experience":644524,"relics_obtained":[{"floor":3,"key":"Meat on the Bone"},{"floor":7,"key":"Bottled Flame"},{"floor":9,"key":"Paper Frog"}],"event_choices":[{"damage_healed":0,"gold_gain":0,"player_choice":"Grow","damage_taken":0,"max_hp_gain":0,"max_hp_loss":0,"event_name":"Living Wall","floor":2,"gold_loss":0,"cards_upgraded":["Pommel Strike"]},{"cards_removed":["Strike_R"],"damage_healed":0,"gold_gain":0,"player_choice":"Card Removal","damage_taken":0,"max_hp_gain":0,"max_hp_loss":0,"event_name":"The Cleric","floor":4,"gold_loss":75},{"damage_healed":0,"gold_gain":0,"player_choice":"Entered Light","damage_taken":20,"max_hp_gain":0,"max_hp_loss":0,"event_name":"Shining Light","floor":8,"gold_loss":0,"cards_upgraded":["Strike_R","Strike_R"]}],"is_beta":true,"boss_relics":[],"items_purged_floors":[],"is_endless":false,"potions_floor_spawned":[7],"killed_by":"Lagavulin","ascension_level":15}