{"gold_per_floor":[109,109,184,203,221,221,239,239,266,310,310,341,341,359,359,484,484,468,468,493,493,493,493,418,418,418,418],"floor_reached":27,"playtime":1683,"items_purged":["Pain"],"score":252,"play_id":"848df19e-8968-49db-976c-afe82430aa76","local_time":"20190206193338","is_ascension_mode":true,"campfire_choices":[{"data":"Bash","floor":6,"key":"SMITH"},{"floor":11,"key":"REST"},{"data":"Pommel Strike","floor":13,"key":"SMITH"},{"floor":15,"key":"REST"},{"data":"Demon Form","floor":23,"key":"SMITH"},{"data":"Juggernaut","floor":25,"key":"SMITH"}],"neow_cost":"NONE","seed_source_timestamp":1050961641675760,"circlet_count":0,"master_deck":["Strike_R","Strike_R","Strike_R","Strike_R","Strike_R","Defend_R+1","Defend_R","Defend_R","Defend_R+1","Bash+1","Rage","Pommel Strike+1","Shrug It Off","Shrug It Off","Second Wind","Flame Barrier","Juggernaut+1","Battle Trance","Clothesline","Demon Form+1","Heavy Blade","Injury"],"relics":["Burning Blood","Bloody Idol","Juzu Bracelet","Dream Catcher","Bird Faced Urn","Cursed Key","WarpedTongs"],"potions_floor_usage":[10,16,16,16],"damage_taken":[{"damage":0,"enemies":"Small Slimes","floor":1,"turns":3},{"damage":0,"enemies":"2 Louse","floor":4,"turns":3},{"damage":0,"enemies":"Cultist","floor":5,"turns":3},{"damage":3,"enemies":"3 Louse","floor":7,"turns":5},{"damage":41,"enemies":"Lagavulin","floor":10,"turns":7},{"damage":14,"enemies":"3 Sentries","floor":12,"turns":15},{"damage":13,"enemies":"Blue Slaver","floor":14,"turns":4},{"damage":60,"enemies":"The Guardian","floor":16,"turns":18},{"damage":11,"enemies":"2 Thieves","floor":18,"turns":4},{"damage":32,"enemies":"Colosseum Slavers","floor":19,"turns":4},{"damage":12,"enemies":"Shell Parasite","floor":20,"turns":5},{"damage":69,"enemies":"Gremlin Leader","floor":27,"turns":7}],"seed_played":"5934835141312760767","potions_obtained":[{"floor":1,"key":"Regen Potion"},{"floor":5,"key":"Dexterity Potion"},{"floor":12,"key":"PowerPotion"},{"floor":14,"key":"Dexterity Potion"},{"floor":20,"key":"Ancient Potion"}],"is_trial":false,"path_per_floor":["M","?","?","M","M","R","M","?","T","E","R","E","R","M","R","B",null,"M","?","M","?","?","R","$","R","T","E"],"character_chosen":"IRONCLAD","items_purchased":[],"campfire_rested":2,"item_purchase_floors":[],"current_hp_per_floor":[88,70,59,65,71,71,74,52,52,32,58,50,50,43,69,17,88,85,63,59,59,59,59,59,59,59,0],"gold":418,"neow_bonus":"TEN_PERCENT_HP_BONUS","is_prod":false,"is_daily":false,"chose_seed":false,"campfire_upgraded":4,"win_rate":0,"timestamp":1549478018,"path_taken":["M","?","?","M","M","R","M","?","T","E","R","E","R","M","R","BOSS","M","?","M","?","?","R","$","R","T","E"],"build_version":"2019-01-23","purchased_purges":1,"victory":false,"max_hp_per_floor":[88,88,88,88,88,88,88,88,88,88,88,88,88,88,88,88,88,88,88,88,88,88,88,88,88,88,88],"card_choices":[{"not_picked":["Entrench","Blood for Blood"],"picked":"Rage","floor":1},{"not_picked":["Infernal Blade","Headbutt"],"picked":"Pommel Strike","floor":4},{"not_picked":["Body Slam","Sentinel"],"picked":"Shrug It Off","floor":5},{"not_picked":["Dual Wield","Cleave"],"picked":"Shrug It Off","floor":7},{"not_picked":["Infernal Blade","Rupture"],"picked":"Second Wind","floor":10},{"not_picked":["Second Wind","Blood for Blood"],"picked":"Flame Barrier","floor":11},{"not_picked":["Uppercut","Hemokinesis"],"picked":"Juggernaut","floor":12},{"not_picked":["Flex","Combust"],"picked":"Battle Trance","floor":14},{"not_picked":["Cleave","Heavy Blade"],"picked":"Clothesline","floor":15},{"not_picked":["Dark Embrace","Berserk"],"picked":"Demon Form","floor":16},{"not_picked":["Thunderclap","Evolve+1"],"picked":"Heavy Blade","floor":18},{"not_picked":["Shrug It Off","Havoc","Pommel Strike+1"],"picked":"SKIP","floor":20}],"player_experience":258732,"relics_obtained":[{"floor":9,"key":"Juzu Bracelet"},{"floor":10,"key":"Dream Catcher"},{"floor":12,"key":"Bird Faced Urn"}],"event_choices":[{"damage_healed":0,"gold_gain":0,"player_choice":"Entered Light","damage_taken":18,"max_hp_gain":0,"max_hp_loss":0,"event_name":"Shining Light","floor":2,"gold_loss":0,"cards_upgraded":["Defend_R","Defend_R"]},{"damage_healed":0,"gold_gain":75,"player_choice":"Gather Gold","damage_taken":11,"max_hp_gain":0,"max_hp_loss":0,"event_name":"World of Goop","floor":3,"gold_loss":0},{"damage_healed":0,"gold_gain":0,"player_choice":"Take Damage","damage_taken":22,"relics_obtained":["Golden Idol"],"max_hp_gain":0,"max_hp_loss":0,"event_name":"Golden Idol","floor":8,"gold_loss":0},{"damage_healed":0,"gold_gain":0,"player_choice":"Fight","damage_taken":0,"max_hp_gain":0,"max_hp_loss":0,"event_name":"Colosseum","floor":19,"gold_loss":0},{"damage_healed":0,"gold_gain":0,"player_choice":"Fled From Nobs","damage_taken":0,"max_hp_gain":0,"max_hp_loss":0,"event_name":"Colosseum","floor":19,"gold_loss":0},{"damage_healed":0,"gold_gain":0,"player_choice":"Rummage","damage_taken":0,"relics_obtained":["WarpedTongs"],"max_hp_gain":0,"max_hp_loss":0,"event_name":"Accursed Blacksmith","floor":21,"gold_loss":0,"cards_obtained":["Pain"]},{"damage_healed":0,"gold_gain":0,"player_choice":"Gave Idol","damage_taken":0,"relics_obtained":["Bloody Idol"],"max_hp_gain":0,"max_hp_loss":0,"event_name":"Forgotten Altar","floor":22,"relics_lost":["Golden Idol"],"gold_loss":0}],"is_beta":false,"boss_relics":[{"not_picked":["Fusion Hammer","Mark of Pain"],"picked":"Cursed Key"}],"items_purged_floors":[24],"is_endless":false,"potions_floor_spawned":[1,5,12,14,20],"killed_by":"Gremlin Leader","ascension_level":3}