{"gold_per_floor":[113,123,133,113,128,128,140,175,175,206,206,233,233,243,243,338,338,352,372,383,402,402,402,432,432,432,457,457,457,25,43,43,141,141,153,153,153,27,1026,1026,1059,737,737,754,771,771,782,1116,1116,1116],"floor_reached":50,"playtime":5038,"items_purged":["Shame"],"score":873,"play_id":"bca25545-f55d-4bc3-b9cb-c025469556c6","local_time":"20190119132221","is_ascension_mode":true,"campfire_choices":[{"data":"Predator","floor":6,"key":"SMITH"},{"data":"Underhanded Strike","floor":11,"key":"SMITH"},{"data":"Backflip","floor":13,"key":"SMITH"},{"floor":15,"key":"REST"},{"floor":23,"key":"REST"},{"data":"Wraith Form v2","floor":25,"key":"SMITH"},{"data":"Survivor","floor":29,"key":"SMITH"},{"data":"Footwork","floor":32,"key":"SMITH"},{"data":"Caltrops","floor":40,"key":"SMITH"},{"floor":49,"key":"RECALL"}],"neow_cost":"NONE","seed_source_timestamp":835588438768526,"circlet_count":0,"master_deck":["Survivor+1","Predator+1","Backflip+1","Underhanded Strike+1","Night Terror+1","Acrobatics+1","Venomology+1","Dagger Spray+1","Flying Knee+1","Prepared+1","Wraith Form v2+1","Bouncing Flask+1","Night Terror+1","Concentrate+1","Riddle With Holes+1","Underhanded Strike+1","Storm of Steel+1","Catalyst+1","Expertise+1","Backflip+1","Well Laid Plans+1","Bouncing Flask+1","Outmaneuver+1","Footwork+1","Doppelganger+1","Deadly Poison+1","Caltrops+1","PiercingWail+1","Normality","Normality","Crippling Poison+1","Noxious Fumes+1","Predator+1","PiercingWail+1","Pain","Poisoned Stab+1"],"relics":["HoveringKite","Mercury Hourglass","Toxic Egg 2","Meat on the Bone","Molten Egg 2","Pandora\u0027s Box","Happy Flower","Whetstone","Orichalcum","FossilizedHelix","Cursed Key","Mango","Art of War","Question Card","Old Coin"],"potions_floor_usage":[8,10,10,16,20,21,24,24,27,27,31,33,44,45,48,50],"damage_taken":[{"damage":1,"enemies":"Cultist","floor":1,"turns":6},{"damage":0,"enemies":"2 Louse","floor":2,"turns":2},{"damage":5,"enemies":"Small Slimes","floor":3,"turns":4},{"damage":13,"enemies":"Blue Slaver","floor":5,"turns":5},{"damage":2,"enemies":"Exordium Wildlife","floor":7,"turns":3},{"damage":8,"enemies":"Lagavulin","floor":8,"turns":5},{"damage":0,"enemies":"3 Sentries","floor":10,"turns":4},{"damage":8,"enemies":"Lagavulin","floor":12,"turns":6},{"damage":5,"enemies":"Looter","floor":14,"turns":2},{"damage":0,"enemies":"Slime Boss","floor":16,"turns":5},{"damage":19,"enemies":"2 Thieves","floor":18,"turns":3},{"damage":9,"enemies":"Shell Parasite","floor":19,"turns":3},{"damage":0,"enemies":"Centurion and Healer","floor":20,"turns":4},{"damage":0,"enemies":"Cultist and Chosen","floor":21,"turns":6},{"damage":15,"enemies":"Book of Stabbing","floor":24,"turns":3},{"damage":0,"enemies":"Slavers","floor":27,"turns":4},{"damage":0,"enemies":"3 Cultists","floor":31,"turns":4},{"damage":0,"enemies":"Automaton","floor":33,"turns":4},{"damage":0,"enemies":"Orb Walker","floor":35,"turns":3},{"damage":0,"enemies":"Reptomancer","floor":41,"turns":5},{"damage":0,"enemies":"3 Darklings","floor":44,"turns":3},{"damage":0,"enemies":"Writhing Mass","floor":45,"turns":4},{"damage":10,"enemies":"Jaw Worm Horde","floor":47,"turns":4},{"damage":22,"enemies":"Giant Head","floor":48,"turns":6},{"damage":71,"enemies":"Donu and Deca","floor":50,"turns":6}],"seed_played":"-5010099993672868334","potions_obtained":[{"floor":3,"key":"EssenceOfSteel"},{"floor":4,"key":"Explosive Potion"},{"floor":7,"key":"Poison Potion"},{"floor":8,"key":"LiquidBronze"},{"floor":10,"key":"FearPotion"},{"floor":16,"key":"SneckoOil"},{"floor":19,"key":"Poison Potion"},{"floor":20,"key":"Dexterity Potion"},{"floor":24,"key":"Strength Potion"},{"floor":31,"key":"Energy Potion"},{"floor":35,"key":"Regen Potion"}],"is_trial":false,"path_per_floor":["M","M","M","?","M","R","M","E","T","E","R","E","R","M","R","B",null,"M","M","M","M","?","R","E","R","T","E","?","R","$","M","R","B",null,"M","?","?","$","?","R","E","$","T","M","M","?","M","E","R","B"],"character_chosen":"THE_SILENT","items_purchased":["FossilizedHelix","Footwork","Caltrops","PiercingWail+1","Noxious Fumes","Predator+1","PiercingWail+1","Art of War"],"campfire_rested":2,"item_purchase_floors":[30,30,38,38,42,42,42,42],"current_hp_per_floor":[69,69,64,64,51,51,49,41,41,41,41,45,45,40,61,61,70,51,42,42,42,29,51,48,48,48,48,48,48,48,48,48,48,75,75,75,75,75,75,75,89,89,89,89,89,89,79,71,71,0],"gold":1116,"neow_bonus":"BOSS_RELIC","is_prod":false,"is_daily":false,"chose_seed":false,"campfire_upgraded":7,"win_rate":0,"timestamp":1547925741,"path_taken":["M","?","M","?","?","R","M","E","T","E","R","E","R","M","R","BOSS","M","M","?","?","?","R","E","R","T","E","?","R","?","?","R","BOSS","M","?","?","$","?","R","E","$","T","M","M","?","M","E","R","BOSS"],"build_version":"2019-01-17v2","purchased_purges":1,"victory":false,"max_hp_per_floor":[70,70,70,70,70,70,70,70,70,70,70,70,70,70,70,70,70,70,70,70,70,75,75,75,75,75,75,75,75,75,75,75,75,75,75,75,75,75,75,75,89,89,89,89,89,89,89,89,89,89],"card_choices":[{"not_picked":["Underhanded Strike","Quick Slash"],"picked":"Predator","floor":1},{"not_picked":["Crippling Poison","Poisoned Stab"],"picked":"Backflip","floor":2},{"not_picked":["Dagger Throw","Quick Slash"],"picked":"Underhanded Strike","floor":3},{"not_picked":["Dodge and Roll","Masterful Stab","Flying Knee"],"picked":"SKIP","floor":5},{"not_picked":["Catalyst","Endless Agony","Deflect"],"picked":"SKIP","floor":7},{"not_picked":["Dodge and Roll","Skewer","Leg Sweep"],"picked":"SKIP","floor":8},{"not_picked":["Dodge and Roll+1","Bane","Deflect+1"],"picked":"SKIP","floor":10},{"not_picked":["Acrobatics+1","Finisher"],"picked":"Night Terror+1","floor":12},{"not_picked":["Deflect+1","Choke+1"],"picked":"Acrobatics+1","floor":14},{"not_picked":["After Image","Unload+1"],"picked":"Venomology+1","floor":16},{"not_picked":["Acrobatics+1","Bane+1"],"picked":"Catalyst+1","floor":18},{"not_picked":["Blade Dance+1","Choke+1"],"picked":"Expertise+1","floor":19},{"not_picked":["Escape Plan+1","Flying Knee+1"],"picked":"Backflip+1","floor":20},{"not_picked":["Dash+1","Cloak And Dagger+1"],"picked":"Well Laid Plans+1","floor":21},{"not_picked":["Acrobatics+1","Blade Dance+1"],"picked":"Bouncing Flask+1","floor":24},{"not_picked":["Escape Plan+1","Prepared+1"],"picked":"Outmaneuver+1","floor":27},{"not_picked":["Expertise+1","Dodge and Roll+1","Deflect+1"],"picked":"SKIP","floor":31},{"not_picked":["Night Terror+1","Tools of the Trade"],"picked":"Doppelganger+1","floor":33},{"not_picked":["Underhanded Strike+1","Dagger Spray+1"],"picked":"Deadly Poison+1","floor":35},{"not_picked":["Bane+1","All Out Attack+1"],"picked":"Crippling Poison+1","floor":41},{"not_picked":["Underhanded Strike+1","Blade Dance+1","PiercingWail+1"],"picked":"Poisoned Stab+1","floor":44},{"not_picked":["Flechettes+1","Eviscerate+1","Calculated Gamble+1","Quick Slash+1"],"picked":"SKIP","floor":45},{"not_picked":["Flying Knee+1","Dagger Throw+1","Prepared+1","Noxious Fumes"],"picked":"SKIP","floor":47},{"not_picked":["Cloak And Dagger+1","Grand Finale+1","Dagger Spray+1","Setup+1"],"picked":"SKIP","floor":48}],"player_experience":256225,"relics_obtained":[{"floor":8,"key":"Mercury Hourglass"},{"floor":9,"key":"Toxic Egg 2"},{"floor":10,"key":"Meat on the Bone"},{"floor":12,"key":"Molten Egg 2"},{"floor":24,"key":"Happy Flower"},{"floor":27,"key":"Whetstone"},{"floor":41,"key":"Mango"},{"floor":43,"key":"Question Card"},{"floor":48,"key":"Old Coin"}],"event_choices":[{"damage_healed":0,"gold_gain":0,"player_choice":"Bought 1 Potion","damage_taken":0,"max_hp_gain":0,"max_hp_loss":0,"event_name":"The Woman in Blue","floor":4,"gold_loss":0},{"damage_healed":0,"gold_gain":0,"player_choice":"Shed Blood","damage_taken":18,"max_hp_gain":5,"max_hp_loss":0,"event_name":"Forgotten Altar","floor":22,"gold_loss":0},{"damage_healed":0,"gold_gain":0,"player_choice":"Stole Relic","damage_taken":0,"relics_obtained":["Orichalcum"],"max_hp_gain":0,"max_hp_loss":0,"event_name":"Addict","floor":28,"gold_loss":0,"cards_obtained":["Shame"]},{"damage_healed":0,"gold_gain":0,"player_choice":"Ignored","damage_taken":0,"max_hp_gain":0,"max_hp_loss":0,"event_name":"Tomb of Lord Red Mask","floor":36,"gold_loss":0},{"cards_removed":["Neutralize"],"damage_healed":0,"gold_gain":0,"player_choice":"Removed Attack","damage_taken":0,"max_hp_gain":0,"max_hp_loss":0,"event_name":"Falling","floor":37,"gold_loss":0},{"damage_healed":0,"gold_gain":999,"player_choice":"Gold","damage_taken":0,"max_hp_gain":0,"max_hp_loss":0,"event_name":"MindBloom","floor":39,"gold_loss":0,"cards_obtained":["Normality","Normality"]},{"damage_healed":0,"gold_gain":0,"player_choice":"Upgraded","damage_taken":0,"max_hp_gain":0,"max_hp_loss":0,"event_name":"Upgrade Shrine","floor":46,"gold_loss":0,"cards_upgraded":["Noxious Fumes"]}],"is_beta":false,"boss_relics":[{"not_picked":["Black Star","Philosopher\u0027s Stone"],"picked":"Pandora\u0027s Box"},{"not_picked":["Runic Pyramid","WristBlade"],"picked":"Cursed Key"}],"items_purged_floors":[30],"is_endless":false,"potions_floor_spawned":[3,7,8,10,16,19,20,24,31,35],"killed_by":"Donu and Deca","ascension_level":1}