{"gold_per_floor":[366,14,34,34,48,48,68,87,87,87,162,162,162,38,38,139,139,158,158,158,129,144,144,172,187,236,54,54,71,32,45,45,150,150,162,162,162,178,193,226,226,226,253,253,253,253,8,19,19,19],"floor_reached":51,"playtime":3229,"items_purged":[],"score":1041,"play_id":"66e0c1c0-042c-4329-92c6-98d6ca1e71af","local_time":"20190109031225","is_ascension_mode":true,"campfire_choices":[{"floor":6,"key":"REST"},{"data":"Acrobatics","floor":10,"key":"SMITH"},{"floor":13,"key":"REST"},{"data":"Noxious Fumes","floor":15,"key":"SMITH"},{"data":"Neutralize","floor":23,"key":"SMITH"},{"data":"Strike_G","floor":28,"key":"PURGE"},{"floor":32,"key":"REST"},{"data":"Strike_G","floor":44,"key":"PURGE"},{"data":"Strike_G","floor":46,"key":"PURGE"},{"data":"Defend_G","floor":49,"key":"PURGE"}],"neow_cost":"PERCENT_DAMAGE","seed_source_timestamp":1413221345162149,"circlet_count":0,"master_deck":["AscendersBane","Defend_G","Defend_G","Defend_G+1","Defend_G","Survivor","Neutralize+1","Acrobatics+1","Concentrate+1","Noxious Fumes+1","PiercingWail+1","Quick Slash+1","Crippling Poison+1","Dodge and Roll+1","Backflip+1","Burst+1","Reflex+1","Quick Slash","Reflex+1","Leg Sweep+1","Flechettes","Eviscerate","Caltrops","Deflect+1","Burst+1","Prepared+1","Madness+1","Madness+1","Crippling Poison+1","Footwork","Backflip+1","Deadly Poison+1","Caltrops+1"],"relics":["Ring of the Snake","Toxic Egg 2","Tough Bandages","HoveringKite","CultistMask","Peace Pipe","Snake Skull","Oddly Smooth Stone","Empty Cage","WingedGreaves","Anchor","DollysMirror"],"potions_floor_usage":[16,24,24,50,50],"damage_taken":[{"damage":1,"enemies":"Cultist","floor":1,"turns":6},{"damage":0,"enemies":"Jaw Worm","floor":3,"turns":6},{"damage":8,"enemies":"Small Slimes","floor":5,"turns":5},{"damage":12,"enemies":"3 Louse","floor":7,"turns":5},{"damage":4,"enemies":"Red Slaver","floor":8,"turns":5},{"damage":28,"enemies":"Slime Boss","floor":16,"turns":14},{"damage":0,"enemies":"Spheric Guardian","floor":18,"turns":5},{"damage":0,"enemies":"2 Thieves","floor":21,"turns":5},{"damage":4,"enemies":"Centurion and Healer","floor":22,"turns":7},{"damage":18,"enemies":"Slavers","floor":24,"turns":5},{"damage":10,"enemies":"Cultist and Chosen","floor":25,"turns":8},{"damage":0,"enemies":"Sentry and Sphere","floor":29,"turns":5},{"damage":4,"enemies":"Snecko","floor":31,"turns":6},{"damage":44,"enemies":"Champ","floor":33,"turns":17},{"damage":0,"enemies":"Orb Walker","floor":35,"turns":4},{"damage":0,"enemies":"3 Shapes","floor":38,"turns":5},{"damage":10,"enemies":"Spire Growth","floor":39,"turns":7},{"damage":28,"enemies":"Nemesis","floor":40,"turns":9},{"damage":8,"enemies":"Sphere and 2 Shapes","floor":48,"turns":3},{"damage":32,"enemies":"Time Eater","floor":50,"turns":15}],"seed_played":"-5929827630506764364","potions_obtained":[{"floor":7,"key":"Poison Potion"},{"floor":16,"key":"GhostInAJar"},{"floor":22,"key":"Regen Potion"},{"floor":24,"key":"Explosive Potion"},{"floor":33,"key":"Block Potion"}],"is_trial":false,"path_per_floor":["M","$","M","$","M","R","M","M","T","R","?","?","R","$","R","B",null,"M","?","$","M","M","R","E","M","T","$","R","M","$","M","R","B",null,"M","$","?","M","M","E","?","?","T","R","?","R","$","M","R","B",null],"character_chosen":"THE_SILENT","items_purchased":["Toxic Egg 2","Concentrate+1","Noxious Fumes","GhostInAJar","Backflip+1","Eviscerate","Oddly Smooth Stone","Caltrops","DollysMirror","Deadly Poison+1"],"campfire_rested":3,"item_purchase_floors":[2,2,2,14,14,27,27,30,47,47],"current_hp_per_floor":[44,44,44,44,36,57,45,41,41,41,30,16,37,37,37,9,55,55,55,55,55,51,51,48,38,38,38,38,38,38,34,55,11,55,55,55,46,46,36,8,8,61,61,61,61,61,61,53,53,21],"gold":19,"neow_bonus":"TWO_FIFTY_GOLD","is_prod":false,"is_daily":false,"chose_seed":false,"campfire_upgraded":3,"win_rate":0,"timestamp":1547021545,"path_taken":["M","$","?","?","M","R","M","?","T","R","?","?","R","$","R","BOSS","M","?","$","?","M","R","E","M","T","$","R","M","?","M","R","BOSS","M","$","?","M","M","E","?","?","T","R","?","R","$","?","R","BOSS"],"build_version":"2019-01-03v4","purchased_purges":0,"victory":true,"max_hp_per_floor":[70,70,70,70,70,70,70,70,70,70,70,70,70,70,70,70,70,70,70,70,70,70,70,70,70,70,70,70,70,70,70,70,70,70,70,70,70,70,70,70,70,61,61,61,61,61,61,61,61,61],"card_choices":[{"not_picked":["Predator","Blade Dance"],"picked":"Acrobatics","floor":1},{"not_picked":["Dagger Spray","Setup+1"],"picked":"PiercingWail+1","floor":3},{"not_picked":["Sucker Punch","Terror+1"],"picked":"Quick Slash","floor":5},{"not_picked":["Outmaneuver+1","Deadly Poison+1"],"picked":"Crippling Poison+1","floor":7},{"not_picked":["PiercingWail+1","Poisoned Stab"],"picked":"Dodge and Roll+1","floor":8},{"not_picked":["Unload","After Image"],"picked":"Burst+1","floor":16},{"not_picked":["Dodge and Roll+1","Deadly Poison+1"],"picked":"Reflex+1","floor":18},{"not_picked":["PiercingWail+1","Endless Agony"],"picked":"Quick Slash","floor":21},{"not_picked":["Venomology+1","Calculated Gamble+1"],"picked":"Reflex+1","floor":22},{"not_picked":["All Out Attack","Dagger Throw"],"picked":"Leg Sweep+1","floor":24},{"not_picked":["Leg Sweep+1","Cloak And Dagger+1"],"picked":"Flechettes","floor":25},{"not_picked":["Slice","Dagger Throw","Dagger Spray+1"],"picked":"SKIP","floor":29},{"not_picked":["Distraction+1","Outmaneuver+1"],"picked":"Deflect+1","floor":31},{"not_picked":["Corpse Explosion+1","Envenom"],"picked":"Burst+1","floor":33},{"not_picked":["Escape Plan+1","Masterful Stab"],"picked":"Prepared+1","floor":35},{"not_picked":["Outmaneuver+1","Bane","Masterful Stab"],"picked":"SKIP","floor":38},{"not_picked":["Backflip+1","Dagger Spray"],"picked":"Crippling Poison+1","floor":39},{"not_picked":["Heel Hook","Deflect+1"],"picked":"Footwork","floor":40},{"not_picked":["Footwork","Catalyst+1"],"picked":"Caltrops+1","floor":48}],"player_experience":496755,"relics_obtained":[{"floor":9,"key":"Tough Bandages"},{"floor":24,"key":"Peace Pipe"},{"floor":26,"key":"Snake Skull"},{"floor":40,"key":"WingedGreaves"},{"floor":43,"key":"Anchor"}],"event_choices":[{"damage_healed":0,"gold_gain":75,"player_choice":"Gather Gold","damage_taken":11,"max_hp_gain":0,"max_hp_loss":0,"event_name":"World of Goop","floor":11,"gold_loss":0},{"damage_healed":0,"gold_gain":0,"player_choice":"Entered Light","damage_taken":14,"max_hp_gain":0,"max_hp_loss":0,"event_name":"Shining Light","floor":12,"gold_loss":0,"cards_upgraded":["Defend_G","Quick Slash"]},{"damage_healed":0,"gold_gain":0,"player_choice":"Trade","damage_taken":0,"relics_obtained":["CultistMask"],"max_hp_gain":0,"max_hp_loss":0,"event_name":"FaceTrader","floor":19,"gold_loss":0},{"damage_healed":0,"gold_gain":0,"player_choice":"Embrace Madness","damage_taken":9,"max_hp_gain":0,"max_hp_loss":0,"event_name":"Winding Halls","floor":37,"gold_loss":0,"cards_obtained":["Madness","Madness"]},{"damage_healed":0,"gold_gain":0,"player_choice":"Ignored","damage_taken":0,"max_hp_gain":0,"max_hp_loss":0,"event_name":"Tomb of Lord Red Mask","floor":41,"gold_loss":0},{"damage_healed":61,"gold_gain":0,"player_choice":"Heal","damage_taken":0,"max_hp_gain":0,"max_hp_loss":9,"event_name":"The Moai Head","floor":42,"gold_loss":0},{"damage_healed":0,"gold_gain":0,"player_choice":"Bought 0 Potions","damage_taken":0,"max_hp_gain":0,"max_hp_loss":0,"event_name":"The Woman in Blue","floor":45,"gold_loss":0}],"is_beta":false,"boss_relics":[{"not_picked":["Philosopher\u0027s Stone","Calling Bell"],"picked":"HoveringKite"},{"not_picked":["Runic Dome","Busted Crown"],"picked":"Empty Cage"}],"items_purged_floors":[],"is_endless":false,"potions_floor_spawned":[7,16,18,21,22,24,33,38],"ascension_level":12}