{"gold_per_floor":[112,112,112,128,145,145,157,192,253,265,293,305,331,343,355,367],"floor_reached":16,"playtime":528,"items_purged":[],"score":108,"play_id":"48358531-9cc4-4c1b-8e76-bef5821fed26","local_time":"20190128151520","is_ascension_mode":true,"campfire_choices":[{"floor":6,"key":"DIG"},{"floor":12,"key":"REST"},{"floor":15,"key":"REST"}],"neow_cost":"TEN_PERCENT_HP_LOSS","seed_source_timestamp":15919213591927,"circlet_count":0,"master_deck":["Strike_R","Strike_R","Strike_R","Defend_R","Defend_R","Defend_R","Defend_R","Bash","Inflame"],"relics":["Burning Blood","Shovel","MawBank","Odd Mushroom","Centennial Puzzle","Frozen Egg 2"],"potions_floor_usage":[8,8],"damage_taken":[{"damage":7,"enemies":"Jaw Worm","floor":1,"turns":3},{"damage":0,"enemies":"Small Slimes","floor":4,"turns":3},{"damage":10,"enemies":"2 Louse","floor":5,"turns":3},{"damage":50,"enemies":"The Mushroom Lair","floor":8,"turns":5},{"damage":9,"enemies":"2 Fungi Beasts","floor":11,"turns":4},{"damage":12,"enemies":"Blue Slaver","floor":13,"turns":6},{"damage":0,"enemies":"The Guardian","floor":16,"turns":2}],"seed_played":"-2542197155425153604","potions_obtained":[{"floor":4,"key":"Energy Potion"},{"floor":5,"key":"Poison Potion"},{"floor":11,"key":"Energy Potion"}],"is_trial":false,"path_per_floor":["M","?","?","M","M","R","$","?","T","?","M","R","M","?","R","B"],"character_chosen":"IRONCLAD","items_purchased":[],"campfire_rested":2,"item_purchase_floors":[],"current_hp_per_floor":[71,64,64,70,66,66,66,22,22,22,19,40,34,16,37,37],"gold":367,"neow_bonus":"ONE_RARE_RELIC","is_prod":false,"is_daily":false,"chose_seed":false,"campfire_upgraded":0,"win_rate":0,"timestamp":1548656120,"path_taken":["M","?","?","M","M","R","$","?","T","?","M","R","M","?","R","BOSS"],"build_version":"2019-01-23","purchased_purges":0,"victory":false,"max_hp_per_floor":[72,72,72,72,72,72,72,72,72,72,72,72,72,72,72,72],"card_choices":[{"not_picked":["Warcry","Entrench"],"picked":"Inflame","floor":1},{"not_picked":["Iron Wave","Sever Soul","Cleave"],"picked":"SKIP","floor":4},{"not_picked":["Bloodletting","Dual Wield","Anger"],"picked":"SKIP","floor":5},{"not_picked":["Flex","Thunderclap","Feel No Pain"],"picked":"SKIP","floor":11},{"not_picked":["Anger","Warcry","Blood for Blood"],"picked":"SKIP","floor":13}],"player_experience":110306,"relics_obtained":[{"floor":6,"key":"MawBank"},{"floor":8,"key":"Odd Mushroom"},{"floor":9,"key":"Centennial Puzzle"}],"event_choices":[{"cards_removed":["Strike_R"],"damage_healed":0,"gold_gain":0,"player_choice":"Card Removal","damage_taken":7,"max_hp_gain":0,"max_hp_loss":0,"event_name":"Golden Wing","floor":2,"gold_loss":0},{"cards_removed":["Strike_R"],"damage_healed":0,"gold_gain":0,"player_choice":"Forget","damage_taken":0,"max_hp_gain":0,"max_hp_loss":0,"event_name":"Living Wall","floor":3,"gold_loss":0},{"damage_healed":0,"gold_gain":0,"player_choice":"Fought Mushrooms","damage_taken":0,"max_hp_gain":0,"max_hp_loss":0,"event_name":"Mushrooms","floor":8,"gold_loss":0},{"damage_healed":0,"gold_gain":0,"player_choice":"Ignored","damage_taken":0,"max_hp_gain":0,"max_hp_loss":0,"event_name":"Shining Light","floor":10,"gold_loss":0},{"damage_healed":0,"gold_gain":0,"player_choice":"Success","damage_taken":18,"relics_obtained":["Frozen Egg 2"],"max_hp_gain":0,"max_hp_loss":0,"event_name":"Scrap Ooze","floor":14,"gold_loss":0}],"is_beta":false,"boss_relics":[],"items_purged_floors":[],"is_endless":false,"potions_floor_spawned":[4,5,11],"killed_by":"The Guardian","ascension_level":4}