{"gold_per_floor":[364,382,382,99,99,128,128,143,192,211,35,35,35,55,55,160,160,178,93,110,110,129,129,163,183,207,82,82,181,198,230,230,335,335,348,348,570,570,585,585,619,637,637,637,656,656,685,26,26,26],"floor_reached":51,"playtime":2997,"items_purged":["Strike_R","Strike_R","Writhe","Strike_R+1"],"score":992,"play_id":"9fcf67b1-01d1-4d92-b0d3-417eaa284c9c","local_time":"20190203011341","is_ascension_mode":true,"campfire_choices":[{"floor":7,"key":"REST"},{"data":"Whirlwind","floor":12,"key":"SMITH"},{"data":"Shrug It Off","floor":15,"key":"SMITH"},{"data":"Bash","floor":23,"key":"SMITH"},{"data":"Limit Break","floor":28,"key":"SMITH"},{"data":"Defend_R","floor":32,"key":"SMITH"},{"floor":40,"key":"REST"},{"floor":44,"key":"REST"},{"data":"Defend_R","floor":46,"key":"SMITH"},{"floor":49,"key":"REST"}],"neow_cost":"PERCENT_DAMAGE","seed_source_timestamp":8507422573261,"circlet_count":0,"master_deck":["Strike_R+1","Strike_R+1","Defend_R+1","Defend_R","Defend_R+1","Bash+1","Pommel Strike+1","Shrug It Off+1","Spot Weakness","Whirlwind+1","Immolate","Limit Break+1","Intimidate+1","Limit Break+1"],"relics":["Burning Blood","ClockworkSouvenir","Anchor","Whetstone","Cursed Key","Vajra","Champion Belt","Omamori","Orichalcum","Red Mask","Black Star","Bottled Flame","Turnip","Mummified Hand","Pantograph","Ornamental Fan","Bag of Preparation","DollysMirror","Regal Pillow"],"potions_floor_usage":[16,22,22,24,33,33,33,47,50,50],"damage_taken":[{"damage":0,"enemies":"Small Slimes","floor":1,"turns":3},{"damage":9,"enemies":"Jaw Worm","floor":2,"turns":3},{"damage":28,"enemies":"Gremlin Nob","floor":6,"turns":4},{"damage":0,"enemies":"Cultist","floor":8,"turns":2},{"damage":0,"enemies":"Looter","floor":10,"turns":2},{"damage":9,"enemies":"Exordium Thugs","floor":14,"turns":5},{"damage":29,"enemies":"The Guardian","floor":16,"turns":12},{"damage":0,"enemies":"Spheric Guardian","floor":18,"turns":3},{"damage":5,"enemies":"Shell Parasite","floor":20,"turns":5},{"damage":26,"enemies":"Sentry and Sphere","floor":22,"turns":5},{"damage":37,"enemies":"Book of Stabbing","floor":24,"turns":6},{"damage":0,"enemies":"Snecko","floor":25,"turns":4},{"damage":0,"enemies":"Cultist and Chosen","floor":30,"turns":4},{"damage":0,"enemies":"Masked Bandits","floor":31,"turns":3},{"damage":49,"enemies":"Automaton","floor":33,"turns":7},{"damage":17,"enemies":"3 Shapes","floor":35,"turns":4},{"damage":15,"enemies":"3 Darklings","floor":39,"turns":4},{"damage":25,"enemies":"Reptomancer","floor":41,"turns":5},{"damage":35,"enemies":"Writhing Mass","floor":42,"turns":5},{"damage":1,"enemies":"Transient","floor":45,"turns":5},{"damage":31,"enemies":"Nemesis","floor":47,"turns":7},{"damage":28,"enemies":"Time Eater","floor":50,"turns":6}],"seed_played":"6887518124009026116","potions_obtained":[{"floor":6,"key":"AttackPotion"},{"floor":8,"key":"BloodPotion"},{"floor":10,"key":"EssenceOfSteel"},{"floor":18,"key":"FearPotion"},{"floor":22,"key":"AttackPotion"},{"floor":24,"key":"Poison Potion"},{"floor":30,"key":"Dexterity Potion"},{"floor":38,"key":"SpeedPotion"},{"floor":38,"key":"Regen Potion"},{"floor":38,"key":"GamblersBrew"},{"floor":42,"key":"Strength Potion"},{"floor":47,"key":"Block Potion"}],"is_trial":false,"path_per_floor":["M","M","?","$","?","E","R","M","T","M","$","R","?","M","R","B",null,"M","?","M","?","M","R","E","M","T","$","R","?","M","?","R","B",null,"M","?","?","?","M","R","E","M","T","R","M","R","E","$","R","B",null],"character_chosen":"IRONCLAD","items_purchased":["ClockworkSouvenir","Whirlwind","Bag of Preparation","DollysMirror","Regal Pillow"],"campfire_rested":4,"item_purchase_floors":[4,11,48,48,48],"current_hp_per_floor":[57,54,38,38,38,16,40,46,46,52,52,52,57,54,54,31,72,78,78,79,79,59,59,28,34,34,34,34,34,40,46,46,11,67,56,56,56,56,47,72,53,24,24,49,54,54,29,29,69,63],"gold":26,"neow_bonus":"TWO_FIFTY_GOLD","is_prod":false,"is_daily":false,"chose_seed":false,"campfire_upgraded":6,"win_rate":0,"timestamp":1549124021,"path_taken":["M","M","?","$","?","E","R","?","T","M","$","R","?","M","R","BOSS","M","?","M","?","M","R","E","M","T","?","R","?","M","?","R","BOSS","M","?","?","?","M","R","E","?","T","R","?","R","E","$","R","BOSS"],"build_version":"2019-01-23","purchased_purges":4,"victory":true,"max_hp_per_floor":[80,80,80,80,80,80,80,80,80,80,80,80,85,85,85,85,85,85,85,85,85,85,85,85,85,85,85,85,85,85,85,85,85,85,85,85,85,85,85,85,85,85,85,85,85,85,85,85,85,85],"card_choices":[{"not_picked":["Clothesline","Anger"],"picked":"Pommel Strike","floor":1},{"not_picked":["Armaments","Cleave"],"picked":"Shrug It Off","floor":2},{"not_picked":["Iron Wave","Cleave"],"picked":"Spot Weakness","floor":6},{"not_picked":["Flex","Ghostly Armor","Shrug It Off"],"picked":"SKIP","floor":8},{"not_picked":["Thunderclap","Sword Boomerang","Headbutt"],"picked":"SKIP","floor":10},{"not_picked":["Combust","Thunderclap"],"picked":"Immolate","floor":14},{"not_picked":["Offering","Double Tap"],"picked":"Limit Break","floor":16},{"not_picked":["Shrug It Off","Havoc","Dropkick+1"],"picked":"SKIP","floor":18},{"not_picked":["Sentinel","Heavy Blade"],"picked":"Intimidate+1","floor":20},{"not_picked":["Whirlwind","Headbutt","Warcry"],"picked":"SKIP","floor":22},{"not_picked":["Clash","Berserk","Thunderclap"],"picked":"SKIP","floor":24},{"not_picked":["Warcry+1","Armaments","Clash+1"],"picked":"SKIP","floor":25},{"not_picked":["Searing Blow","Combust","Infernal Blade"],"picked":"SKIP","floor":30},{"not_picked":["Cleave+1","Rupture+1","Perfected Strike"],"picked":"SKIP","floor":35},{"not_picked":["Perfected Strike+1","Heavy Blade","Flex"],"picked":"SKIP","floor":39},{"not_picked":["Flex+1","Power Through+1","Sword Boomerang"],"picked":"SKIP","floor":41},{"not_picked":["Cleave+1","Rage+1","Havoc"],"picked":"SKIP","floor":42},{"not_picked":["Clothesline","Perfected Strike+1","Anger"],"picked":"SKIP","floor":45},{"not_picked":["Reaper","Armaments+1","Heavy Blade"],"picked":"SKIP","floor":47}],"player_experience":152020,"relics_obtained":[{"floor":6,"key":"Anchor"},{"floor":9,"key":"Whetstone"},{"floor":24,"key":"Omamori"},{"floor":26,"key":"Orichalcum"},{"floor":31,"key":"Red Mask"},{"floor":41,"key":"Bottled Flame"},{"floor":41,"key":"Turnip"},{"floor":43,"key":"Mummified Hand"},{"floor":47,"key":"Pantograph"},{"floor":47,"key":"Ornamental Fan"}],"event_choices":[{"damage_healed":0,"gold_gain":0,"player_choice":"Entered Light","damage_taken":16,"max_hp_gain":0,"max_hp_loss":0,"event_name":"Shining Light","floor":3,"gold_loss":0,"cards_upgraded":["Strike_R","Defend_R"]},{"damage_healed":0,"gold_gain":0,"player_choice":"Forge","damage_taken":0,"max_hp_gain":0,"max_hp_loss":0,"event_name":"Accursed Blacksmith","floor":5,"gold_loss":0,"cards_upgraded":["Pommel Strike"]},{"damage_healed":0,"gold_gain":0,"player_choice":"Donut","damage_taken":0,"max_hp_gain":5,"max_hp_loss":0,"event_name":"Big Fish","floor":13,"gold_loss":0},{"damage_healed":0,"gold_gain":0,"player_choice":"Obtained Relic","damage_taken":0,"relics_obtained":["Vajra"],"max_hp_gain":0,"max_hp_loss":0,"event_name":"Addict","floor":19,"gold_loss":85},{"damage_healed":0,"gold_gain":0,"player_choice":"Opened","damage_taken":0,"relics_obtained":["Champion Belt"],"max_hp_gain":0,"max_hp_loss":0,"event_name":"The Mausoleum","floor":21,"gold_loss":0,"cards_obtained":["Writhe"]},{"damage_healed":0,"gold_gain":99,"player_choice":"Stole From Cult","damage_taken":0,"max_hp_gain":0,"max_hp_loss":0,"event_name":"Nest","floor":29,"gold_loss":0},{"damage_healed":0,"gold_gain":0,"player_choice":"Fought Bandits","damage_taken":0,"max_hp_gain":0,"max_hp_loss":0,"event_name":"Masked Bandits","floor":31,"gold_loss":0},{"cards_removed":["Defend_R"],"damage_healed":0,"gold_gain":0,"player_choice":"Removed Skill","damage_taken":0,"max_hp_gain":0,"max_hp_loss":0,"event_name":"Falling","floor":36,"gold_loss":0},{"damage_healed":0,"gold_gain":222,"player_choice":"Wore Mask","damage_taken":0,"max_hp_gain":0,"max_hp_loss":0,"event_name":"Tomb of Lord Red Mask","floor":37,"gold_loss":0},{"damage_healed":0,"gold_gain":0,"player_choice":"Got Potions","damage_taken":0,"max_hp_gain":0,"max_hp_loss":0,"event_name":"Lab","floor":38,"gold_loss":0}],"is_beta":false,"boss_relics":[{"not_picked":["Mark of Pain","Runic Pyramid"],"picked":"Cursed Key"},{"not_picked":["Snecko Eye","Coffee Dripper"],"picked":"Black Star"}],"items_purged_floors":[4,11,27,48],"is_endless":false,"potions_floor_spawned":[6,8,10,18,22,24,30,42,47],"ascension_level":7}