{"gold_per_floor":[119,119,119,137,137,137,170,170,196,214,241,255,255,272,272,369],"floor_reached":16,"playtime":212,"items_purged":[],"score":250,"play_id":"71246e4d-0111-42f6-8050-ad7a2b3a25f1","local_time":"20190130022133","is_ascension_mode":false,"campfire_choices":[{"data":"Anger","floor":6,"key":"SMITH"},{"data":"Clash","floor":13,"key":"SMITH"},{"data":"Clash","floor":15,"key":"SMITH"}],"neow_cost":"","seed_source_timestamp":0,"circlet_count":0,"master_deck":["Anger+1","Clash+1","Anger","Clash+1","Anger","Clash"],"relics":["Burning Blood","Unceasing Top","PreservedInsect","infinitespire:Lucky Rock","Odd Mushroom"],"potions_floor_usage":[],"damage_taken":[{"damage":0,"enemies":"Cultist","floor":1,"turns":1},{"damage":0,"enemies":"Small Slimes","floor":4,"turns":1},{"damage":0,"enemies":"Gremlin Nob","floor":7,"turns":1},{"damage":0,"enemies":"2 Louse","floor":10,"turns":2},{"damage":0,"enemies":"The Mushroom Lair","floor":11,"turns":1},{"damage":0,"enemies":"2 Fungi Beasts","floor":12,"turns":1},{"damage":0,"enemies":"Looter","floor":14,"turns":1},{"damage":0,"enemies":"The Guardian","floor":16,"turns":1}],"seed_played":"-4562753163317292670","potions_obtained":[{"floor":7,"key":"Swift Potion"},{"floor":10,"key":"Strength Potion"},{"floor":11,"key":"AttackPotion"}],"is_trial":true,"path_per_floor":["M","$","?","M","?","R","E","?","T","M","?","M","R","M","R","B"],"character_chosen":"IRONCLAD","items_purchased":[],"campfire_rested":0,"item_purchase_floors":[],"current_hp_per_floor":[80,80,80,80,80,80,80,80,80,80,80,80,80,80,80,80],"gold":369,"neow_bonus":"","is_prod":false,"is_daily":false,"chose_seed":false,"campfire_upgraded":3,"win_rate":0,"timestamp":1548832893,"path_taken":["M","$","?","M","?","R","E","?","T","?","?","M","R","M","R","BOSS"],"build_version":"2019-01-23","purchased_purges":0,"victory":false,"max_hp_per_floor":[80,80,80,80,80,80,80,80,80,80,80,80,80,80,80,80],"card_choices":[{"not_picked":["Iron Wave","Sword Boomerang","Clothesline"],"picked":"SKIP","floor":1},{"not_picked":["Headbutt","Thunderclap","Uppercut"],"picked":"SKIP","floor":4},{"not_picked":["Seeing Red","Cleave","Bludgeon"],"picked":"SKIP","floor":7},{"not_picked":["True Grit","Sever Soul","Metallicize"],"picked":"SKIP","floor":10},{"not_picked":["Intimidate","Havoc","Clothesline"],"picked":"SKIP","floor":12},{"not_picked":["Feel No Pain","Sentinel","Body Slam"],"picked":"SKIP","floor":14}],"player_experience":521889,"relics_obtained":[{"floor":7,"key":"PreservedInsect"},{"floor":9,"key":"infinitespire:Lucky Rock"},{"floor":11,"key":"Odd Mushroom"}],"event_choices":[{"damage_healed":0,"gold_gain":0,"player_choice":"Ignored","damage_taken":0,"max_hp_gain":0,"max_hp_loss":0,"event_name":"Shining Light","floor":3,"gold_loss":0},{"damage_healed":0,"gold_gain":0,"player_choice":"Ignored","damage_taken":0,"max_hp_gain":0,"max_hp_loss":0,"event_name":"Golden Idol","floor":5,"gold_loss":0},{"damage_healed":0,"gold_gain":0,"player_choice":"Leave","damage_taken":0,"max_hp_gain":0,"max_hp_loss":0,"event_name":"The Cleric","floor":8,"gold_loss":0},{"damage_healed":0,"gold_gain":0,"player_choice":"Fought Mushrooms","damage_taken":0,"max_hp_gain":0,"max_hp_loss":0,"event_name":"Mushrooms","floor":11,"gold_loss":0}],"is_beta":false,"boss_relics":[],"items_purged_floors":[],"is_endless":false,"potions_floor_spawned":[7,10,11,16],"killed_by":"The Guardian","ascension_level":0}