{"gold_per_floor":[111,124,124,54,68,68,68,102,102,137,147,147,147,160,160,261,261,281,247,172,187,206,206],"floor_reached":23,"playtime":1679,"items_purged":["Strike_G"],"score":213,"play_id":"819ca4bd-0bce-4194-8f8e-3a1d317b1151","local_time":"20190210225646","is_ascension_mode":true,"campfire_choices":[{"data":"Accuracy","floor":6,"key":"SMITH"},{"data":"Envenom","floor":12,"key":"SMITH"},{"data":"Blur","floor":15,"key":"SMITH"}],"neow_cost":"NONE","seed_source_timestamp":1278728709122060,"circlet_count":0,"master_deck":["Defend_G","Defend_G","Defend_G","Defend_G","Defend_G","Strike_G","Strike_G","Strike_G","Strike_G","Survivor","Neutralize","Bane+1","Cloak And Dagger","Accuracy+1","Blade Dance","Catalyst","Noxious Fumes","Envenom+1","Blur+1","Burst","Blur","Bane","Blur+1","Bane"],"relics":["Ring of the Snake","NeowsBlessing","Peace Pipe","Torii","Boot","Gambling Chip","Sozu"],"potions_floor_usage":[8,11,16,18],"damage_taken":[{"damage":0,"enemies":"Cultist","floor":1,"turns":1},{"damage":0,"enemies":"2 Louse","floor":2,"turns":1},{"damage":0,"enemies":"Jaw Worm","floor":5,"turns":1},{"damage":9,"enemies":"Lagavulin","floor":8,"turns":9},{"damage":29,"enemies":"Gremlin Nob","floor":10,"turns":5},{"damage":0,"enemies":"Large Slime","floor":11,"turns":5},{"damage":0,"enemies":"Red Slaver","floor":14,"turns":4},{"damage":8,"enemies":"The Guardian","floor":16,"turns":11},{"damage":1,"enemies":"Spheric Guardian","floor":18,"turns":4},{"damage":14,"enemies":"2 Thieves","floor":19,"turns":5},{"damage":22,"enemies":"Snecko","floor":21,"turns":5},{"damage":0,"enemies":"Centurion and Healer","floor":22,"turns":7},{"damage":50,"enemies":"Slavers","floor":23,"turns":4}],"seed_played":"-3828872274144222514","potions_obtained":[{"floor":5,"key":"PowerPotion"},{"floor":10,"key":"LiquidBronze"},{"floor":14,"key":"SpeedPotion"},{"floor":16,"key":"Block Potion"}],"is_trial":false,"path_per_floor":["M","M","?","$","M","R","?","E","T","E","M","R","?","M","R","B",null,"M","M","$","M","M","E"],"character_chosen":"THE_SILENT","items_purchased":["Accuracy"],"campfire_rested":0,"item_purchase_floors":[4],"current_hp_per_floor":[70,70,70,70,70,70,75,66,66,37,37,37,37,37,37,29,75,74,60,60,38,38,0],"gold":206,"neow_bonus":"THREE_ENEMY_KILL","is_prod":false,"is_daily":false,"chose_seed":false,"campfire_upgraded":3,"win_rate":0,"timestamp":1549857406,"path_taken":["M","M","?","?","M","R","?","E","T","E","M","R","?","?","R","BOSS","M","M","$","M","M","E"],"build_version":"2019-01-23","purchased_purges":1,"victory":false,"max_hp_per_floor":[70,70,70,70,70,70,75,75,75,75,75,75,75,75,75,75,75,75,75,75,75,75,75],"card_choices":[{"not_picked":["Underhanded Strike","Endless Agony"],"picked":"Bane","floor":1},{"not_picked":["Backstab","Finisher"],"picked":"Cloak And Dagger","floor":2},{"not_picked":["Underhanded Strike","Slice"],"picked":"Blade Dance","floor":5},{"not_picked":["Blade Dance","Masterful Stab"],"picked":"Catalyst","floor":8},{"not_picked":["Endless Agony","Flying Knee"],"picked":"Noxious Fumes","floor":10},{"not_picked":["Riddle With Holes","Poisoned Stab"],"picked":"Envenom","floor":11},{"not_picked":["Acrobatics","Underhanded Strike"],"picked":"Blur","floor":14},{"not_picked":["Tools of the Trade","Storm of Steel"],"picked":"Burst","floor":16},{"not_picked":["Prepared","Backflip"],"picked":"Blur","floor":18},{"not_picked":["Dagger Throw","Deflect+1"],"picked":"Bane","floor":19},{"not_picked":["Setup","PiercingWail"],"picked":"Blur+1","floor":21},{"not_picked":["Flying Knee","Setup"],"picked":"Bane","floor":22}],"player_experience":99724,"relics_obtained":[{"floor":8,"key":"Peace Pipe"},{"floor":9,"key":"Torii"},{"floor":10,"key":"Boot"},{"floor":13,"key":"Gambling Chip"}],"event_choices":[{"damage_healed":0,"gold_gain":0,"player_choice":"Forge","damage_taken":0,"max_hp_gain":0,"max_hp_loss":0,"event_name":"Accursed Blacksmith","floor":3,"gold_loss":0,"cards_upgraded":["Bane"]},{"damage_healed":0,"gold_gain":0,"player_choice":"Donut","damage_taken":0,"max_hp_gain":5,"max_hp_loss":0,"event_name":"Big Fish","floor":7,"gold_loss":0},{"damage_healed":0,"gold_gain":0,"player_choice":"Relic","damage_taken":0,"max_hp_gain":0,"max_hp_loss":0,"event_name":"Wheel of Change","floor":13,"gold_loss":0}],"is_beta":false,"boss_relics":[{"not_picked":["Runic Pyramid","Snecko Eye"],"picked":"Sozu"}],"items_purged_floors":[20],"is_endless":false,"potions_floor_spawned":[5,10,14,16,18,21,22],"killed_by":"Slavers","ascension_level":1}