{"gold_per_floor":[114,134,134,146,71,71,71,102,102,130,144,144,156,156,156,156],"floor_reached":16,"playtime":848,"items_purged":["Doubt"],"score":193,"play_id":"7790baf7-de40-484d-8018-9c2d49aa89c9","local_time":"20190125210736","is_ascension_mode":true,"campfire_choices":[{"data":"Rampage","floor":6,"key":"SMITH"},{"floor":12,"key":"REST"},{"data":"True Grit","floor":15,"key":"SMITH"}],"neow_cost":"CURSE","seed_source_timestamp":553078333502325,"circlet_count":0,"master_deck":["AscendersBane","Strike_R","Strike_R","Strike_R","Strike_R","Defend_R","Defend_R","Defend_R","Defend_R","Bash","Rampage+1","Shrug It Off","True Grit","True Grit+1","Shrug It Off","Headbutt"],"relics":["Burning Blood","Calipers","Bottled Lightning","Ancient Tea Set","Red Skull"],"potions_floor_usage":[8,8,10],"damage_taken":[{"damage":14,"enemies":"Small Slimes","floor":1,"turns":6},{"damage":13,"enemies":"2 Louse","floor":2,"turns":4},{"damage":12,"enemies":"Jaw Worm","floor":4,"turns":2},{"damage":15,"enemies":"Lagavulin","floor":8,"turns":7},{"damage":18,"enemies":"Gremlin Nob","floor":10,"turns":4},{"damage":18,"enemies":"Lots of Slimes","floor":11,"turns":5},{"damage":3,"enemies":"2 Fungi Beasts","floor":13,"turns":3},{"damage":34,"enemies":"Slime Boss","floor":16,"turns":7}],"seed_played":"-7723947086658694410","potions_obtained":[{"floor":2,"key":"Explosive Potion"},{"floor":4,"key":"Fire Potion"},{"floor":8,"key":"Explosive Potion"}],"is_trial":false,"path_per_floor":["M","M","?","M","$","R","$","E","T","E","M","R","M","?","R","B"],"character_chosen":"IRONCLAD","items_purchased":[],"campfire_rested":1,"item_purchase_floors":[],"current_hp_per_floor":[60,53,53,47,47,47,47,38,38,26,14,36,39,32,32,0],"gold":156,"neow_bonus":"ONE_RARE_RELIC","is_prod":false,"is_daily":false,"chose_seed":false,"campfire_upgraded":2,"win_rate":0,"timestamp":1548450456,"path_taken":["M","M","?","M","$","R","$","E","T","E","M","R","M","?","R","BOSS"],"build_version":"2019-01-23","purchased_purges":1,"victory":false,"max_hp_per_floor":[75,75,75,75,75,75,75,75,75,75,75,75,75,75,75,75],"card_choices":[{"not_picked":["Shrug It Off","Armaments"],"picked":"Rampage","floor":1},{"not_picked":["Twin Strike","Rampage"],"picked":"Shrug It Off","floor":2},{"not_picked":["Havoc","Perfected Strike"],"picked":"True Grit","floor":4},{"not_picked":["Inflame","Brutality","Wild Strike"],"picked":"SKIP","floor":8},{"not_picked":["Body Slam","Wild Strike"],"picked":"True Grit","floor":10},{"not_picked":["Pommel Strike","Pummel"],"picked":"Shrug It Off","floor":11},{"not_picked":["Dark Embrace","Armaments"],"picked":"Headbutt","floor":13}],"player_experience":1233297,"relics_obtained":[{"floor":8,"key":"Bottled Lightning"},{"floor":9,"key":"Ancient Tea Set"},{"floor":10,"key":"Red Skull"}],"event_choices":[{"damage_healed":0,"gold_gain":0,"player_choice":"Ignored","damage_taken":0,"max_hp_gain":0,"max_hp_loss":0,"event_name":"Liars Game","floor":3,"gold_loss":0},{"cards_removed":["Strike_R"],"damage_healed":0,"gold_gain":0,"player_choice":"Card Removal","damage_taken":7,"max_hp_gain":0,"max_hp_loss":0,"event_name":"Golden Wing","floor":14,"gold_loss":0}],"is_beta":false,"boss_relics":[],"items_purged_floors":[5],"is_endless":false,"potions_floor_spawned":[2,4,8],"killed_by":"Slime Boss","ascension_level":15}