{"gold_per_floor":[119,138,138,151,163,193,193,223,223,223,256,256,59,78,78,179,179,199,2,2,20,31,31,31,65,65,85,85],"floor_reached":28,"playtime":1869,"items_purged":[],"score":335,"play_id":"0edd47dd-35ae-4338-8386-2615b14a3bb4","local_time":"20180924101108","is_ascension_mode":true,"campfire_choices":[{"floor":7,"key":"REST"},{"data":"Chaos","floor":10,"key":"SMITH"},{"data":"Redo","floor":15,"key":"SMITH"},{"data":"Dualcast","floor":23,"key":"SMITH"}],"neow_cost":"","seed_source_timestamp":0,"circlet_count":0,"master_deck":["Strike_B","Strike_B","Strike_B","Strike_B","Defend_B","Defend_B","Defend_B","Defend_B","Zap","Dualcast+1","Chaos+1","Auto Shields","Streamline","Redo+1","White Noise","FTL","Echo Form","BootSequence+1","Storm+1","Barrage+1"],"special_seed":0,"relics":["Cracked Core","Ancient Tea Set","Omamori","Emotion Chip","Kunai","Cables","Symbiotic Virus","Lee\u0027s Waffle","Nuclear Battery","Runic Capacitor","MutagenicStrength","Frozen Egg 2","Pear"],"potions_floor_usage":[6,8,16,22],"damage_taken":[{"damage":0,"enemies":"Cultist","floor":1,"turns":4},{"damage":1,"enemies":"2 Louse","floor":2,"turns":2},{"damage":0,"enemies":"Small Slimes","floor":4,"turns":3},{"damage":9,"enemies":"2 Fungi Beasts","floor":5,"turns":4},{"damage":27,"enemies":"Lagavulin","floor":6,"turns":8},{"damage":12,"enemies":"Gremlin Nob","floor":8,"turns":3},{"damage":19,"enemies":"3 Sentries","floor":11,"turns":7},{"damage":9,"enemies":"Blue Slaver","floor":14,"turns":4},{"damage":35,"enemies":"Hexaghost","floor":16,"turns":5},{"damage":13,"enemies":"3 Byrds","floor":18,"turns":4},{"damage":0,"enemies":"Chosen","floor":21,"turns":4},{"damage":19,"enemies":"Centurion and Healer","floor":22,"turns":5},{"damage":24,"enemies":"Book of Stabbing","floor":25,"turns":4},{"damage":1,"enemies":"Cultist and Chosen","floor":27,"turns":3},{"damage":48,"enemies":"Gremlin Leader","floor":28,"turns":2}],"seed_played":"6257371231342819580","potions_obtained":[{"floor":4,"key":"AttackPotion"},{"floor":5,"key":"GamblersBrew"},{"floor":11,"key":"Swift Potion"},{"floor":21,"key":"Weak Potion"},{"floor":27,"key":"Swift Potion"}],"is_trial":false,"path_per_floor":["M","M","?","M","M","E","R","E","T","R","E","?","$","M","R","B",null,"M","$","?","M","M","R","$","E","T","M"],"character_chosen":"DEFECT","items_purchased":["Lee\u0027s Waffle","Runic Capacitor"],"campfire_rested":1,"item_purchase_floors":[13,19],"current_hp_per_floor":[75,74,49,49,40,13,35,23,23,23,4,4,82,73,73,38,82,69,69,69,76,57,57,57,33,43,42,0],"gold":85,"neow_bonus":"","is_prod":false,"is_daily":false,"chose_seed":false,"campfire_upgraded":3,"win_rate":0,"timestamp":1537805468,"path_taken":["M","?","?","M","M","E","R","E","T","R","E","?","$","M","R","BOSS","M","?","?","M","M","R","$","E","T","M","E"],"build_version":"2018-09-20","purchased_purges":0,"victory":false,"max_hp_per_floor":[75,75,75,75,75,75,75,75,75,75,75,75,82,82,82,82,82,82,82,82,82,82,82,82,82,92,92,92],"card_choices":[{"not_picked":["Hologram","Rebound"],"picked":"Chaos","floor":1},{"not_picked":["Beam Cell","Force Field"],"picked":"Auto Shields","floor":2},{"not_picked":["Darkness","Turbo"],"picked":"Streamline","floor":4},{"not_picked":["Steam Power","Conserve Battery"],"picked":"Redo","floor":5},{"not_picked":["Conserve Battery","Rainbow","Steam"],"picked":"SKIP","floor":6},{"not_picked":["Chaos","Gash","Auto Shields"],"picked":"SKIP","floor":8},{"not_picked":["Reboot","Beam Cell"],"picked":"White Noise","floor":11},{"not_picked":["Rebound","Cold Snap"],"picked":"FTL","floor":14},{"not_picked":["Buffer","Multi-Cast"],"picked":"Echo Form","floor":16},{"not_picked":["Rebound","Melter+1"],"picked":"BootSequence+1","floor":18},{"not_picked":["Gash","Coolheaded"],"picked":"Storm+1","floor":21},{"not_picked":["Go for the Eyes","Coolheaded","White Noise"],"picked":"SKIP","floor":22},{"not_picked":["Genetic Algorithm","Sunder","Hyperbeam"],"picked":"SKIP","floor":25},{"not_picked":["Reinforced Body","Gash"],"picked":"Barrage+1","floor":27}],"player_experience":180703,"relics_obtained":[{"floor":6,"key":"Omamori"},{"floor":8,"key":"Emotion Chip"},{"floor":9,"key":"Kunai"},{"floor":11,"key":"Cables"},{"floor":25,"key":"Frozen Egg 2"},{"floor":26,"key":"Pear"}],"event_choices":[{"event_name":"Scrap Ooze","player_choice":"success","floor":3,"damage_taken":25},{"event_name":"Dead Adventurer","player_choice":"Searched \u00271\u0027 times","floor":12,"damage_taken":0},{"event_name":"Drug Dealer","player_choice":"Inject Mutagens","floor":20,"damage_taken":0}],"is_beta":false,"boss_relics":[{"not_picked":["Lizard Tail","Astrolabe"],"picked":"Nuclear Battery"}],"items_purged_floors":[],"is_endless":false,"potions_floor_spawned":[4,5,11,21,27],"killed_by":"Gremlin Leader","ascension_level":4}