{"gold_per_floor":[111,111,127,77,77,77,110,133,185,210,210,230,246,275,275,398,398,422,422,437,26,47,47,47,47,47,47,61,96,96,167,167,290,290,305,605,628,372,372,372,372,372,372,386,386],"floor_reached":45,"playtime":1275,"items_purged":["Strike_G","Writhe"],"score":649,"play_id":"289ff27d-72b7-479a-b04b-1110398a86a4","local_time":"20180916154236","is_ascension_mode":true,"campfire_choices":[{"data":"Noxious Fumes","floor":6,"key":"SMITH"},{"floor":11,"key":"REST"},{"data":"Bouncing Flask","floor":15,"key":"SMITH"},{"data":"Catalyst","floor":23,"key":"SMITH"},{"data":"Noxious Fumes","floor":25,"key":"SMITH"},{"data":"Noxious Fumes","floor":27,"key":"SMITH"},{"floor":32,"key":"REST"},{"data":"Escape Plan","floor":40,"key":"SMITH"},{"data":"Bouncing Flask","floor":42,"key":"SMITH"}],"neow_cost":"NONE","seed_source_timestamp":9442470694850,"circlet_count":0,"master_deck":["Defend_G+1","Defend_G+1","Defend_G+1","Defend_G+1","Defend_G+1","Strike_G+1","Strike_G+1","Strike_G+1","Survivor","Neutralize+1","Noxious Fumes+1","Bouncing Flask+1","Poisoned Stab","Crippling Poison","Corpse Explosion","Noxious Fumes+1","Catalyst+1","Noxious Fumes+1","Bouncing Flask+1","Shame","Pain","Escape Plan+1","Finesse"],"special_seed":0,"relics":["Ring of the Snake","Golden Idol","Oddly Smooth Stone","Pen Nib","Odd Mushroom","Sozu","Snake Skull","Membership Card","Blood Vial","Sundial","Tiny Chest","Calling Bell","Potion Belt","Pear","Dead Branch","Smiling Mask","Dodecahedron","Regal Pillow","Girya"],"potions_floor_usage":[14,29,33],"damage_taken":[{"damage":0,"enemies":"2 Louse","floor":1,"turns":4},{"damage":1,"enemies":"Small Slimes","floor":3,"turns":4},{"damage":25,"enemies":"Lagavulin","floor":7,"turns":8},{"damage":4,"enemies":"Cultist","floor":8,"turns":3},{"damage":3,"enemies":"Blue Slaver","floor":10,"turns":4},{"damage":3,"enemies":"Large Slime","floor":12,"turns":5},{"damage":9,"enemies":"2 Fungi Beasts","floor":13,"turns":3},{"damage":3,"enemies":"The Mushroom Lair","floor":14,"turns":4},{"damage":18,"enemies":"The Guardian","floor":16,"turns":7},{"damage":0,"enemies":"Spheric Guardian","floor":18,"turns":3},{"damage":0,"enemies":"Chosen","floor":20,"turns":3},{"damage":1,"enemies":"Snecko","floor":22,"turns":4},{"damage":20,"enemies":"Shelled Parasite and Fungi","floor":28,"turns":3},{"damage":0,"enemies":"Slavers","floor":29,"turns":3},{"damage":7,"enemies":"Book of Stabbing","floor":31,"turns":3},{"damage":37,"enemies":"Collector","floor":33,"turns":4},{"damage":25,"enemies":"3 Darklings","floor":35,"turns":4},{"damage":6,"enemies":"Orb Walker","floor":44,"turns":3},{"damage":43,"enemies":"Jaw Worm Horde","floor":45,"turns":2}],"seed_played":"-4090520839665054854","potions_obtained":[{"floor":1,"key":"LiquidBronze"},{"floor":3,"key":"PowerPotion"},{"floor":8,"key":"Regen Potion"},{"floor":16,"key":"Energy Potion"}],"is_trial":false,"path_per_floor":["M","?","M","?","?","R","E","M","T","M","R","M","M","?","R","B",null,"M","?","M","$","M","R","?","R","T","R","M","E","?","E","R","B",null,"M","?","T","$","?","R","?","R","T","M"],"character_chosen":"THE_SILENT","items_purchased":["Snake Skull","Membership Card","Noxious Fumes","Dodecahedron","Regal Pillow"],"campfire_rested":2,"item_purchase_floors":[21,21,21,38,38],"current_hp_per_floor":[70,70,69,69,52,52,27,23,23,20,41,38,29,40,40,22,58,58,58,58,58,57,57,57,57,57,57,39,41,41,36,57,22,68,45,45,45,45,45,45,45,45,45,41,0],"gold":386,"neow_bonus":"UPGRADE_CARD","is_prod":false,"is_daily":false,"chose_seed":false,"campfire_upgraded":7,"win_rate":0,"timestamp":1537126956,"path_taken":["M","?","?","?","?","R","E","?","T","M","R","M","M","?","R","BOSS","M","?","M","$","M","R","?","R","T","R","?","E","?","E","R","BOSS","M","?","?","$","?","R","?","R","T","M","M"],"build_version":"2018-09-12","purchased_purges":2,"victory":false,"max_hp_per_floor":[70,70,70,70,70,70,70,70,70,70,70,70,70,70,70,70,70,70,70,70,70,70,70,70,70,70,70,70,70,70,70,70,70,80,80,80,80,80,80,80,80,80,80,80,80],"card_choices":[{"not_picked":["Accuracy","Setup","Dagger Throw"],"picked":"SKIP","floor":1},{"not_picked":["Backflip","Concentrate"],"picked":"Noxious Fumes","floor":3},{"not_picked":["Escape Plan","Outmaneuver"],"picked":"Bouncing Flask","floor":7},{"not_picked":["Slice","Deflect","Sucker Punch"],"picked":"SKIP","floor":8},{"not_picked":["Setup","Infinite Blades"],"picked":"Poisoned Stab","floor":10},{"not_picked":["Tactician","Finisher","Backstab"],"picked":"SKIP","floor":12},{"not_picked":["Setup","Leg Sweep"],"picked":"Crippling Poison","floor":13},{"not_picked":["After Image","Night Terror"],"picked":"Corpse Explosion","floor":16},{"not_picked":["Flying Knee","Deadly Poison+1"],"picked":"Noxious Fumes","floor":18},{"not_picked":["Accuracy","Dagger Spray","Blade Dance"],"picked":"SKIP","floor":20},{"not_picked":["Blade Dance+1","Eviscerate+1","Backstab"],"picked":"SKIP","floor":22},{"not_picked":["Backstab","Deflect","Dagger Spray+1"],"picked":"SKIP","floor":28},{"not_picked":["Accuracy","Masterful Stab+1","Poisoned Stab+1"],"picked":"SKIP","floor":29},{"not_picked":["Quick Slash","Tools of the Trade"],"picked":"Bouncing Flask","floor":31},{"not_picked":["Underhanded Strike","Endless Agony"],"picked":"Escape Plan","floor":35},{"not_picked":["Panacea","Dramatic Entrance"],"picked":"Finesse","floor":39},{"not_picked":["Eviscerate","Quick Slash+1","Calculated Gamble"],"picked":"SKIP","floor":44}],"player_experience":376735,"relics_obtained":[{"floor":7,"key":"Oddly Smooth Stone"},{"floor":9,"key":"Pen Nib"},{"floor":14,"key":"Odd Mushroom"},{"floor":26,"key":"Blood Vial"},{"floor":29,"key":"Sundial"},{"floor":31,"key":"Tiny Chest"},{"floor":34,"key":"Potion Belt"},{"floor":34,"key":"Pear"},{"floor":34,"key":"Dead Branch"},{"floor":37,"key":"Smiling Mask"},{"floor":43,"key":"Girya"}],"event_choices":[{"event_name":"Liars Game","player_choice":"disagreed","floor":2,"damage_taken":0},{"event_name":"The Cleric","player_choice":"Card Removal","floor":4,"damage_taken":0},{"event_name":"Golden Idol","player_choice":"Take Damage","floor":5,"damage_taken":0},{"event_name":"Mushrooms","player_choice":"Fought Mushrooms","floor":14,"damage_taken":0},{"event_name":"The Library","player_choice":"Read","floor":19,"damage_taken":0},{"event_name":"Beggar","player_choice":"Ignored","floor":24,"damage_taken":0},{"event_name":"Back to Basics","player_choice":"Simplicity","floor":30,"damage_taken":0},{"event_name":"Wheel of Change","player_choice":"Gold","floor":36,"damage_taken":0},{"event_name":"SensoryStone","player_choice":"Memory 1","floor":39,"damage_taken":0},{"event_name":"SecretPortal","player_choice":"Rejected Portal.","floor":41,"damage_taken":0}],"is_beta":true,"boss_relics":[{"not_picked":["Runic Pyramid","Eternal Feather"],"picked":"Sozu"},{"not_picked":["Philosopher\u0027s Stone","Pandora\u0027s Box"],"picked":"Calling Bell"}],"items_purged_floors":[21,38],"is_endless":false,"potions_floor_spawned":[1,3,8,16,22,28,29,33,44],"killed_by":"Jaw Worm Horde","ascension_level":5}