{"gold_per_floor":[117,127,202,202,202,228,75,75,75,104,124,144,144,144,144,249,249,268,287,287,304,57,90,90,103,103,117,217,39,39],"floor_reached":30,"playtime":838,"items_purged":["Defend_G","Strike_G"],"score":340,"play_id":"6cd91c78-3ac7-42cf-b904-ac84898250d8","local_time":"20181231041800","is_ascension_mode":true,"campfire_choices":[{"data":"Corpse Explosion","floor":8,"key":"SMITH"},{"floor":15,"key":"REST"},{"floor":24,"key":"REST"}],"neow_cost":"NONE","seed_source_timestamp":292008288086100,"circlet_count":0,"master_deck":["Defend_G","Defend_G+1","Defend_G","Defend_G","Strike_G+1","Strike_G","Strike_G","Survivor","Neutralize","Corpse Explosion+1","Caltrops","Bane","Deadly Poison","Discovery","Caltrops+1","Poisoned Stab","Catalyst"],"relics":["Ring of the Snake","NeowsBlessing","Unceasing Top","Snake Skull","Ancient Tea Set","Lizard Tail","Vajra","Ginger","Happy Flower"],"potions_floor_usage":[16,16,23,30],"damage_taken":[{"damage":0,"enemies":"Small Slimes","floor":1,"turns":1},{"damage":0,"enemies":"2 Louse","floor":2,"turns":1},{"damage":0,"enemies":"3 Sentries","floor":6,"turns":2},{"damage":14,"enemies":"Lagavulin","floor":10,"turns":6},{"damage":0,"enemies":"Cultist","floor":11,"turns":3},{"damage":3,"enemies":"Looter","floor":12,"turns":2},{"damage":25,"enemies":"Hexaghost","floor":16,"turns":8},{"damage":24,"enemies":"Spheric Guardian","floor":18,"turns":5},{"damage":14,"enemies":"Chosen","floor":19,"turns":5},{"damage":10,"enemies":"3 Cultists","floor":21,"turns":3},{"damage":29,"enemies":"Slavers","floor":23,"turns":3},{"damage":29,"enemies":"Snake Plant","floor":25,"turns":4},{"damage":23,"enemies":"Centurion and Healer","floor":27,"turns":4},{"damage":35,"enemies":"Gremlin Leader","floor":30,"turns":2}],"seed_played":"1046942126553352722","potions_obtained":[{"floor":6,"key":"SteroidPotion"},{"floor":10,"key":"AttackPotion"},{"floor":11,"key":"Strength Potion"},{"floor":12,"key":"PowerPotion"},{"floor":18,"key":"AttackPotion"},{"floor":25,"key":"Fire Potion"},{"floor":27,"key":"Swift Potion"}],"is_trial":false,"path_per_floor":["M","M","?","?","?","E","$","R","T","E","M","M","T","?","R","B",null,"M","M","?","M","$","E","R","M","T","M","?","$","E"],"character_chosen":"THE_SILENT","items_purchased":["Caltrops","Vajra","Discovery","Catalyst"],"campfire_rested":2,"item_purchase_floors":[7,22,22,29],"current_hp_per_floor":[70,70,59,52,38,38,38,38,38,24,24,21,21,44,65,40,70,46,32,70,60,60,31,52,23,23,35,35,35,0],"gold":39,"neow_bonus":"THREE_ENEMY_KILL","is_prod":false,"is_daily":false,"chose_seed":false,"campfire_upgraded":1,"win_rate":0,"timestamp":1546226280,"path_taken":["M","M","?","?","?","E","$","R","T","E","M","M","?","?","R","BOSS","M","M","?","M","$","E","R","M","T","?","?","$","E"],"build_version":"2018-12-20","purchased_purges":2,"victory":false,"max_hp_per_floor":[70,70,70,70,70,70,70,70,70,70,70,70,70,70,70,70,70,70,70,70,70,70,70,70,70,70,70,70,70,70],"card_choices":[{"not_picked":["Acrobatics","Sucker Punch","Flying Knee"],"picked":"SKIP","floor":1},{"not_picked":["Dagger Throw","Deflect","Doppelganger"],"picked":"SKIP","floor":2},{"not_picked":["Bouncing Flask","Flying Knee"],"picked":"Corpse Explosion","floor":6},{"not_picked":["Finisher","Masterful Stab","Dagger Spray"],"picked":"SKIP","floor":10},{"not_picked":["Flying Knee","Terror"],"picked":"Bane","floor":11},{"not_picked":["Riddle With Holes","Backstab"],"picked":"Deadly Poison","floor":12},{"not_picked":["Escape Plan","Dagger Throw","Outmaneuver+1"],"picked":"SKIP","floor":18},{"not_picked":["Underhanded Strike","Bane","Deadly Poison"],"picked":"SKIP","floor":19},{"not_picked":["Escape Plan","PiercingWail","Blade Dance+1"],"picked":"SKIP","floor":21},{"not_picked":["Dagger Spray","Phantasmal Killer"],"picked":"Caltrops+1","floor":23},{"not_picked":["Dagger Spray","Sucker Punch","Quick Slash"],"picked":"SKIP","floor":25},{"not_picked":["Escape Plan","Dash"],"picked":"Poisoned Stab","floor":27}],"player_experience":826562,"relics_obtained":[{"floor":6,"key":"Unceasing Top"},{"floor":9,"key":"Snake Skull"},{"floor":10,"key":"Ancient Tea Set"},{"floor":23,"key":"Ginger"},{"floor":26,"key":"Happy Flower"}],"event_choices":[{"damage_healed":0,"gold_gain":75,"player_choice":"Gather Gold","damage_taken":11,"max_hp_gain":0,"max_hp_loss":0,"event_name":"World of Goop","floor":3,"gold_loss":0},{"cards_removed":["Strike_G"],"damage_healed":0,"gold_gain":0,"player_choice":"Card Removal","damage_taken":7,"max_hp_gain":0,"max_hp_loss":0,"event_name":"Golden Wing","floor":4,"gold_loss":0},{"damage_healed":0,"gold_gain":0,"player_choice":"Entered Light","damage_taken":14,"max_hp_gain":0,"max_hp_loss":0,"event_name":"Shining Light","floor":5,"gold_loss":0,"cards_upgraded":["Defend_G","Strike_G"]},{"damage_healed":23,"gold_gain":0,"player_choice":"Banana","damage_taken":0,"max_hp_gain":0,"max_hp_loss":0,"event_name":"Big Fish","floor":14,"gold_loss":0},{"damage_healed":38,"gold_gain":0,"player_choice":"Full Heal","damage_taken":0,"max_hp_gain":0,"max_hp_loss":0,"event_name":"Wheel of Change","floor":20,"gold_loss":0},{"damage_healed":0,"gold_gain":100,"player_choice":"Pray","damage_taken":0,"max_hp_gain":0,"max_hp_loss":0,"event_name":"Golden Shrine","floor":28,"gold_loss":0}],"is_beta":false,"boss_relics":[{"not_picked":["Eternal Feather","Philosopher\u0027s Stone"],"picked":"Lizard Tail"}],"items_purged_floors":[7,29],"is_endless":false,"potions_floor_spawned":[6,10,11,12,18,25,27],"killed_by":"Gremlin Leader","ascension_level":4}