{"gold_per_floor":[112,35,54,72,147,147,158,158,240,255,255,255],"floor_reached":12,"playtime":577,"items_purged":[],"score":77,"play_id":"d5ecf8e9-28fc-41b4-ac66-8df40e57d1c5","local_time":"20190127144715","is_ascension_mode":true,"campfire_choices":[{"floor":6,"key":"RECALL"},{"data":"Barricade","floor":11,"key":"SMITH"}],"neow_cost":"PERCENT_DAMAGE","seed_source_timestamp":6533545187580,"circlet_count":0,"master_deck":["Strike_R","Strike_R","Strike_R","Strike_R","Defend_R","Defend_R","Defend_R","Bash","Battle Trance","Ghostly Armor","Barricade+1"],"relics":["Burning Blood"],"potions_floor_usage":[7,12],"damage_taken":[{"damage":6,"enemies":"Cultist","floor":1,"turns":3},{"damage":2,"enemies":"2 Louse","floor":3,"turns":2},{"damage":10,"enemies":"Small Slimes","floor":4,"turns":4},{"damage":8,"enemies":"3 Louse","floor":7,"turns":5},{"damage":5,"enemies":"Red Slaver","floor":10,"turns":6},{"damage":6,"enemies":"Lagavulin Event","floor":12,"turns":5}],"seed_played":"7081197357020651422","potions_obtained":[{"floor":1,"key":"Swift Potion"},{"floor":3,"key":"Ancient Potion"},{"floor":7,"key":"Fruit Juice"}],"is_trial":false,"path_per_floor":["M","$","M","M","?","R","M","?","T","M","R","?"],"character_chosen":"IRONCLAD","items_purchased":["Battle Trance"],"campfire_rested":0,"item_purchase_floors":[2],"current_hp_per_floor":[56,56,60,56,45,45,48,53,53,54,54,48],"gold":255,"neow_bonus":"REMOVE_TWO","is_prod":false,"is_daily":false,"chose_seed":false,"campfire_upgraded":1,"win_rate":0,"timestamp":1548568035,"path_taken":["M","?","M","M","?","R","M","?","T","M","R","?"],"build_version":"2019-01-23","purchased_purges":0,"victory":false,"max_hp_per_floor":[80,80,80,80,80,80,85,90,90,90,90,90],"card_choices":[{"not_picked":["Shockwave","Havoc","Cleave"],"picked":"SKIP","floor":1},{"not_picked":["Clothesline","Cleave"],"picked":"Ghostly Armor","floor":3},{"not_picked":["Twin Strike","Sword Boomerang","Iron Wave"],"picked":"SKIP","floor":4},{"not_picked":["Sword Boomerang","Ghostly Armor","Disarm"],"picked":"SKIP","floor":7},{"not_picked":["Reckless Charge","Whirlwind"],"picked":"Barricade","floor":10}],"player_experience":91388,"relics_obtained":[],"event_choices":[{"damage_healed":0,"gold_gain":75,"player_choice":"Gather Gold","damage_taken":11,"max_hp_gain":0,"max_hp_loss":0,"event_name":"World of Goop","floor":5,"gold_loss":0},{"damage_healed":0,"gold_gain":0,"player_choice":"Donut","damage_taken":0,"max_hp_gain":5,"max_hp_loss":0,"event_name":"Big Fish","floor":8,"gold_loss":0},{"damage_healed":0,"gold_gain":0,"player_choice":"Searched \u00271\u0027 times","damage_taken":0,"max_hp_gain":0,"max_hp_loss":0,"event_name":"Dead Adventurer","floor":12,"gold_loss":0}],"is_beta":false,"boss_relics":[],"items_purged_floors":[],"is_endless":false,"potions_floor_spawned":[1,3,7],"killed_by":"Lagavulin Event","ascension_level":2}