{"gold_per_floor":[11,11,11,57,69,69,97,97,145,1,19,19,19,33,33,137,137,157,157,173,199,99,99,133,133,133,193,7,27,43,61,61,162,162,174,104,124,138,138,171,171,203,203,258,286,286,304,324,324,324],"floor_reached":50,"playtime":4534,"items_purged":["Strike_G","Strike_G"],"score":1041,"play_id":"5972abf1-9028-453b-89e1-00a4dd6160cf","local_time":"20190207223859","is_ascension_mode":true,"campfire_choices":[{"data":"Neutralize","floor":6,"key":"SMITH"},{"data":"Die Die Die","floor":8,"key":"SMITH"},{"floor":15,"key":"REST"},{"data":"Wraith Form v2","floor":23,"key":"SMITH"},{"floor":25,"key":"REST"},{"floor":32,"key":"REST"},{"data":"Well Laid Plans","floor":41,"key":"SMITH"},{"floor":46,"key":"REST"},{"floor":49,"key":"RECALL"}],"neow_cost":"NO_GOLD","seed_source_timestamp":1145633010854487,"circlet_count":0,"master_deck":["Defend_G","Defend_G","Defend_G","Defend_G","Survivor","Neutralize+1","Die Die Die+1","PiercingWail","Backflip","Deflect+1","Well Laid Plans+1","Deadly Poison+1","Deadly Poison+1","Wraith Form v2+1","Infinite Blades+1","Cloak And Dagger+1","Backstab+1","Acrobatics+1","Catalyst+1","Deflect+1","Deadly Poison+1","Escape Plan+1","Tactician+1","Backstab","Escape Plan+1","Corpse Explosion+1","Burst+1","Backflip+1","Caltrops","Tactician+1","Enlightenment+1","Dramatic Entrance","Crippling Poison+1","PiercingWail+1"],"relics":["Ring of the Snake","PreservedInsect","Pen Nib","Toxic Egg 2","Omamori","Astrolabe","Red Mask","Boot","Bottled Tornado","Tiny Chest","Busted Crown","Art of War","Centennial Puzzle","Gambling Chip","Ornamental Fan"],"potions_floor_usage":[21,27,33,50],"damage_taken":[{"damage":0,"enemies":"Jaw Worm","floor":1,"turns":4},{"damage":0,"enemies":"2 Louse","floor":5,"turns":1},{"damage":15,"enemies":"3 Sentries","floor":7,"turns":7},{"damage":0,"enemies":"Cultist","floor":11,"turns":3},{"damage":4,"enemies":"Red Slaver","floor":14,"turns":3},{"damage":0,"enemies":"The Guardian","floor":16,"turns":9},{"damage":1,"enemies":"Chosen","floor":18,"turns":5},{"damage":0,"enemies":"Spheric Guardian","floor":20,"turns":5},{"damage":22,"enemies":"Masked Bandits","floor":21,"turns":7},{"damage":13,"enemies":"Book of Stabbing","floor":24,"turns":4},{"damage":9,"enemies":"Slavers","floor":27,"turns":5},{"damage":0,"enemies":"3 Cultists","floor":29,"turns":4},{"damage":0,"enemies":"Centurion and Healer","floor":30,"turns":5},{"damage":1,"enemies":"Snecko","floor":31,"turns":5},{"damage":0,"enemies":"Champ","floor":33,"turns":9},{"damage":0,"enemies":"Orb Walker","floor":35,"turns":4},{"damage":1,"enemies":"3 Darklings","floor":37,"turns":2},{"damage":0,"enemies":"Sphere and 2 Shapes","floor":38,"turns":6},{"damage":7,"enemies":"Reptomancer","floor":40,"turns":5},{"damage":8,"enemies":"Giant Head","floor":42,"turns":5},{"damage":26,"enemies":"2 Orb Walkers","floor":44,"turns":4},{"damage":0,"enemies":"Nemesis","floor":45,"turns":3},{"damage":0,"enemies":"Spire Growth","floor":47,"turns":4},{"damage":0,"enemies":"3 Darklings","floor":48,"turns":2},{"damage":47,"enemies":"Time Eater","floor":50,"turns":10}],"seed_played":"610180604470560937","potions_obtained":[{"floor":7,"key":"Strength Potion"},{"floor":14,"key":"GhostInAJar"},{"floor":18,"key":"Dexterity Potion"},{"floor":20,"key":"EssenceOfSteel"},{"floor":21,"key":"Regen Potion"},{"floor":27,"key":"GhostInAJar"},{"floor":33,"key":"LiquidBronze"}],"is_trial":false,"path_per_floor":["M","?","?","T","M","R","E","R","T","$","M","?","$","M","R","B",null,"M","?","M","?","$","R","E","R","T","E","$","M","M","M","R","B",null,"M","$","M","M","?","E","R","E","T","?","E","R","M","M","R","B"],"character_chosen":"THE_SILENT","items_purchased":["Well Laid Plans","Escape Plan+1","Tactician+1","Backstab","Caltrops"],"campfire_rested":4,"item_purchase_floors":[10,28,28,28,36],"current_hp_per_floor":[63,63,56,56,56,56,41,41,41,41,41,41,41,37,58,58,67,66,66,66,44,44,44,31,52,52,55,55,55,55,54,70,70,70,70,70,69,69,59,52,52,44,44,18,18,39,39,39,39,0],"gold":324,"neow_bonus":"THREE_RARE_CARDS","is_prod":false,"is_daily":false,"chose_seed":false,"campfire_upgraded":4,"win_rate":0,"timestamp":1549575539,"path_taken":["M","?","?","?","?","R","E","R","T","?","M","?","$","M","R","BOSS","M","?","M","?","$","R","E","R","T","E","$","?","M","M","R","BOSS","M","$","?","M","?","E","R","E","T","?","E","R","M","M","R","BOSS"],"build_version":"2019-01-23","purchased_purges":2,"victory":false,"max_hp_per_floor":[70,70,70,70,70,70,70,70,70,70,70,70,70,70,70,70,70,70,70,70,70,70,70,70,70,70,70,70,70,70,70,70,70,70,70,70,70,70,70,70,70,70,70,70,70,70,70,70,70,70],"card_choices":[{"not_picked":["Venomology","Unload"],"picked":"Die Die Die","floor":0},{"not_picked":["Predator","Prepared"],"picked":"PiercingWail","floor":1},{"not_picked":["Flechettes","Acrobatics"],"picked":"Backflip","floor":5},{"not_picked":["Slice","Distraction"],"picked":"Deflect","floor":7},{"not_picked":["Caltrops","Distraction+1"],"picked":"Deadly Poison+1","floor":11},{"not_picked":["Expertise+1","Blade Dance+1"],"picked":"Deadly Poison+1","floor":14},{"not_picked":["Storm of Steel+1","Die Die Die"],"picked":"Wraith Form v2","floor":16},{"not_picked":["Dagger Throw+1","Deflect+1"],"picked":"Acrobatics+1","floor":18},{"not_picked":["Slice","Dagger Spray"],"picked":"Deflect+1","floor":20},{"not_picked":["Finisher","Dash"],"picked":"Deadly Poison+1","floor":21},{"not_picked":["Bane+1","Slice+1","Deflect+1"],"picked":"SKIP","floor":24},{"not_picked":["Skewer","Deflect+1","Quick Slash"],"picked":"SKIP","floor":27},{"not_picked":["Concentrate+1","Slice+1"],"picked":"Escape Plan+1","floor":29},{"not_picked":["Outmaneuver+1","All Out Attack","Sucker Punch"],"picked":"SKIP","floor":30},{"not_picked":["Masterful Stab","Acrobatics+1"],"picked":"Corpse Explosion+1","floor":31},{"not_picked":["Die Die Die","A Thousand Cuts"],"picked":"Burst+1","floor":33},{"not_picked":[],"picked":"Backflip+1","floor":35},{"not_picked":[],"picked":"Tactician+1","floor":37},{"not_picked":["Dodge and Roll+1"],"picked":"SKIP","floor":38},{"not_picked":[],"picked":"Enlightenment+1","floor":39},{"not_picked":[],"picked":"Dramatic Entrance","floor":39},{"not_picked":["Infinite Blades+1"],"picked":"SKIP","floor":40},{"not_picked":["Eviscerate+1"],"picked":"SKIP","floor":42},{"not_picked":[],"picked":"Crippling Poison+1","floor":44},{"not_picked":[],"picked":"PiercingWail+1","floor":45},{"not_picked":["Skewer"],"picked":"SKIP","floor":47},{"not_picked":["Deadly Poison+1"],"picked":"SKIP","floor":48}],"player_experience":279214,"relics_obtained":[{"floor":4,"key":"Pen Nib"},{"floor":7,"key":"Toxic Egg 2"},{"floor":9,"key":"Omamori"},{"floor":21,"key":"Red Mask"},{"floor":24,"key":"Boot"},{"floor":26,"key":"Bottled Tornado"},{"floor":27,"key":"Tiny Chest"},{"floor":40,"key":"Art of War"},{"floor":42,"key":"Centennial Puzzle"},{"floor":44,"key":"Gambling Chip"},{"floor":45,"key":"Ornamental Fan"}],"event_choices":[{"damage_healed":0,"gold_gain":0,"player_choice":"Ignored","damage_taken":0,"max_hp_gain":0,"max_hp_loss":0,"event_name":"Liars Game","floor":2,"gold_loss":0},{"damage_healed":0,"gold_gain":0,"player_choice":"Success","damage_taken":7,"relics_obtained":["PreservedInsect"],"max_hp_gain":0,"max_hp_loss":0,"event_name":"Scrap Ooze","floor":3,"gold_loss":0},{"cards_removed":["Defend_G"],"damage_healed":0,"gold_gain":0,"player_choice":"Forget","damage_taken":0,"max_hp_gain":0,"max_hp_loss":0,"event_name":"Living Wall","floor":12,"gold_loss":0},{"damage_healed":0,"gold_gain":0,"player_choice":"Read","damage_taken":0,"max_hp_gain":0,"max_hp_loss":0,"event_name":"The Library","floor":19,"gold_loss":0,"cards_obtained":["Catalyst"]},{"damage_healed":0,"gold_gain":0,"player_choice":"Fought Bandits","damage_taken":0,"max_hp_gain":0,"max_hp_loss":0,"event_name":"Masked Bandits","floor":21,"gold_loss":0},{"damage_healed":0,"gold_gain":0,"player_choice":"Memory 3","damage_taken":10,"max_hp_gain":0,"max_hp_loss":0,"event_name":"SensoryStone","floor":39,"gold_loss":0},{"damage_healed":0,"gold_gain":0,"player_choice":"Fight","damage_taken":0,"max_hp_gain":0,"max_hp_loss":0,"event_name":"Mysterious Sphere","floor":44,"gold_loss":0}],"is_beta":false,"boss_relics":[{"not_picked":["Philosopher\u0027s Stone","Eternal Feather"],"picked":"Astrolabe"},{"not_picked":["Black Star","Pandora\u0027s Box"],"picked":"Busted Crown"}],"items_purged_floors":[10,22],"is_endless":false,"potions_floor_spawned":[7,14,18,20,21,27,31,33,35,38,44,48],"killed_by":"Time Eater","ascension_level":9}