{"gold_per_floor":[112,37,37,54,54,54,85,99,126,157,157,183,183,200,200,297,297,308,308,3,3,19,19,19],"floor_reached":24,"playtime":1549,"items_purged":["Pain"],"score":279,"play_id":"d8b2f3fb-804d-40c5-aa72-f3e65b55a5f6","local_time":"20181221212704","is_ascension_mode":true,"campfire_choices":[{"floor":6,"key":"RECALL"},{"data":"Distraction","floor":13,"key":"SMITH"},{"floor":15,"key":"REST"},{"data":"Burst","floor":23,"key":"SMITH"}],"neow_cost":"CURSE","seed_source_timestamp":351735254639200,"circlet_count":0,"master_deck":["Defend_G+1","Defend_G+1","Defend_G+1","Defend_G+1","Defend_G+1","Strike_G+1","Strike_G+1","Strike_G+1","Strike_G+1","Survivor","Neutralize","Endless Agony+1","Night Terror","Choke","Distraction+1","Burst+1","Cloak And Dagger","Leg Sweep+1"],"relics":["Ring of the Serpent","Dead Branch","Vajra","Turnip","Strawberry","Pear","Lantern","Blue Candle","Mummified Hand"],"potions_floor_usage":[7,7,16],"damage_taken":[{"damage":8,"enemies":"Jaw Worm","floor":1,"turns":5},{"damage":0,"enemies":"Cultist","floor":4,"turns":3},{"damage":2,"enemies":"Gremlin Nob","floor":7,"turns":4},{"damage":0,"enemies":"Small Slimes","floor":8,"turns":2},{"damage":5,"enemies":"Lagavulin","floor":10,"turns":5},{"damage":9,"enemies":"Gremlin Nob","floor":12,"turns":3},{"damage":4,"enemies":"Exordium Wildlife","floor":14,"turns":2},{"damage":34,"enemies":"Hexaghost","floor":16,"turns":10},{"damage":9,"enemies":"Shell Parasite","floor":18,"turns":2},{"damage":0,"enemies":"Chosen","floor":22,"turns":4},{"damage":88,"enemies":"Gremlin Leader","floor":24,"turns":11}],"seed_played":"449333561467634770","potions_obtained":[{"floor":1,"key":"FearPotion"},{"floor":4,"key":"Poison Potion"},{"floor":10,"key":"FearPotion"},{"floor":12,"key":"Swift Potion"},{"floor":16,"key":"Ancient Potion"}],"is_trial":false,"path_per_floor":["M","$","?","M","?","R","E","M","T","E","?","E","R","M","R","B",null,"M","?","$","?","M","R","E"],"character_chosen":"THE_SILENT","items_purchased":["Mummified Hand","Cloak And Dagger"],"campfire_rested":1,"item_purchase_floors":[20,20],"current_hp_per_floor":[62,62,62,62,62,62,60,60,67,72,54,45,45,41,67,33,87,78,78,78,78,78,78,0],"gold":19,"neow_bonus":"ONE_RARE_RELIC","is_prod":false,"is_daily":false,"chose_seed":false,"campfire_upgraded":2,"win_rate":0,"timestamp":1545424024,"path_taken":["M","$","?","?","?","R","E","?","T","E","?","E","R","M","R","BOSS","M","?","$","?","?","R","E"],"build_version":"2018-12-20","purchased_purges":1,"victory":false,"max_hp_per_floor":[70,70,70,70,70,70,70,70,77,87,87,87,87,87,87,87,87,87,87,87,87,87,87,87],"card_choices":[{"not_picked":["Acrobatics","Choke"],"picked":"Endless Agony","floor":1},{"not_picked":["Crippling Poison","Flechettes","Dodge and Roll"],"picked":"SKIP","floor":4},{"not_picked":["Eviscerate","Underhanded Strike"],"picked":"Night Terror","floor":7},{"not_picked":["Deadly Poison","Endless Agony"],"picked":"Choke","floor":8},{"not_picked":["Choke","Acrobatics"],"picked":"Distraction","floor":10},{"not_picked":["Tactician","Quick Slash","Bane"],"picked":"SKIP","floor":12},{"not_picked":["Prepared","All Out Attack","Quick Slash"],"picked":"SKIP","floor":14},{"not_picked":["Venomology","Malaise"],"picked":"Burst","floor":16},{"not_picked":["Bouncing Flask+1","Flying Knee","Acrobatics"],"picked":"SKIP","floor":18},{"not_picked":["Poisoned Stab+1","Endless Agony+1"],"picked":"Leg Sweep+1","floor":22}],"player_experience":808241,"relics_obtained":[{"floor":5,"key":"Vajra"},{"floor":7,"key":"Turnip"},{"floor":9,"key":"Strawberry"},{"floor":10,"key":"Pear"},{"floor":12,"key":"Blue Candle"}],"event_choices":[{"damage_healed":0,"gold_gain":0,"player_choice":"Forge","damage_taken":0,"max_hp_gain":0,"max_hp_loss":0,"event_name":"Accursed Blacksmith","floor":3,"gold_loss":0,"cards_upgraded":["Endless Agony"]},{"damage_healed":0,"gold_gain":0,"player_choice":"Relic","damage_taken":0,"max_hp_gain":0,"max_hp_loss":0,"event_name":"Wheel of Change","floor":5,"gold_loss":0},{"damage_healed":0,"gold_gain":0,"player_choice":"Success","damage_taken":18,"relics_obtained":["Lantern"],"max_hp_gain":0,"max_hp_loss":0,"event_name":"Scrap Ooze","floor":11,"gold_loss":0},{"damage_healed":0,"gold_gain":0,"player_choice":"Simplicity","damage_taken":0,"max_hp_gain":0,"max_hp_loss":0,"event_name":"Back to Basics","floor":19,"gold_loss":0,"cards_upgraded":["Defend_G","Defend_G","Defend_G","Defend_G","Defend_G","Strike_G","Strike_G","Strike_G","Strike_G","Strike_G"]},{"cards_removed":["Strike_G"],"damage_healed":0,"gold_gain":0,"player_choice":"Offered Basic","damage_taken":0,"max_hp_gain":0,"max_hp_loss":0,"event_name":"Bonfire Elementals","floor":21,"gold_loss":0}],"is_beta":false,"boss_relics":[{"not_picked":["Velvet Choker","Snecko Eye"],"picked":"Ring of the Serpent"}],"items_purged_floors":[2],"is_endless":false,"potions_floor_spawned":[1,4,10,12,16],"killed_by":"Gremlin Leader","ascension_level":4}