{"gold_per_floor":[118,136,136,136,156,197,197,233,233,233,80,103,103,118,118,118],"floor_reached":16,"playtime":1972,"items_purged":[],"score":110,"play_id":"20ca1c0f-aa65-42ee-80ff-77a761585e66","local_time":"20190201182718","is_ascension_mode":false,"campfire_choices":[{"floor":7.0,"key":"REST"},{"floor":10.0,"key":"REST"},{"floor":13.0,"key":"REST"},{"floor":15.0,"key":"REST"}],"neow_cost":"NONE","seed_source_timestamp":0,"circlet_count":0,"master_deck":["Strike_R","Strike_R","Strike_R","Strike_R","Strike_R","Defend_R","Defend_R","Defend_R","Defend_R","Bash","Burning Pact","Feel No Pain","Corruption","Armaments","Sever Soul","Shrug It Off","Burning Pact"],"special_seed":0,"relics":["Burning Blood","Golden Idol","Kunai","Bird Faced Urn","WingedGreaves","Omamori"],"potions_floor_usage":[16],"damage_taken":[{"damage":6.0,"enemies":"Cultist","floor":1.0,"turns":4.0},{"damage":0.0,"enemies":"2 Louse","floor":2.0,"turns":3.0},{"damage":11.0,"enemies":"Small Slimes","floor":5.0,"turns":5.0},{"damage":48.0,"enemies":"Gremlin Nob","floor":6.0,"turns":6.0},{"damage":28.0,"enemies":"3 Sentries","floor":8.0,"turns":15.0},{"damage":23.0,"enemies":"Exordium Wildlife","floor":12.0,"turns":8.0},{"damage":25.0,"enemies":"Exordium Thugs","floor":14.0,"turns":7.0},{"damage":92,"enemies":"The Guardian","floor":16,"turns":6}],"seed_played":"5433547181931504806","potions_obtained":[{"floor":2.0,"key":"SpeedPotion"},{"floor":12.0,"key":"AttackPotion"},{"floor":14.0,"key":"Weak Potion"}],"is_trial":false,"path_per_floor":["M","M","?","?","M","E","R","E","T","R","$","M","R","M","R","B"],"character_chosen":"IRONCLAD","items_purchased":["Omamori"],"campfire_rested":4,"item_purchase_floors":[11],"current_hp_per_floor":[88,88,66,71,66,24,51,29,29,56,56,43,70,55,82,0],"gold":118,"neow_bonus":"TEN_PERCENT_HP_BONUS","is_prod":false,"is_daily":false,"chose_seed":false,"campfire_upgraded":0,"win_rate":0.0,"timestamp":1549042038,"path_taken":["M","?","?","?","M","E","R","E","T","R","?","?","R","M","R","BOSS"],"build_version":"2019-01-23","purchased_purges":0,"victory":false,"max_hp_per_floor":[88,88,88,93,93,93,93,93,93,93,93,93,93,93,93,93],"card_choices":[{"not_picked":["Pommel Strike","Clash"],"picked":"Burning Pact","floor":1.0},{"not_picked":["Burning Pact","Clash"],"picked":"Feel No Pain","floor":2.0},{"not_picked":["Searing Blow","Armaments"],"picked":"Corruption","floor":5.0},{"not_picked":["Bloodletting","Corruption"],"picked":"Armaments","floor":6.0},{"not_picked":["Sword Boomerang","Warcry"],"picked":"Sever Soul","floor":8.0},{"not_picked":["Warcry","Searing Blow"],"picked":"Shrug It Off","floor":12.0},{"not_picked":["Clothesline","Pommel Strike"],"picked":"Burning Pact","floor":14.0}],"player_experience":62916,"relics_obtained":[{"floor":6.0,"key":"Kunai"},{"floor":8.0,"key":"Bird Faced Urn"},{"floor":9.0,"key":"WingedGreaves"}],"event_choices":[{"damage_healed":0.0,"max_hp_gain":0.0,"max_hp_loss":0.0,"gold_gain":0.0,"event_name":"Golden Idol","player_choice":"Take Damage","floor":3.0,"gold_loss":0.0,"damage_taken":22.0,"relics_obtained":["Golden Idol"]},{"damage_healed":0.0,"max_hp_gain":5.0,"max_hp_loss":0.0,"gold_gain":0.0,"event_name":"Big Fish","player_choice":"Donut","floor":4.0,"gold_loss":0.0,"damage_taken":0.0}],"is_beta":false,"boss_relics":[],"items_purged_floors":[],"is_endless":false,"potions_floor_spawned":[2,12,14],"killed_by":"The Guardian","ascension_level":0}