{"gold_per_floor":[114,133,133,133,145,145,160,187,187,198,77,108,108,125,125,221,221,239,254,254,266,466,466,479,356,356,322,333,333,58,73,73,170,170,190,201,201],"floor_reached":37,"playtime":3144,"items_purged":["Prepared"],"score":600,"play_id":"c908b1ac-2756-4059-8059-a81addc876d7","local_time":"20181212112610","is_ascension_mode":true,"campfire_choices":[{"floor":6.0,"key":"REST"},{"floor":13.0,"key":"REST"},{"floor":15.0,"key":"REST"},{"floor":23.0,"key":"REST"},{"floor":32.0,"key":"REST"}],"neow_cost":"NONE","seed_source_timestamp":0,"circlet_count":0,"master_deck":["AscendersBane","Survivor","Neutralize","Prepared","Noxious Fumes","Caltrops","Bouncing Flask","Dagger Throw","Slice","Masterful Stab","Sucker Punch","Flying Knee","Crippling Poison","Dagger Spray","After Image","PiercingWail","Deflect","Terror","Dodge and Roll","Corpse Explosion","Deflect","Deflect+1","Deflect","Dodge and Roll","Bouncing Flask","Blur","Glass Knife","Backflip","Cloak And Dagger","Apotheosis","Glass Knife"],"special_seed":0,"relics":["Pandora\u0027s Box","Snake Skull","Pear","Blood Vial","Bottled Tornado","Lizard Tail"],"potions_floor_usage":[37],"damage_taken":[{"damage":0.0,"enemies":"2 Louse","floor":1.0,"turns":1.0},{"damage":9.0,"enemies":"Jaw Worm","floor":2.0,"turns":3.0},{"damage":4.0,"enemies":"Cultist","floor":5.0,"turns":3.0},{"damage":10.0,"enemies":"Red Slaver","floor":7.0,"turns":3.0},{"damage":9.0,"enemies":"Gremlin Nob","floor":8.0,"turns":3.0},{"damage":0.0,"enemies":"Large Slime","floor":10.0,"turns":5.0},{"damage":18.0,"enemies":"3 Sentries","floor":12.0,"turns":5.0},{"damage":20.0,"enemies":"Exordium Wildlife","floor":14.0,"turns":4.0},{"damage":11.0,"enemies":"The Guardian","floor":16.0,"turns":8.0},{"damage":3.0,"enemies":"Spheric Guardian","floor":18.0,"turns":4.0},{"damage":6.0,"enemies":"3 Byrds","floor":19.0,"turns":4.0},{"damage":0.0,"enemies":"Masked Bandits","floor":20.0,"turns":1.0},{"damage":36.0,"enemies":"Centurion and Healer","floor":21.0,"turns":4.0},{"damage":32.0,"enemies":"Snecko","floor":24.0,"turns":6.0},{"damage":22.0,"enemies":"Snake Plant","floor":28.0,"turns":5.0},{"damage":11.0,"enemies":"Cultist and Chosen","floor":31.0,"turns":5.0},{"damage":45.0,"enemies":"Champ","floor":33.0,"turns":10.0},{"damage":7,"enemies":"3 Shapes","floor":35,"turns":3},{"damage":51,"enemies":"3 Darklings","floor":36,"turns":5},{"damage":87,"enemies":"Transient","floor":37,"turns":5}],"seed_played":"2367669741547061698","potions_obtained":[{"floor":5.0,"key":"SpeedPotion"},{"floor":7.0,"key":"SpeedPotion"},{"floor":8.0,"key":"AttackPotion"},{"floor":10.0,"key":"LiquidBronze"},{"floor":16.0,"key":"GamblersBrew"},{"floor":19.0,"key":"SmokeBomb"},{"floor":24.0,"key":"FearPotion"},{"floor":31.0,"key":"Energy Potion"},{"floor":36,"key":"Energy Potion"}],"is_trial":false,"path_per_floor":["M","M","$","?","M","R","M","E","T","M","$","E","R","M","R","B",null,"M","M","?","M","?","R","M","$","T","$","M","?","$","M","R","B",null,"M","M","M"],"character_chosen":"THE_SILENT","items_purchased":["Deflect","Dodge and Roll","Bouncing Flask","Blur","Backflip","Cloak And Dagger","Apotheosis"],"campfire_rested":5,"item_purchase_floors":[11,25,25,27,30,30,30],"current_hp_per_floor":[63,54,54,42,38,59,49,50,50,50,50,32,56,38,62,53,73,72,68,70,36,36,60,30,30,30,30,10,36,36,27,51,8,62,57,8,0],"gold":201,"neow_bonus":"BOSS_RELIC","is_prod":false,"is_daily":false,"chose_seed":false,"campfire_upgraded":0,"win_rate":0,"timestamp":1544613970,"path_taken":["M","M","$","?","M","R","M","E","T","M","?","E","R","M","R","BOSS","M","M","?","M","?","R","?","?","T","$","M","?","?","M","R","BOSS","M","M","M"],"build_version":"2018-12-06","purchased_purges":1,"victory":false,"max_hp_per_floor":[70,70,70,70,70,70,70,80,80,80,80,80,80,80,80,80,80,80,80,80,80,80,80,80,80,80,80,80,80,80,80,80,80,80,80,80,80],"card_choices":[{"not_picked":["Quick Slash","Concentrate"],"picked":"Crippling Poison","floor":1.0},{"not_picked":["Underhanded Strike","Masterful Stab"],"picked":"Dagger Spray","floor":2.0},{"not_picked":["Underhanded Strike","Skewer","Sucker Punch"],"picked":"SKIP","floor":5.0},{"not_picked":["Escape Plan","Underhanded Strike","Dagger Throw"],"picked":"SKIP","floor":7.0},{"not_picked":["Calculated Gamble","Dagger Throw"],"picked":"After Image","floor":8.0},{"not_picked":["Concentrate","Tactician"],"picked":"PiercingWail","floor":10.0},{"not_picked":["Slice","Tactician"],"picked":"Terror","floor":12.0},{"not_picked":["Concentrate","Deflect"],"picked":"Dodge and Roll","floor":14.0},{"not_picked":["Adrenaline","Phantasmal Killer"],"picked":"Corpse Explosion","floor":16.0},{"not_picked":["Poisoned Stab","Dagger Throw+1","Quick Slash"],"picked":"SKIP","floor":18.0},{"not_picked":["Poisoned Stab","Terror"],"picked":"Deflect","floor":19.0},{"not_picked":["Heel Hook+1","Poisoned Stab"],"picked":"Deflect+1","floor":21.0},{"not_picked":["Well Laid Plans+1","Dagger Throw"],"picked":"Deflect","floor":24.0},{"not_picked":["Blade Dance+1","Eviscerate+1"],"picked":"Glass Knife","floor":28.0},{"not_picked":["Outmaneuver","Quick Slash+1","Crippling Poison"],"picked":"SKIP","floor":31.0},{"not_picked":["Tools of the Trade","Venomology"],"picked":"Glass Knife","floor":33.0},{"not_picked":["Escape Plan+1","Dagger Spray","Outmaneuver"],"picked":"SKIP","floor":35},{"not_picked":["Crippling Poison","Outmaneuver","Accuracy"],"picked":"SKIP","floor":36}],"player_experience":1026133,"relics_obtained":[{"floor":8.0,"key":"Pear"},{"floor":12.0,"key":"Blood Vial"},{"floor":26.0,"key":"Bottled Tornado"}],"event_choices":[{"damage_healed":0.0,"max_hp_gain":0.0,"max_hp_loss":0.0,"gold_gain":0.0,"event_name":"Scrap Ooze","player_choice":"Success","floor":4.0,"gold_loss":0.0,"damage_taken":12.0,"relics_obtained":["Snake Skull"]},{"damage_healed":0.0,"max_hp_gain":0.0,"max_hp_loss":0.0,"gold_gain":0.0,"event_name":"Masked Bandits","player_choice":"Fought Bandits","floor":20.0,"gold_loss":0.0,"damage_taken":0.0},{"damage_healed":0.0,"max_hp_gain":0.0,"max_hp_loss":0.0,"gold_gain":250.0,"event_name":"The Joust","player_choice":"Bet on Owner","floor":22.0,"gold_loss":50.0,"damage_taken":0.0},{"damage_healed":26.0,"max_hp_gain":0.0,"max_hp_loss":0.0,"gold_gain":0.0,"event_name":"The Library","player_choice":"Heal","floor":29.0,"gold_loss":0.0,"damage_taken":0.0}],"is_beta":false,"boss_relics":[{"not_picked":["Busted Crown","Runic Dome","Philosopher\u0027s Stone"]},{"not_picked":["HoveringKite","Coffee Dripper"],"picked":"Lizard Tail"}],"items_purged_floors":[11],"is_endless":false,"potions_floor_spawned":[5,7,8,10,16,19,24,31,36],"killed_by":"Transient","ascension_level":10}