{"gold_per_floor":[115,129,50,63,74,74,108,383,383,4,19,31,65,85,85,190,190,200,200,214,129,142,142,142],"floor_reached":24,"playtime":2691,"items_purged":["Regret"],"score":231,"play_id":"dfd6f4c5-3798-4285-9916-1f71159dfb6b","local_time":"20190113140635","is_ascension_mode":true,"campfire_choices":[{"data":"Juggernaut","floor":6,"key":"SMITH"},{"data":"Metallicize","floor":15,"key":"SMITH"},{"data":"Shrug It Off","floor":23,"key":"SMITH"}],"neow_cost":"PERCENT_DAMAGE","seed_source_timestamp":322068482197866,"circlet_count":0,"master_deck":["Strike_R","Strike_R","Strike_R","Defend_R","Defend_R","Defend_R+1","Defend_R","Bash","Juggernaut+1","Second Wind+1","Shrug It Off+1","Metallicize+1","Metallicize","Juggernaut","Barricade+1","Seeing Red+1","Body Slam"],"relics":["Burning Blood","Red Skull","Blood Vial","Art of War","War Paint","Bottled Lightning","Orrery","Frozen Egg 2"],"potions_floor_usage":[2,7,16,20,22,24,24],"damage_taken":[{"damage":1,"enemies":"Cultist","floor":1,"turns":3},{"damage":0,"enemies":"Small Slimes","floor":2,"turns":4},{"damage":2,"enemies":"Jaw Worm","floor":4,"turns":5},{"damage":5,"enemies":"3 Louse","floor":5,"turns":5},{"damage":6,"enemies":"3 Sentries","floor":7,"turns":7},{"damage":22,"enemies":"Lots of Slimes","floor":11,"turns":4},{"damage":6,"enemies":"2 Fungi Beasts","floor":12,"turns":4},{"damage":2,"enemies":"Lagavulin","floor":13,"turns":7},{"damage":7,"enemies":"Blue Slaver","floor":14,"turns":4},{"damage":36,"enemies":"The Guardian","floor":16,"turns":10},{"damage":35,"enemies":"3 Byrds","floor":18,"turns":5},{"damage":10,"enemies":"Spheric Guardian","floor":20,"turns":5},{"damage":5,"enemies":"Snecko","floor":22,"turns":7},{"damage":63,"enemies":"Slavers","floor":24,"turns":5}],"seed_played":"-7021768682540966105","potions_obtained":[{"floor":1,"key":"SkillPotion"},{"floor":5,"key":"EssenceOfSteel"},{"floor":7,"key":"SpeedPotion"},{"floor":11,"key":"Strength Potion"},{"floor":13,"key":"Strength Potion"},{"floor":14,"key":"PowerPotion"},{"floor":18,"key":"AttackPotion"},{"floor":20,"key":"Dexterity Potion"},{"floor":22,"key":"BloodPotion"}],"is_trial":false,"path_per_floor":["M","M","$","M","M","R","E","?","T","$","M","M","E","M","R","B",null,"M","?","M","?","M","R","E"],"character_chosen":"IRONCLAD","items_purchased":["Metallicize","Art of War","War Paint"],"campfire_rested":0,"item_purchase_floors":[3,10,10],"current_hp_per_floor":[61,67,67,71,72,72,72,72,72,72,58,60,66,67,67,39,80,51,51,49,49,52,52,0],"gold":142,"neow_bonus":"TRANSFORM_TWO_CARDS","is_prod":false,"is_daily":false,"chose_seed":false,"campfire_upgraded":3,"win_rate":0,"timestamp":1547409995,"path_taken":["M","M","$","M","?","R","E","?","T","?","M","M","E","?","R","BOSS","M","?","?","?","M","R","E"],"build_version":"2019-01-10","purchased_purges":1,"victory":false,"max_hp_per_floor":[80,80,80,80,80,80,80,80,80,80,80,80,80,80,80,80,80,80,80,80,80,80,80,80],"card_choices":[{"not_picked":["Shockwave","Havoc"],"picked":"Shrug It Off","floor":1},{"not_picked":["Corruption","Twin Strike","Sword Boomerang"],"picked":"SKIP","floor":2},{"not_picked":["Blood for Blood","Spot Weakness","Bloodletting"],"picked":"SKIP","floor":4},{"not_picked":["Feel No Pain","Corruption"],"picked":"Metallicize","floor":5},{"not_picked":["Hemokinesis","Reaper","Flex"],"picked":"SKIP","floor":7},{"not_picked":["Power Through","Bloodletting","Seeing Red"],"picked":"SKIP","floor":11},{"not_picked":["Wild Strike","Clothesline","Pummel"],"picked":"SKIP","floor":12},{"not_picked":["Ghostly Armor","Shrug It Off","Clothesline"],"picked":"SKIP","floor":13},{"not_picked":["Dropkick","Armaments","Twin Strike"],"picked":"SKIP","floor":14},{"not_picked":["Fiend Fire","Immolate"],"picked":"Juggernaut","floor":16},{"not_picked":["Second Wind","Headbutt"],"picked":"Barricade","floor":17},{"not_picked":["Thunderclap","Flex+1"],"picked":"Seeing Red+1","floor":18},{"not_picked":["Inflame","Exhume"],"picked":"Body Slam","floor":20},{"not_picked":["Blood for Blood+1","Clothesline","Havoc"],"picked":"SKIP","floor":22}],"player_experience":226900,"relics_obtained":[{"floor":7,"key":"Red Skull"},{"floor":9,"key":"Blood Vial"},{"floor":13,"key":"Bottled Lightning"}],"event_choices":[{"damage_healed":0,"gold_gain":275,"player_choice":"Desecrate","damage_taken":0,"max_hp_gain":0,"max_hp_loss":0,"event_name":"Golden Shrine","floor":8,"gold_loss":0,"cards_obtained":["Regret"]},{"damage_healed":0,"gold_gain":0,"player_choice":"Upgraded","damage_taken":0,"max_hp_gain":0,"max_hp_loss":0,"event_name":"Upgrade Shrine","floor":19,"gold_loss":0,"cards_upgraded":["Barricade"]},{"damage_healed":0,"gold_gain":0,"player_choice":"Obtained Relic","damage_taken":0,"relics_obtained":["Frozen Egg 2"],"max_hp_gain":0,"max_hp_loss":0,"event_name":"Addict","floor":21,"gold_loss":85}],"is_beta":false,"boss_relics":[{"not_picked":["Ectoplasm","Snecko Eye"],"picked":"Orrery"}],"items_purged_floors":[10],"is_endless":false,"potions_floor_spawned":[1,5,7,11,13,14,18,20,22],"killed_by":"Slavers","ascension_level":2}