{"gold_per_floor":[99,99,99,99,99,99,30,30,30,30,30,30,30,30,30,30,30,0,0,0,0,0],"floor_reached":22,"playtime":1464,"items_purged":[],"score":306,"play_id":"7d366318-2885-4f42-95a8-1ac368d44723","local_time":"20190101150445","is_ascension_mode":true,"campfire_choices":[{"floor":10,"key":"REST"},{"floor":12,"key":"RECALL"},{"data":"Echo Form","floor":15,"key":"SMITH"}],"neow_cost":"NONE","seed_source_timestamp":1096069792579952,"circlet_count":0,"master_deck":["AscendersBane","Strike_B","Strike_B+1","Strike_B","Defend_B","Defend_B","Defend_B","Defend_B","Zap","Dualcast","Cold Snap","Gash+1","Echo Form+1","Streamline","Beam Cell","Self Repair","Amplify","Rebound","Ball Lightning+1","Capacitor","Seek","Sweeping Beam+1","Cold Snap+1","Ball Lightning+1","Self Repair+1"],"relics":["Ectoplasm","Whetstone","Regal Pillow","Prayer Wheel","Molten Egg 2","Eternal Feather"],"potions_floor_usage":[13,13,14,16],"damage_taken":[{"damage":11,"enemies":"Cultist","floor":1,"turns":4},{"damage":5,"enemies":"Small Slimes","floor":3,"turns":5},{"damage":0,"enemies":"Jaw Worm","floor":4,"turns":4},{"damage":7,"enemies":"3 Louse","floor":5,"turns":4},{"damage":13,"enemies":"3 Sentries","floor":6,"turns":8},{"damage":9,"enemies":"Lagavulin","floor":8,"turns":6},{"damage":11,"enemies":"3 Sentries","floor":13,"turns":6},{"damage":0,"enemies":"Lots of Slimes","floor":14,"turns":1},{"damage":41,"enemies":"Hexaghost","floor":16,"turns":8},{"damage":39,"enemies":"2 Thieves","floor":18,"turns":4},{"damage":34,"enemies":"Shell Parasite","floor":21,"turns":5},{"damage":17,"enemies":"Snake Plant","floor":22,"turns":1}],"seed_played":"6247702249552961242","potions_obtained":[{"floor":4,"key":"GamblersBrew"},{"floor":8,"key":"PowerPotion"},{"floor":13,"key":"AttackPotion"},{"floor":14,"key":"SkillPotion"},{"floor":21,"key":"FearPotion"}],"is_trial":false,"path_per_floor":["M","T","M","M","M","E","$","E","T","R","?","R","E","M","R","B",null,"M","?","?","M","M"],"character_chosen":"DEFECT","items_purchased":["Self Repair"],"campfire_rested":1,"item_purchase_floors":[7],"current_hp_per_floor":[57,57,52,52,45,32,32,37,37,74,74,74,75,75,75,41,67,42,42,42,15,0],"gold":0,"neow_bonus":"BOSS_RELIC","is_prod":false,"is_daily":false,"chose_seed":false,"campfire_upgraded":1,"win_rate":0,"timestamp":1546355085,"path_taken":["M","?","M","M","M","E","$","E","T","R","?","R","E","M","R","BOSS","M","?","?","?","M"],"build_version":"2018-12-20","purchased_purges":0,"victory":false,"max_hp_per_floor":[75,75,75,75,75,75,75,75,75,75,75,75,75,75,75,75,75,75,75,75,75,75],"card_choices":[{"not_picked":["White Noise","Steam"],"picked":"Cold Snap","floor":1},{"not_picked":["Sweeping Beam","Turbo"],"picked":"Gash","floor":3},{"not_picked":["Skim","Reinforced Body"],"picked":"Echo Form","floor":4},{"not_picked":["Hello World","Doom and Gloom"],"picked":"Streamline","floor":5},{"not_picked":["Fusion","Machine Learning"],"picked":"Beam Cell","floor":6},{"not_picked":["Genetic Algorithm","Reinforced Body"],"picked":"Amplify","floor":8},{"not_picked":["Turbo","Stack"],"picked":"Rebound","floor":13},{"not_picked":["Rebound+1","Turbo"],"picked":"Ball Lightning+1","floor":14},{"not_picked":["Turbo","FTL+1"],"picked":"Capacitor","floor":14},{"not_picked":["Multi-Cast","Meteor Strike+1"],"picked":"Seek","floor":16},{"not_picked":["Blizzard+1","Cold Snap+1"],"picked":"Sweeping Beam+1","floor":18},{"not_picked":["BootSequence","Steam+1"],"picked":"Cold Snap+1","floor":18},{"not_picked":["Turbo+1","Compile Driver+1"],"picked":"Ball Lightning+1","floor":21},{"not_picked":["Scrape+1","Cold Snap+1"],"picked":"Self Repair+1","floor":21}],"player_experience":1105492,"relics_obtained":[{"floor":6,"key":"Whetstone"},{"floor":8,"key":"Regal Pillow"},{"floor":9,"key":"Prayer Wheel"},{"floor":13,"key":"Molten Egg 2"}],"event_choices":[{"damage_healed":0,"gold_gain":0,"player_choice":"Leave","damage_taken":0,"max_hp_gain":0,"max_hp_loss":0,"event_name":"The Cleric","floor":11,"gold_loss":0},{"cards_removed":["Strike_B"],"damage_healed":0,"gold_gain":0,"player_choice":"Card Removal","damage_taken":0,"max_hp_gain":0,"max_hp_loss":0,"event_name":"Wheel of Change","floor":20,"gold_loss":0}],"is_beta":false,"boss_relics":[{"not_picked":["Busted Crown","Cursed Key"],"picked":"Eternal Feather"}],"items_purged_floors":[],"is_endless":false,"potions_floor_spawned":[4,8,13,14,21],"killed_by":"Snake Plant","ascension_level":10}