{"gold_per_floor":[116,191,66,66,84,117,137,137,137,137,150,150,165,183,183,280,330,350,350,350,361,33,33,33,43,70,90,109,127,42,42,42,146,146,166,166,176,176,176,176,195,66,66,85,9,9,9,29,29,29],"floor_reached":51,"playtime":5183,"items_purged":["Strike_G"],"score":1073,"play_id":"bd8f0350-d4db-427a-8d03-044f30a1ef5c","local_time":"20181018140515","is_ascension_mode":true,"campfire_choices":[{"data":"Neutralize","floor":8.0,"key":"SMITH"},{"data":"Predator","floor":10.0,"key":"SMITH"},{"data":"Dodge and Roll","floor":12.0,"key":"SMITH"},{"data":"Crippling Poison","floor":15.0,"key":"SMITH"},{"data":"Cloak And Dagger","floor":23.0,"key":"SMITH"},{"floor":32.0,"key":"REST"},{"floor":40.0,"key":"REST"},{"data":"Well Laid Plans","floor":46,"key":"SMITH"},{"data":"Noxious Fumes","floor":49,"key":"SMITH"}],"neow_cost":"NONE","seed_source_timestamp":0,"circlet_count":0,"master_deck":["Defend_G","Defend_G","Defend_G","Defend_G","Defend_G","Strike_G","Strike_G","Strike_G","Survivor","Neutralize+1","AscendersBane","Flying Knee","Slice+1","Predator+1","Dodge and Roll+1","Backstab","Dodge and Roll","Crippling Poison+1","Envenom","Slice","Well Laid Plans+1","Noxious Fumes+1","Leg Sweep","Cloak And Dagger+1","Dodge and Roll","Night Terror","Dodge and Roll","Deflect+1","Storm of Steel","Blade Dance","Master of Strategy","Blur","PiercingWail","Heel Hook","PiercingWail"],"special_seed":0,"relics":["Ring of the Serpent","NeowsBlessing","Kunai","Vajra","Pear","Nloth\u0027s Gift","Ornamental Fan","Blood Vial","Potion Belt","Sundial","Ninja Scroll"],"potions_floor_usage":[44,44,50,50],"damage_taken":[{"damage":0.0,"enemies":"Jaw Worm","floor":1.0,"turns":1.0},{"damage":0.0,"enemies":"2 Louse","floor":5.0,"turns":1.0},{"damage":0.0,"enemies":"Lagavulin","floor":6.0,"turns":1.0},{"damage":0.0,"enemies":"Small Slimes","floor":7.0,"turns":3.0},{"damage":4.0,"enemies":"3 Louse","floor":11.0,"turns":4.0},{"damage":0.0,"enemies":"Gremlin Gang","floor":13.0,"turns":4.0},{"damage":0.0,"enemies":"2 Fungi Beasts","floor":14.0,"turns":2.0},{"damage":3.0,"enemies":"The Guardian","floor":16.0,"turns":12.0},{"damage":5.0,"enemies":"Chosen","floor":18.0,"turns":4.0},{"damage":25.0,"enemies":"2 Thieves","floor":21.0,"turns":4.0},{"damage":10.0,"enemies":"Cultist and Chosen","floor":25.0,"turns":8.0},{"damage":16.0,"enemies":"Snake Plant","floor":27.0,"turns":8.0},{"damage":5.0,"enemies":"Snecko","floor":28.0,"turns":6.0},{"damage":0.0,"enemies":"Sentry and Sphere","floor":29.0,"turns":5.0},{"damage":44.0,"enemies":"Champ","floor":33.0,"turns":20.0},{"damage":9.0,"enemies":"Orb Walker","floor":35.0,"turns":4.0},{"damage":5.0,"enemies":"3 Darklings","floor":37.0,"turns":7.0},{"damage":21.0,"enemies":"4 Shapes","floor":41.0,"turns":8.0},{"damage":13,"enemies":"Transient","floor":44,"turns":5},{"damage":0,"enemies":"3 Darklings","floor":48,"turns":6},{"damage":64,"enemies":"Time Eater","floor":50,"turns":24}],"seed_played":"-4776519340709541204","potions_obtained":[{"floor":6.0,"key":"AttackPotion"},{"floor":7.0,"key":"Poison Potion"},{"floor":16.0,"key":"GhostInAJar"},{"floor":25.0,"key":"Fire Potion"},{"floor":35.0,"key":"Strength Potion"},{"floor":41.0,"key":"Energy Potion"}],"is_trial":false,"path_per_floor":["M","?","$","?","M","E","M","R","T","R","M","R","M","M","R","B",null,"M","?","?","M","$","R","?","M","T","M","M","M","?","$","R","B",null,"M","?","M","?","T","R","M","$","T","M","$","R","?","M","R","B"],"character_chosen":"THE_SILENT","items_purchased":["Slice","Leg Sweep","Cloak And Dagger","Ornamental Fan","Regen Potion","PiercingWail","Weak Potion","PiercingWail"],"campfire_rested":2,"item_purchase_floors":[3,22,22,22,42,42,45,45],"current_hp_per_floor":[63,52,52,45,45,45,45,45,45,45,41,41,41,41,41,38,67,62,72,72,47,47,47,47,37,37,23,20,22,22,22,47,5,65,58,58,55,55,55,80,61,61,61,65,65,65,85,85,85,21],"gold":29,"neow_bonus":"THREE_ENEMY_KILL","is_prod":false,"is_daily":false,"chose_seed":false,"campfire_upgraded":7,"win_rate":0,"timestamp":1539885915,"path_taken":["M","?","$","?","M","E","M","R","T","R","M","R","M","M","R","BOSS","M","?","?","M","$","R","?","M","T","M","M","M","?","$","R","BOSS","M","?","M","?","?","R","M","$","T","M","$","R","?","?","R","BOSS"],"build_version":"2018-10-11","purchased_purges":1,"victory":true,"max_hp_per_floor":[70,70,70,70,70,70,70,70,70,70,70,70,70,70,70,70,75,75,85,85,85,85,85,85,85,85,85,85,85,85,85,85,85,85,85,85,85,85,85,85,85,85,85,85,85,85,85,85,85,85],"card_choices":[{"not_picked":["Eviscerate","Dodge and Roll"],"picked":"Flying Knee","floor":1.0},{"not_picked":["Prepared","Heel Hook"],"picked":"Predator","floor":5.0},{"not_picked":["Deflect","Riddle With Holes","Underhanded Strike"],"picked":"SKIP","floor":6.0},{"not_picked":["Flechettes","Accuracy"],"picked":"Dodge and Roll","floor":7.0},{"not_picked":["Dodge and Roll","Skewer"],"picked":"Backstab","floor":11.0},{"not_picked":["Underhanded Strike","Backflip"],"picked":"Dodge and Roll","floor":13.0},{"not_picked":["Sucker Punch","Masterful Stab"],"picked":"Crippling Poison","floor":14.0},{"not_picked":["After Image","Tools of the Trade"],"picked":"Envenom","floor":16.0},{"not_picked":["Deadly Poison","Quick Slash"],"picked":"Slice","floor":17.0},{"not_picked":["Slice","Blade Dance"],"picked":"Well Laid Plans","floor":18.0},{"not_picked":["Underhanded Strike","Acrobatics"],"picked":"Noxious Fumes","floor":21.0},{"not_picked":["Deadly Poison","Slice"],"picked":"Dodge and Roll","floor":25.0},{"not_picked":["Accuracy","Slice"],"picked":"Night Terror","floor":27.0},{"not_picked":["Outmaneuver","Poisoned Stab"],"picked":"Dodge and Roll","floor":28.0},{"not_picked":["Bane","Outmaneuver"],"picked":"Deflect+1","floor":29.0},{"not_picked":["Unload","Phantasmal Killer"],"picked":"Storm of Steel","floor":33.0},{"not_picked":["Outmaneuver+1","Dodge and Roll"],"picked":"Blade Dance","floor":35.0},{"not_picked":["Poisoned Stab","Outmaneuver+1","All Out Attack"],"picked":"SKIP","floor":37.0},{"not_picked":["Forethought","Finesse"],"picked":"Master of Strategy","floor":38.0},{"not_picked":["Dash","Outmaneuver+1"],"picked":"Blur","floor":41.0},{"not_picked":["Underhanded Strike","Dagger Throw"],"picked":"Heel Hook","floor":44},{"not_picked":["Deflect","Outmaneuver+1","Quick Slash"],"picked":"SKIP","floor":48}],"player_experience":3090507,"relics_obtained":[{"floor":6.0,"key":"Kunai"},{"floor":9.0,"key":"Vajra"},{"floor":26.0,"key":"Blood Vial"},{"floor":39.0,"key":"Sundial"},{"floor":43.0,"key":"Ninja Scroll"}],"event_choices":[{"event_name":"World of Goop","player_choice":"Gather Gold","floor":2.0,"damage_taken":0.0},{"event_name":"Golden Wing","player_choice":"Card Removal","floor":4.0,"damage_taken":0.0},{"event_name":"The Mausoleum","player_choice":"Yes","floor":19.0,"damage_taken":0.0},{"event_name":"N\u0027loth","player_choice":"Traded a Tiny House","floor":20.0,"damage_taken":0.0},{"event_name":"Beggar","player_choice":"Ignored","floor":24.0,"damage_taken":0.0},{"event_name":"Addict","player_choice":"Obtained Relic","floor":30.0,"damage_taken":0.0},{"event_name":"Fountain of Cleansing","player_choice":"Removed Curse","floor":36.0,"damage_taken":0.0},{"event_name":"SensoryStone","player_choice":"Memory 1","floor":38.0,"damage_taken":0.0},{"event_name":"Wheel of Change","player_choice":"Full Heal","floor":47,"damage_taken":0}],"is_beta":false,"boss_relics":[{"not_picked":["Coffee Dripper","Black Star"],"picked":"Tiny House"},{"not_picked":["Orrery","Empty Cage"],"picked":"Ring of the Serpent"}],"items_purged_floors":[3],"is_endless":false,"potions_floor_spawned":[6,7,16,21,25,27,35,41],"ascension_level":12}