{"gold_per_floor":[118,118,138,138,138,138,157,157,157,211,228,248,248,267,267,371,371,383,259,293,310,322,322,46,46],"floor_reached":25,"playtime":10526,"items_purged":["Strike_R"],"score":251,"play_id":"ab4cf5f5-642f-4a67-b09d-b91e98678376","local_time":"20190210224713","is_ascension_mode":true,"campfire_choices":[{"data":"True Grit","floor":6,"key":"SMITH"},{"data":"Whirlwind","floor":8,"key":"SMITH"},{"data":"Perfected Strike","floor":13,"key":"SMITH"},{"data":"Shrug It Off","floor":15,"key":"SMITH"},{"floor":23,"key":"REST"}],"neow_cost":"NONE","seed_source_timestamp":1399330657925260,"circlet_count":0,"master_deck":["Strike_R","Strike_R","Strike_R","Strike_R","Defend_R","Defend_R","Defend_R","Defend_R","Bash+1","True Grit+1","Whirlwind+1","Perfected Strike+1","Shrug It Off+1","Iron Wave","Reaper","Thunderclap","Warcry+1","Evolve"],"relics":["Burning Blood","Potion Belt","Dream Catcher","Tiny Chest","Busted Crown","Red Mask","Chemical X"],"potions_floor_usage":[5,16,16,22,25,25],"damage_taken":[{"damage":8,"enemies":"Jaw Worm","floor":1,"turns":4},{"damage":0,"enemies":"2 Louse","floor":3,"turns":3},{"damage":1,"enemies":"Cultist","floor":7,"turns":3},{"damage":1,"enemies":"Exordium Thugs","floor":11,"turns":3},{"damage":0,"enemies":"Large Slime","floor":12,"turns":6},{"damage":3,"enemies":"Blue Slaver","floor":14,"turns":3},{"damage":39,"enemies":"Slime Boss","floor":16,"turns":12},{"damage":3,"enemies":"3 Byrds","floor":18,"turns":5},{"damage":12,"enemies":"Masked Bandits","floor":20,"turns":3},{"damage":18,"enemies":"2 Thieves","floor":21,"turns":4},{"damage":60,"enemies":"Sentry and Sphere","floor":22,"turns":10},{"damage":65,"enemies":"Book of Stabbing","floor":25,"turns":5}],"seed_played":"3210621120954639826","potions_obtained":[{"floor":1,"key":"Explosive Potion"},{"floor":3,"key":"SkillPotion"},{"floor":5,"key":"Poison Potion"},{"floor":5,"key":"Fruit Juice"},{"floor":5,"key":"EssenceOfSteel"},{"floor":7,"key":"Energy Potion"},{"floor":16,"key":"SteroidPotion"},{"floor":18,"key":"BloodPotion"},{"floor":20,"key":"AttackPotion"}],"is_trial":false,"path_per_floor":["M","?","M","?","?","R","M","R","T","T","M","M","R","M","R","B",null,"M","$","?","M","M","R","$","E"],"character_chosen":"IRONCLAD","items_purchased":["Thunderclap","Chemical X","Evolve"],"campfire_rested":1,"item_purchase_floors":[19,24,24],"current_hp_per_floor":[70,75,81,74,79,79,84,84,84,84,89,90,90,90,90,57,82,90,90,84,82,28,55,55,0],"gold":46,"neow_bonus":"UPGRADE_CARD","is_prod":false,"is_daily":false,"chose_seed":false,"campfire_upgraded":4,"win_rate":0,"timestamp":1549835233,"path_taken":["M","?","M","?","?","R","?","R","T","?","M","M","R","M","R","BOSS","M","$","?","M","M","R","$","E"],"build_version":"2019-01-23","purchased_purges":1,"victory":false,"max_hp_per_floor":[80,85,85,85,90,90,90,90,90,90,90,90,90,90,90,90,90,90,90,90,90,90,90,90,90],"card_choices":[{"not_picked":["Second Wind","Body Slam"],"picked":"True Grit","floor":1},{"not_picked":["Combust","Rampage"],"picked":"Whirlwind","floor":3},{"not_picked":["Fire Breathing","Anger"],"picked":"Perfected Strike","floor":7},{"not_picked":["Havoc","Iron Wave"],"picked":"Shrug It Off","floor":11},{"not_picked":["Second Wind","Entrench","Havoc"],"picked":"SKIP","floor":12},{"not_picked":["Blood for Blood","Rupture"],"picked":"Iron Wave","floor":14},{"not_picked":["Impervious","Dark Embrace"],"picked":"Reaper","floor":16},{"not_picked":["Body Slam"],"picked":"SKIP","floor":18},{"not_picked":[],"picked":"Warcry+1","floor":20},{"not_picked":["True Grit"],"picked":"SKIP","floor":21},{"not_picked":["Sword Boomerang+1"],"picked":"SKIP","floor":22}],"player_experience":370608,"relics_obtained":[{"floor":9,"key":"Dream Catcher"},{"floor":10,"key":"Tiny Chest"},{"floor":20,"key":"Red Mask"}],"event_choices":[{"damage_healed":0,"gold_gain":0,"player_choice":"Donut","damage_taken":0,"max_hp_gain":5,"max_hp_loss":0,"event_name":"Big Fish","floor":2,"gold_loss":0},{"damage_healed":0,"gold_gain":0,"player_choice":"Success","damage_taken":7,"relics_obtained":["Potion Belt"],"max_hp_gain":0,"max_hp_loss":0,"event_name":"Scrap Ooze","floor":4,"gold_loss":0},{"damage_healed":0,"gold_gain":0,"player_choice":"Got Potions","damage_taken":0,"max_hp_gain":0,"max_hp_loss":0,"event_name":"Lab","floor":5,"gold_loss":0},{"damage_healed":0,"gold_gain":0,"player_choice":"Fought Bandits","damage_taken":0,"max_hp_gain":0,"max_hp_loss":0,"event_name":"Masked Bandits","floor":20,"gold_loss":0}],"is_beta":false,"boss_relics":[{"not_picked":["Coffee Dripper","Lizard Tail"],"picked":"Busted Crown"}],"items_purged_floors":[19],"is_endless":false,"potions_floor_spawned":[1,3,7,16,18,20],"killed_by":"Book of Stabbing","ascension_level":6}