{"gold_per_floor":[20,30,30,30,45,75,75,0,0,34,48,48,82,82,82,186,186,197,216,216,116,193,225,237,268,268,268,281,297,297,314,314,415,415,426,301,68,88,88,88,121,136,161,161,11,111,111,127,127,127],"floor_reached":50,"playtime":4842,"items_purged":["Decay","Strike_G","Defend_G","Defend_G"],"score":830,"play_id":"8f235898-2461-4be5-9bc3-9560c81e87b7","local_time":"20181201121208","is_ascension_mode":true,"campfire_choices":[{"floor":7,"key":"RECALL"},{"floor":15,"key":"REST"},{"floor":27,"key":"REST"},{"floor":30,"key":"REST"},{"floor":32,"key":"REST"},{"data":"Noxious Fumes","floor":40,"key":"SMITH"},{"floor":47,"key":"REST"},{"floor":49,"key":"REST"}],"neow_cost":"NO_GOLD","seed_source_timestamp":43167945787975,"circlet_count":0,"master_deck":["AscendersBane","Defend_G","Defend_G","Defend_G","Strike_G+1","Survivor","Neutralize","Dagger Spray","Noxious Fumes+1","Poisoned Stab+1","Backflip","Deadly Poison","Dash","Footwork+1","Corpse Explosion","Dodge and Roll","Dodge and Roll","Blur+1","Backflip+1","Dash+1","PiercingWail","Dagger Spray","Caltrops+1","A Thousand Cuts+1","Poisoned Stab+1","Caltrops+1","Backflip+1","PiercingWail+1","Skewer"],"relics":["Ring of the Snake","Thread and Needle","Frozen Egg 2","Ninja Scroll","Lantern","Happy Flower","Lizard Tail","Letter Opener","Whetstone","Art of War","Empty Cage","Lee\u0027s Waffle","Toxic Egg 2","Calipers","Snake Skull","Nunchaku"],"potions_floor_usage":[6,10,10,23,25,31,46,50,50],"damage_taken":[{"damage":4,"enemies":"Jaw Worm","floor":1,"turns":5},{"damage":1,"enemies":"Cultist","floor":2,"turns":4},{"damage":0,"enemies":"Small Slimes","floor":5,"turns":4},{"damage":5,"enemies":"3 Sentries","floor":6,"turns":6},{"damage":9,"enemies":"Lagavulin","floor":10,"turns":6},{"damage":1,"enemies":"2 Fungi Beasts","floor":11,"turns":3},{"damage":25,"enemies":"3 Sentries","floor":13,"turns":8},{"damage":9,"enemies":"Hexaghost","floor":16,"turns":9},{"damage":5,"enemies":"Shell Parasite","floor":18,"turns":5},{"damage":16,"enemies":"2 Thieves","floor":19,"turns":3},{"damage":40,"enemies":"Gremlin Leader","floor":23,"turns":10},{"damage":1,"enemies":"3 Cultists","floor":24,"turns":3},{"damage":17,"enemies":"Book of Stabbing","floor":25,"turns":7},{"damage":3,"enemies":"Centurion and Healer","floor":28,"turns":5},{"damage":3,"enemies":"Snecko","floor":29,"turns":6},{"damage":0,"enemies":"Sentry and Sphere","floor":31,"turns":7},{"damage":56,"enemies":"Automaton","floor":33,"turns":13},{"damage":6,"enemies":"3 Darklings","floor":35,"turns":6},{"damage":0,"enemies":"3 Shapes","floor":38,"turns":6},{"damage":39,"enemies":"Reptomancer","floor":41,"turns":8},{"damage":0,"enemies":"Jaw Worm Horde","floor":42,"turns":3},{"damage":0,"enemies":"Mind Bloom Boss Battle","floor":46,"turns":6},{"damage":43,"enemies":"Spire Growth","floor":48,"turns":6},{"damage":41,"enemies":"Awakened One","floor":50,"turns":14}],"seed_played":"-7545871205266400021","potions_obtained":[{"floor":2,"key":"Block Potion"},{"floor":5,"key":"Explosive Potion"},{"floor":6,"key":"Strength Potion"},{"floor":13,"key":"Ancient Potion"},{"floor":16,"key":"LiquidBronze"},{"floor":19,"key":"AttackPotion"},{"floor":25,"key":"GamblersBrew"},{"floor":29,"key":"GamblersBrew"},{"floor":35,"key":"GhostInAJar"},{"floor":41,"key":"Strength Potion"}],"is_trial":false,"path_per_floor":["M","M","?","$","M","E","R","$","T","E","M","$","E","?","R","B",null,"M","M","?","$","T","E","M","E","T","R","M","M","R","M","R","B",null,"M","$","$","M","?","R","E","M","T","?","$","?","R","M","R","B"],"character_chosen":"THE_SILENT","items_purchased":["Caltrops+1","Lee\u0027s Waffle"],"campfire_rested":6,"item_purchase_floors":[37,37],"current_hp_per_floor":[59,58,58,58,58,53,53,53,53,44,43,43,18,18,39,30,60,55,39,39,39,39,35,34,17,17,38,35,32,53,53,70,14,56,50,50,77,77,77,77,38,38,38,38,38,38,61,18,41,0],"gold":127,"neow_bonus":"ONE_RARE_RELIC","is_prod":false,"is_daily":false,"chose_seed":false,"campfire_upgraded":1,"win_rate":0,"timestamp":1543666328,"path_taken":["M","M","?","$","?","E","R","$","T","E","M","?","E","?","R","BOSS","M","M","?","$","?","E","M","E","T","R","M","?","R","M","R","BOSS","M","?","$","M","?","R","E","?","T","?","$","?","R","M","R","BOSS"],"build_version":"2018-11-15","purchased_purges":4,"victory":false,"max_hp_per_floor":[70,70,70,70,70,70,70,70,70,70,70,70,70,70,70,70,70,70,70,70,70,70,70,70,70,70,70,70,70,70,70,70,70,70,70,70,77,77,77,77,77,77,77,77,77,77,77,77,77,77],"card_choices":[{"not_picked":["Deflect","Dagger Throw"],"picked":"Dagger Spray","floor":1},{"not_picked":["All Out Attack","Backflip"],"picked":"Noxious Fumes","floor":2},{"not_picked":["Infinite Blades","PiercingWail"],"picked":"Poisoned Stab","floor":5},{"not_picked":["Outmaneuver","Glass Knife"],"picked":"Backflip","floor":6},{"not_picked":["Dagger Spray","Calculated Gamble"],"picked":"Deadly Poison","floor":10},{"not_picked":["Finisher","Flechettes"],"picked":"Dash","floor":11},{"not_picked":["Dodge and Roll","Blade Dance"],"picked":"Footwork+1","floor":13},{"not_picked":["Burst","Tools of the Trade+1"],"picked":"Corpse Explosion","floor":16},{"not_picked":["Blade Dance","Infinite Blades+1"],"picked":"Dodge and Roll","floor":18},{"not_picked":["Prepared","Bane"],"picked":"Dodge and Roll","floor":19},{"not_picked":["Deadly Poison+1","Predator"],"picked":"Blur+1","floor":23},{"not_picked":["Leg Sweep","Deflect+1"],"picked":"Backflip+1","floor":24},{"not_picked":["Deflect","Acrobatics+1"],"picked":"Dash+1","floor":25},{"not_picked":["Reflex","Backflip"],"picked":"PiercingWail","floor":28},{"not_picked":["Concentrate+1","Underhanded Strike"],"picked":"Dagger Spray","floor":29},{"not_picked":["Cloak And Dagger","Bane"],"picked":"Caltrops+1","floor":31},{"not_picked":["Unload","Doppelganger"],"picked":"A Thousand Cuts+1","floor":33},{"not_picked":["Quick Slash","Dagger Throw"],"picked":"Poisoned Stab+1","floor":35},{"not_picked":["Eviscerate","Poisoned Stab","Outmaneuver"],"picked":"SKIP","floor":38},{"not_picked":["Doppelganger+1","Blade Dance+1"],"picked":"Backflip+1","floor":41},{"not_picked":["Backflip+1","Masterful Stab+1"],"picked":"PiercingWail+1","floor":42},{"not_picked":["Poisoned Stab","Calculated Gamble+1"],"picked":"Skewer","floor":46},{"not_picked":["Backflip+1","Bane","Slice"],"picked":"SKIP","floor":48}],"player_experience":926440,"relics_obtained":[{"floor":6,"key":"Frozen Egg 2"},{"floor":9,"key":"Ninja Scroll"},{"floor":10,"key":"Lantern"},{"floor":13,"key":"Happy Flower"},{"floor":23,"key":"Letter Opener"},{"floor":25,"key":"Whetstone"},{"floor":26,"key":"Art of War"},{"floor":41,"key":"Calipers"},{"floor":43,"key":"Snake Skull"},{"floor":46,"key":"Nunchaku"}],"event_choices":[{"damage_healed":0,"gold_gain":0,"player_choice":"Cursed","damage_taken":0,"max_hp_gain":0,"max_hp_loss":0,"event_name":"Wheel of Change","floor":3,"gold_loss":0,"cards_obtained":["Decay"]},{"damage_healed":0,"gold_gain":0,"player_choice":"Ignored","damage_taken":0,"max_hp_gain":0,"max_hp_loss":0,"event_name":"Liars Game","floor":14,"gold_loss":0},{"cards_removed":["Strike_G"],"damage_healed":0,"gold_gain":0,"player_choice":"Purged","damage_taken":0,"max_hp_gain":0,"max_hp_loss":0,"event_name":"Purifier","floor":20,"gold_loss":0},{"damage_healed":0,"gold_gain":0,"player_choice":"Gave Potion","damage_taken":0,"relics_obtained":["Toxic Egg 2"],"max_hp_gain":0,"max_hp_loss":0,"event_name":"WeMeetAgain","floor":39,"gold_loss":0},{"damage_healed":0,"gold_gain":0,"player_choice":"Ignored","damage_taken":0,"max_hp_gain":0,"max_hp_loss":0,"event_name":"Tomb of Lord Red Mask","floor":44,"gold_loss":0},{"damage_healed":0,"gold_gain":0,"player_choice":"Fight","damage_taken":0,"max_hp_gain":0,"max_hp_loss":0,"event_name":"MindBloom","floor":46,"gold_loss":0}],"is_beta":false,"boss_relics":[{"not_picked":["Tiny House","Philosopher\u0027s Stone"],"picked":"Lizard Tail"},{"not_picked":["Snecko Eye","Runic Dome"],"picked":"Empty Cage"}],"items_purged_floors":[8,21,36,45],"is_endless":false,"potions_floor_spawned":[2,5,6,13,16,19,25,29,35,38,41],"killed_by":"Awakened One","ascension_level":10}