{"gold_per_floor":[20,31,31,42,42,75,75,105,105,105,122,135,149,28,28,102,102,121,121,121,138,138,138,138],"floor_reached":24,"playtime":1290,"items_purged":["Regret"],"score":333,"play_id":"d24c1b0c-f2b5-485f-8193-62e94ea520a2","local_time":"20181203234859","is_ascension_mode":true,"campfire_choices":[{"floor":7,"key":"RECALL"},{"data":"Immolate","floor":10,"key":"SMITH"},{"floor":15,"key":"REST"},{"floor":23,"key":"REST"}],"neow_cost":"NO_GOLD","seed_source_timestamp":261327595235672,"circlet_count":0,"master_deck":["AscendersBane","Bash","Immolate+1","Dark Embrace","Pummel","Cleave","Burning Pact","Thunderclap","Shrug It Off","Reaper","Shockwave","Sword Boomerang","Shrug It Off","Hemokinesis","Rampage","Battle Trance","Wild Strike","Twin Strike","Spot Weakness"],"relics":["Burning Blood","Darkstone Periapt","Bottled Flame","Tiny Chest","Vajra","Pandora\u0027s Box"],"potions_floor_usage":[16,16,24],"damage_taken":[{"damage":0,"enemies":"2 Louse","floor":1,"turns":1},{"damage":7,"enemies":"Small Slimes","floor":2,"turns":3},{"damage":13,"enemies":"Cultist","floor":4,"turns":4},{"damage":38,"enemies":"3 Sentries","floor":6,"turns":4},{"damage":14,"enemies":"Red Slaver","floor":11,"turns":2},{"damage":11,"enemies":"Blue Slaver","floor":12,"turns":3},{"damage":0,"enemies":"3 Louse","floor":13,"turns":1},{"damage":53,"enemies":"The Guardian","floor":16,"turns":16},{"damage":27,"enemies":"Spheric Guardian","floor":18,"turns":4},{"damage":12,"enemies":"3 Byrds","floor":21,"turns":3},{"damage":14,"enemies":"Colosseum Slavers","floor":24,"turns":2},{"damage":66,"enemies":"Colosseum Nobs","floor":24,"turns":4}],"seed_played":"-1339220385172129437","potions_obtained":[{"floor":1,"key":"SmokeBomb"},{"floor":6,"key":"Dexterity Potion"},{"floor":11,"key":"Swift Potion"},{"floor":21,"key":"Explosive Potion"}],"is_trial":false,"path_per_floor":["M","M","?","M","?","E","R","?","T","R","M","M","M","$","R","B",null,"M","T","?","M","$","R","?"],"character_chosen":"IRONCLAD","items_purchased":["Shrug It Off"],"campfire_rested":2,"item_purchase_floors":[14],"current_hp_per_floor":[74,73,79,72,72,40,40,40,40,40,32,27,33,33,57,10,63,42,42,42,36,36,60,0],"gold":138,"neow_bonus":"TRANSFORM_TWO_CARDS","is_prod":false,"is_daily":false,"chose_seed":false,"campfire_upgraded":1,"win_rate":0,"timestamp":1543880939,"path_taken":["M","M","?","M","?","E","R","?","T","R","?","M","M","$","R","BOSS","M","?","?","M","$","R","?"],"build_version":"2018-11-15","purchased_purges":1,"victory":false,"max_hp_per_floor":[75,75,81,81,81,81,81,81,81,81,81,81,81,81,81,81,81,81,81,81,81,81,81,81],"card_choices":[{"not_picked":["Power Through","Rupture","Evolve"],"picked":"SKIP","floor":1},{"not_picked":["True Grit","Armaments"],"picked":"Pummel","floor":2},{"not_picked":["Havoc","Body Slam"],"picked":"Cleave","floor":4},{"not_picked":["Double Tap","Sword Boomerang"],"picked":"Corruption","floor":6},{"not_picked":["Warcry","Iron Wave","Armaments"],"picked":"SKIP","floor":11},{"not_picked":["Sword Boomerang","Power Through"],"picked":"Burning Pact","floor":12},{"not_picked":["Bloodletting","Feel No Pain"],"picked":"Thunderclap","floor":13},{"not_picked":["Immolate","Exhume"],"picked":"Reaper","floor":16},{"not_picked":["Rupture","Heavy Blade"],"picked":"Twin Strike","floor":18},{"not_picked":["Cleave","Carnage"],"picked":"Spot Weakness","floor":21}],"player_experience":936023,"relics_obtained":[{"floor":6,"key":"Bottled Flame"},{"floor":9,"key":"Vajra"}],"event_choices":[{"damage_healed":0,"gold_gain":0,"player_choice":"Box","damage_taken":0,"relics_obtained":["Darkstone Periapt"],"max_hp_gain":0,"max_hp_loss":0,"event_name":"Big Fish","floor":3,"gold_loss":0,"cards_obtained":["Regret"]},{"damage_healed":0,"gold_gain":0,"player_choice":"Leave","damage_taken":0,"max_hp_gain":0,"max_hp_loss":0,"event_name":"The Cleric","floor":5,"gold_loss":0},{"damage_healed":0,"gold_gain":0,"player_choice":"Gave Potion","damage_taken":0,"relics_obtained":["Tiny Chest"],"max_hp_gain":0,"max_hp_loss":0,"event_name":"WeMeetAgain","floor":8,"gold_loss":0},{"cards_removed":["Corruption"],"damage_healed":0,"gold_gain":0,"player_choice":"Elegance","damage_taken":0,"max_hp_gain":0,"max_hp_loss":0,"event_name":"Back to Basics","floor":20,"gold_loss":0},{"damage_healed":0,"gold_gain":0,"player_choice":"Fight","damage_taken":0,"max_hp_gain":0,"max_hp_loss":0,"event_name":"Colosseum","floor":24,"gold_loss":0},{"damage_healed":0,"gold_gain":0,"player_choice":"Fought Nobs","damage_taken":0,"max_hp_gain":0,"max_hp_loss":0,"event_name":"Colosseum","floor":24,"gold_loss":0}],"is_beta":false,"boss_relics":[{"not_picked":["Lizard Tail","Fusion Hammer"],"picked":"Pandora\u0027s Box"}],"items_purged_floors":[14],"is_endless":false,"potions_floor_spawned":[1,6,11,13,21,24],"killed_by":"Colosseum Nobs","ascension_level":14}