{"gold_per_floor":[114,64,75,87,106,106,157,187,241,241,19,19,19,38,38,142,142,156,173,173,185,205,205,219,219,249,249,249,262,262,275,275,371,371,391,410,429,301,301,301,3,3,3,3,23,23,23,37,37,37],"floor_reached":51,"playtime":1793,"items_purged":["Strike_G"],"score":889,"play_id":"fb40186c-6d19-4910-b245-d51ee5bdbbae","local_time":"20190210230141","is_ascension_mode":false,"campfire_choices":[{"data":"Choke","floor":6,"key":"SMITH"},{"data":"Footwork","floor":10,"key":"SMITH"},{"data":"Neutralize","floor":13,"key":"SMITH"},{"floor":15,"key":"REST"},{"data":"Malaise","floor":23,"key":"SMITH"},{"data":"Bouncing Flask","floor":25,"key":"SMITH"},{"data":"Calculated Gamble","floor":28,"key":"SMITH"},{"floor":32,"key":"REST"},{"data":"Choke","floor":40,"key":"SMITH"},{"data":"Bouncing Flask","floor":42,"key":"SMITH"},{"data":"Crippling Poison","floor":46,"key":"SMITH"},{"data":"Dash","floor":49,"key":"SMITH"}],"neow_cost":"NONE","seed_source_timestamp":19261573758918,"circlet_count":0,"master_deck":["Defend_G","Defend_G","Defend_G+1","Defend_G+1","Defend_G+1","Strike_G+1","Strike_G+1","Strike_G","Survivor","Neutralize+1","Calculated Gamble+1","Footwork+1","Choke+1","Underhanded Strike","Bouncing Flask+1","Backflip","Malaise+1","Infinite Blades+1","Sucker Punch+1","Dash+1","Bouncing Flask+1","Ghostly","Ghostly","Ghostly","Ghostly","Ghostly","Crippling Poison+1","Necronomicurse","Choke+1","Corpse Explosion","Bouncing Flask+1","Envenom","Riddle With Holes+1"],"relics":["Snecko Eye","Smiling Mask","Odd Mushroom","Whetstone","War Paint","Runic Dome","Tiny Chest","Necronomicon","Coffee Dripper","Incense Burner","Kunai"],"potions_floor_usage":[8,21,21,33,36,50],"damage_taken":[{"damage":2,"enemies":"Jaw Worm","floor":1,"turns":7},{"damage":0,"enemies":"2 Louse","floor":3,"turns":7},{"damage":0,"enemies":"Small Slimes","floor":4,"turns":6},{"damage":23,"enemies":"2 Fungi Beasts","floor":5,"turns":7},{"damage":7,"enemies":"The Mushroom Lair","floor":8,"turns":5},{"damage":1,"enemies":"Blue Slaver","floor":14,"turns":2},{"damage":0,"enemies":"The Guardian","floor":16,"turns":8},{"damage":0,"enemies":"Shell Parasite","floor":18,"turns":4},{"damage":6,"enemies":"3 Byrds","floor":19,"turns":6},{"damage":6,"enemies":"Cultist and Chosen","floor":21,"turns":5},{"damage":10,"enemies":"Shelled Parasite and Fungi","floor":22,"turns":6},{"damage":0,"enemies":"Snecko","floor":24,"turns":5},{"damage":0,"enemies":"Centurion and Healer","floor":29,"turns":8},{"damage":4,"enemies":"3 Cultists","floor":31,"turns":6},{"damage":0,"enemies":"Automaton","floor":33,"turns":8},{"damage":2,"enemies":"Orb Walker","floor":35,"turns":2},{"damage":0,"enemies":"3 Darklings","floor":36,"turns":3},{"damage":2,"enemies":"Jaw Worm Horde","floor":37,"turns":3},{"damage":0,"enemies":"4 Shapes","floor":45,"turns":5},{"damage":0,"enemies":"Maw","floor":48,"turns":6},{"damage":0,"enemies":"Donu and Deca","floor":50,"turns":6}],"seed_played":"8298058960688208781","potions_obtained":[{"floor":1,"key":"FearPotion"},{"floor":5,"key":"GhostInAJar"},{"floor":14,"key":"AttackPotion"},{"floor":16,"key":"Ancient Potion"},{"floor":19,"key":"SkillPotion"},{"floor":24,"key":"GamblersBrew"},{"floor":31,"key":"Energy Potion"},{"floor":33,"key":"EssenceOfSteel"},{"floor":45,"key":"Block Potion"}],"is_trial":false,"path_per_floor":["M","?","M","M","M","R","T","?","T","R","$","?","R","M","R","B",null,"M","M","?","M","M","R","M","R","T","?","R","M","?","M","R","B",null,"M","M","M","$","?","R","$","R","T","?","M","R","?","M","R","B",null],"character_chosen":"THE_SILENT","items_purchased":["Bouncing Flask","War Paint","Bouncing Flask","Incense Burner"],"campfire_rested":2,"item_purchase_floors":[11,11,38,41],"current_hp_per_floor":[68,68,68,68,45,45,45,38,38,38,38,24,24,23,44,44,70,70,64,51,45,35,35,35,35,35,35,35,35,19,15,26,26,37,35,35,33,33,33,33,33,33,33,33,33,33,33,33,33,33],"gold":37,"neow_bonus":"BOSS_RELIC","is_prod":false,"is_daily":false,"chose_seed":false,"campfire_upgraded":10,"win_rate":0,"timestamp":1549861301,"path_taken":["M","?","M","M","M","R","?","?","T","R","$","?","R","M","R","BOSS","M","M","?","M","M","R","M","R","T","?","R","M","?","M","R","BOSS","M","M","M","$","?","R","$","R","T","?","M","R","?","M","R","BOSS"],"build_version":"2019-01-23","purchased_purges":1,"victory":true,"max_hp_per_floor":[70,70,70,70,70,70,70,70,70,70,70,70,70,70,70,70,70,70,70,75,75,75,75,75,75,75,37,37,37,37,37,37,37,37,37,37,37,37,37,37,37,37,37,37,37,37,35,35,35,35],"card_choices":[{"not_picked":["Reflex","Quick Slash"],"picked":"Calculated Gamble","floor":1},{"not_picked":["Acrobatics","Predator"],"picked":"Footwork","floor":3},{"not_picked":["Finisher","Dagger Throw","Masterful Stab"],"picked":"SKIP","floor":4},{"not_picked":["Footwork","Outmaneuver"],"picked":"Choke","floor":5},{"not_picked":["Dagger Spray","Endless Agony"],"picked":"Underhanded Strike","floor":8},{"not_picked":["PiercingWail","Backstab"],"picked":"Backflip","floor":14},{"not_picked":["Doppelganger","Unload"],"picked":"Malaise","floor":16},{"not_picked":["Slice+1","Blade Dance+1","Deadly Poison"],"picked":"SKIP","floor":18},{"not_picked":["Poisoned Stab","Concentrate"],"picked":"Infinite Blades+1","floor":19},{"not_picked":["Catalyst","Outmaneuver"],"picked":"Sucker Punch+1","floor":21},{"not_picked":["Backflip+1","Setup"],"picked":"Dash","floor":22},{"not_picked":["Infinite Blades","Dagger Throw"],"picked":"Bouncing Flask","floor":24},{"not_picked":["Heel Hook","Deadly Poison"],"picked":"Crippling Poison","floor":29},{"not_picked":["Riddle With Holes","Blade Dance+1"],"picked":"Choke","floor":31},{"not_picked":["Tools of the Trade","Storm of Steel"],"picked":"Corpse Explosion","floor":33},{"not_picked":["Prepared+1","Slice+1","Masterful Stab+1"],"picked":"SKIP","floor":35},{"not_picked":["Sucker Punch+1","Flechettes+1","Setup"],"picked":"SKIP","floor":36},{"not_picked":["Concentrate","Quick Slash","Slice"],"picked":"SKIP","floor":37},{"not_picked":["Underhanded Strike+1","Quick Slash"],"picked":"Envenom","floor":45},{"not_picked":["Finisher","Infinite Blades+1"],"picked":"Riddle With Holes+1","floor":48}],"player_experience":780544,"relics_obtained":[{"floor":7,"key":"Smiling Mask"},{"floor":8,"key":"Odd Mushroom"},{"floor":9,"key":"Whetstone"},{"floor":26,"key":"Tiny Chest"},{"floor":30,"key":"Necronomicon"},{"floor":43,"key":"Kunai"}],"event_choices":[{"cards_removed":["Strike_G"],"damage_healed":0,"gold_gain":0,"player_choice":"Card Removal","damage_taken":0,"max_hp_gain":0,"max_hp_loss":0,"event_name":"The Cleric","floor":2,"gold_loss":50},{"damage_healed":0,"gold_gain":0,"player_choice":"Fought Mushrooms","damage_taken":0,"max_hp_gain":0,"max_hp_loss":0,"event_name":"Mushrooms","floor":8,"gold_loss":0},{"damage_healed":0,"gold_gain":0,"player_choice":"Entered Light","damage_taken":14,"max_hp_gain":0,"max_hp_loss":0,"event_name":"Shining Light","floor":12,"gold_loss":0,"cards_upgraded":["Defend_G","Defend_G"]},{"damage_healed":0,"gold_gain":0,"player_choice":"Shed Blood","damage_taken":18,"max_hp_gain":5,"max_hp_loss":0,"event_name":"Forgotten Altar","floor":20,"gold_loss":0},{"damage_healed":0,"gold_gain":0,"player_choice":"Became a Ghost","damage_taken":0,"max_hp_gain":0,"max_hp_loss":38,"event_name":"Ghosts","floor":27,"gold_loss":0,"cards_obtained":["Ghostly","Ghostly","Ghostly","Ghostly","Ghostly"]},{"damage_healed":0,"gold_gain":0,"player_choice":"Obtained Book","damage_taken":16,"max_hp_gain":0,"max_hp_loss":0,"event_name":"Cursed Tome","floor":30,"gold_loss":0},{"damage_healed":0,"gold_gain":0,"player_choice":"Ignored","damage_taken":0,"max_hp_gain":0,"max_hp_loss":0,"event_name":"Tomb of Lord Red Mask","floor":39,"gold_loss":0},{"damage_healed":0,"gold_gain":0,"player_choice":"Memory 1","damage_taken":0,"max_hp_gain":0,"max_hp_loss":0,"event_name":"SensoryStone","floor":44,"gold_loss":0},{"damage_healed":0,"gold_gain":0,"player_choice":"Max HP","damage_taken":0,"max_hp_gain":0,"max_hp_loss":2,"event_name":"Winding Halls","floor":47,"gold_loss":0}],"is_beta":false,"boss_relics":[{"not_picked":["HoveringKite","Calling Bell"],"picked":"Runic Dome"},{"not_picked":["Astrolabe","Lizard Tail"],"picked":"Coffee Dripper"}],"items_purged_floors":[38],"is_endless":false,"potions_floor_spawned":[1,5,14,16,19,24,31,33,45,48],"ascension_level":0}