{"gold_per_floor":[113,113,26,41,58,88,108,126,174,185,185,185,205,205,205,302,302,319,319,330,245,59,86,86,106,106,106,106,5,25,43,43,43],"floor_reached":33,"playtime":4226,"items_purged":[],"score":267,"play_id":"ad3392c5-30be-4358-b246-bfd6e67e8a45","local_time":"20190201015121","is_ascension_mode":false,"campfire_choices":[{"floor":11,"key":"REST"},{"floor":12,"key":"REST"},{"floor":15,"key":"REST"},{"floor":24,"key":"REST"},{"floor":28,"key":"REST"},{"floor":32,"key":"REST"}],"neow_cost":"CURSE","seed_source_timestamp":1148411503745589,"circlet_count":0,"master_deck":["Strike_R","Strike_R","Strike_R","Strike_R","Strike_R","Defend_R","Defend_R","Defend_R","Defend_R","Bash+1","Battle Trance","Swift Strike","Anger","Rampage","Rampage","Iron Wave","Fire Breathing","Fire Breathing","Barricade","Fire Breathing+1","Rage","Magnetism","Anger","Sever Soul","Pommel Strike","Carnage","Sword Boomerang+1"],"relics":["Burning Blood","WingedGreaves","Happy Flower","Pen Nib","Odd Mushroom","Lizard Tail","Question Card","Omamori","Shovel"],"potions_floor_usage":[6,10,16,23,23,30],"damage_taken":[{"damage":0,"enemies":"Small Slimes","floor":1,"turns":3},{"damage":0,"enemies":"Cultist","floor":4,"turns":4},{"damage":3,"enemies":"Jaw Worm","floor":5,"turns":3},{"damage":26,"enemies":"3 Sentries","floor":6,"turns":8},{"damage":8,"enemies":"Exordium Thugs","floor":7,"turns":4},{"damage":35,"enemies":"Exordium Wildlife","floor":8,"turns":7},{"damage":19,"enemies":"Large Slime","floor":10,"turns":5},{"damage":23,"enemies":"The Mushroom Lair","floor":13,"turns":4},{"damage":26,"enemies":"Hexaghost","floor":16,"turns":7},{"damage":44,"enemies":"Spheric Guardian","floor":18,"turns":6},{"damage":16,"enemies":"Shell Parasite","floor":20,"turns":7},{"damage":89,"enemies":"Gremlin Leader","floor":23,"turns":6},{"damage":44,"enemies":"Snecko","floor":25,"turns":7},{"damage":23,"enemies":"Cultist and Chosen","floor":30,"turns":7},{"damage":12,"enemies":"Snake Plant","floor":31,"turns":4},{"damage":63,"enemies":"Champ","floor":33,"turns":11}],"seed_played":"-6811915056381129896","potions_obtained":[{"floor":4,"key":"Weak Potion"},{"floor":5,"key":"PowerPotion"},{"floor":6,"key":"PowerPotion"},{"floor":16,"key":"FearPotion"},{"floor":18,"key":"LiquidBronze"},{"floor":31,"key":"SpeedPotion"}],"is_trial":false,"path_per_floor":["M","?","$","M","M","E","M","M","T","M","R","R","?","?","R","B",null,"M","?","M","?","$","E","R","M","T","?","R","$","M","M","R","B"],"character_chosen":"IRONCLAD","items_purchased":["Swift Strike","Magnetism","Regen Potion","Pommel Strike"],"campfire_rested":6,"item_purchase_floors":[3,22,29,29],"current_hp_per_floor":[80,80,80,80,80,60,58,29,29,16,40,64,47,47,71,51,80,42,80,70,70,70,34,58,20,20,20,44,44,42,36,60,0],"gold":43,"neow_bonus":"ONE_RARE_RELIC","is_prod":false,"is_daily":false,"chose_seed":false,"campfire_upgraded":0,"win_rate":0.0,"timestamp":1548982281,"path_taken":["M","?","?","M","?","E","M","M","T","M","R","R","?","?","R","BOSS","M","?","?","?","?","E","R","M","T","?","R","$","M","M","R","BOSS"],"build_version":"2019-01-23","purchased_purges":0,"victory":false,"max_hp_per_floor":[80,80,80,80,80,80,80,80,80,80,80,80,80,80,80,80,80,80,80,80,80,80,80,80,80,80,80,80,80,80,80,80,80],"card_choices":[{"not_picked":["Metallicize","Sever Soul"],"picked":"Battle Trance","floor":1},{"not_picked":["Disarm","Sword Boomerang"],"picked":"Anger","floor":4},{"not_picked":["Shrug It Off","Warcry"],"picked":"Rampage","floor":5},{"not_picked":["Warcry","Heavy Blade"],"picked":"Rampage","floor":6},{"not_picked":["Armaments","Anger"],"picked":"Corruption","floor":7},{"not_picked":["Sword Boomerang","Armaments"],"picked":"Iron Wave","floor":8},{"not_picked":["True Grit","Warcry"],"picked":"Fire Breathing","floor":10},{"not_picked":["Power Through","Carnage"],"picked":"Fire Breathing","floor":13},{"not_picked":["Reaper","Impervious"],"picked":"Barricade","floor":16},{"not_picked":["Warcry","Body Slam"],"picked":"Fire Breathing+1","floor":18},{"not_picked":["Bloodletting","Cleave"],"picked":"Rage","floor":20},{"not_picked":["Body Slam","Feel No Pain","Entrench"],"picked":"Anger","floor":23},{"not_picked":["Warcry","Armaments","Body Slam+1"],"picked":"Sever Soul","floor":25},{"not_picked":["Iron Wave","Perfected Strike","Metallicize"],"picked":"Carnage","floor":30},{"not_picked":["Twin Strike","Clothesline","Corruption"],"picked":"Sword Boomerang+1","floor":31}],"player_experience":46488,"relics_obtained":[{"floor":6,"key":"Happy Flower"},{"floor":9,"key":"Pen Nib"},{"floor":13,"key":"Odd Mushroom"},{"floor":23,"key":"Omamori"},{"floor":26,"key":"Shovel"}],"event_choices":[{"damage_healed":0,"gold_gain":0,"player_choice":"Upgraded","damage_taken":0,"max_hp_gain":0,"max_hp_loss":0,"event_name":"Upgrade Shrine","floor":2,"gold_loss":0,"cards_upgraded":["Bash"]},{"damage_healed":0,"gold_gain":0,"player_choice":"Fought Mushrooms","damage_taken":0,"max_hp_gain":0,"max_hp_loss":0,"event_name":"Mushrooms","floor":13,"gold_loss":0},{"cards_removed":["Normality"],"damage_healed":0,"gold_gain":0,"player_choice":"Forget","damage_taken":0,"max_hp_gain":0,"max_hp_loss":0,"event_name":"Living Wall","floor":14,"gold_loss":0},{"cards_removed":["Corruption"],"damage_healed":38,"gold_gain":0,"player_choice":"Offered Uncommon","damage_taken":0,"max_hp_gain":0,"max_hp_loss":0,"event_name":"Bonfire Elementals","floor":19,"gold_loss":0},{"damage_healed":0,"gold_gain":0,"player_choice":"Obtained Relic","damage_taken":0,"relics_obtained":["Question Card"],"max_hp_gain":0,"max_hp_loss":0,"event_name":"Addict","floor":21,"gold_loss":85},{"damage_healed":0,"gold_gain":0,"player_choice":"Smashed Altar","damage_taken":0,"max_hp_gain":0,"max_hp_loss":0,"event_name":"Forgotten Altar","floor":27,"gold_loss":0,"cards_obtained":["Decay"]}],"is_beta":false,"boss_relics":[{"not_picked":["Black Blood","Empty Cage"],"picked":"Lizard Tail"}],"items_purged_floors":[],"is_endless":false,"potions_floor_spawned":[4,5,6,16,18,31],"killed_by":"Champ","ascension_level":0}