{"gold_per_floor":[116,116,8,8,23,23,23,42,65,80,93,93,109,144,144,246,246,260,185,197,197,214,214,234,159,228,243,243],"floor_reached":28,"playtime":1623,"items_purged":["Strike_R"],"score":289,"play_id":"20ab9cb8-429d-41e8-8fd6-69d245862dbb","local_time":"20190130200227","is_ascension_mode":true,"campfire_choices":[{"data":"Carnage","floor":6,"key":"SMITH"},{"data":"Seeing Red","floor":12,"key":"SMITH"},{"data":"Battle Trance","floor":15,"key":"SMITH"},{"data":"Juggernaut","floor":23,"key":"SMITH"}],"neow_cost":"NONE","seed_source_timestamp":20030750918230,"circlet_count":0,"master_deck":["Defend_R","Defend_R","Defend_R","Bash","Juggernaut+1","Ghostly Armor","Battle Trance+1","Carnage+1","Seeing Red+1","Juggernaut","Power Through+1","Shrug It Off","True Grit"],"relics":["Burning Blood","Centennial Puzzle","Darkstone Periapt","Empty Cage","Frozen Egg 2"],"potions_floor_usage":[16,18,24,27,28],"damage_taken":[{"damage":6,"enemies":"2 Louse","floor":1,"turns":3},{"damage":0,"enemies":"Cultist","floor":5,"turns":2},{"damage":7,"enemies":"Jaw Worm","floor":8,"turns":2},{"damage":13,"enemies":"3 Louse","floor":10,"turns":5},{"damage":8,"enemies":"Blue Slaver","floor":11,"turns":3},{"damage":4,"enemies":"Red Slaver","floor":13,"turns":2},{"damage":20,"enemies":"3 Sentries","floor":14,"turns":6},{"damage":27,"enemies":"The Guardian","floor":16,"turns":11},{"damage":25,"enemies":"2 Thieves","floor":18,"turns":4},{"damage":11,"enemies":"Shell Parasite","floor":20,"turns":6},{"damage":45,"enemies":"Cultist and Chosen","floor":22,"turns":7},{"damage":0,"enemies":"Snecko","floor":24,"turns":4},{"damage":4,"enemies":"Sentry and Sphere","floor":27,"turns":5},{"damage":42,"enemies":"Gremlin Leader","floor":28,"turns":7}],"seed_played":"1935263748899130261","potions_obtained":[{"floor":1,"key":"Energy Potion"},{"floor":7,"key":"Energy Potion"},{"floor":7,"key":"Block Potion"},{"floor":10,"key":"Dexterity Potion"},{"floor":18,"key":"Regen Potion"},{"floor":24,"key":"Explosive Potion"}],"is_trial":false,"path_per_floor":["M","?","$","?","M","R","?","M","T","M","M","R","M","E","R","B",null,"M","$","M","?","M","R","M","?","T","M","E"],"character_chosen":"IRONCLAD","items_purchased":["Ghostly Armor","Battle Trance"],"campfire_rested":0,"item_purchase_floors":[3,3],"current_hp_per_floor":[72,77,77,77,83,83,83,82,82,75,73,73,75,61,61,40,74,55,55,50,50,11,11,29,29,29,31,0],"gold":243,"neow_bonus":"TRANSFORM_CARD","is_prod":false,"is_daily":false,"chose_seed":false,"campfire_upgraded":4,"win_rate":0,"timestamp":1548846147,"path_taken":["M","?","$","?","M","R","?","M","T","M","?","R","M","E","R","BOSS","M","$","M","?","?","R","M","?","T","M","E"],"build_version":"2019-01-23","purchased_purges":1,"victory":false,"max_hp_per_floor":[80,85,85,85,85,85,85,85,85,85,85,85,85,85,85,85,85,85,85,85,85,85,85,85,85,85,85,85],"card_choices":[{"not_picked":["Sever Soul","Reckless Charge"],"picked":"Perfected Strike","floor":1},{"not_picked":["Havoc","Bloodletting"],"picked":"Seeing Red","floor":5},{"not_picked":["Anger","Corruption","Havoc"],"picked":"SKIP","floor":8},{"not_picked":["Armaments","Headbutt"],"picked":"Juggernaut","floor":10},{"not_picked":["Combust","Sword Boomerang","True Grit"],"picked":"SKIP","floor":11},{"not_picked":["Pummel","Carnage","Fire Breathing"],"picked":"SKIP","floor":13},{"not_picked":["Wild Strike","Armaments","True Grit"],"picked":"SKIP","floor":14},{"not_picked":["Clash+1","Pommel Strike","Havoc"],"picked":"SKIP","floor":18},{"not_picked":["Whirlwind","Burning Pact","Clash"],"picked":"SKIP","floor":20},{"not_picked":["Spot Weakness","Twin Strike+1"],"picked":"Power Through+1","floor":22},{"not_picked":["Flex","Fire Breathing"],"picked":"Shrug It Off","floor":24},{"not_picked":["Dropkick+1","Offering"],"picked":"True Grit","floor":27}],"player_experience":129115,"relics_obtained":[{"floor":9,"key":"Centennial Puzzle"},{"floor":14,"key":"Darkstone Periapt"},{"floor":26,"key":"Frozen Egg 2"}],"event_choices":[{"damage_healed":0,"gold_gain":0,"player_choice":"Donut","damage_taken":0,"max_hp_gain":5,"max_hp_loss":0,"event_name":"Big Fish","floor":2,"gold_loss":0},{"damage_healed":0,"gold_gain":0,"cards_transformed":["Perfected Strike"],"player_choice":"Change","damage_taken":0,"max_hp_gain":0,"max_hp_loss":0,"event_name":"Living Wall","floor":4,"gold_loss":0,"cards_obtained":["Carnage"]},{"damage_healed":0,"gold_gain":0,"player_choice":"Got Potions","damage_taken":0,"max_hp_gain":0,"max_hp_loss":0,"event_name":"Lab","floor":7,"gold_loss":0},{"cards_removed":["Strike_R"],"damage_healed":0,"gold_gain":0,"player_choice":"Card Removal","damage_taken":0,"max_hp_gain":0,"max_hp_loss":0,"event_name":"Wheel of Change","floor":21,"gold_loss":0},{"cards_removed":["Defend_R"],"damage_healed":0,"gold_gain":0,"player_choice":"Gave Gold","damage_taken":0,"max_hp_gain":0,"max_hp_loss":0,"event_name":"Beggar","floor":25,"gold_loss":75}],"is_beta":false,"boss_relics":[{"not_picked":["Eternal Feather","Busted Crown"],"picked":"Empty Cage"}],"items_purged_floors":[19],"is_endless":false,"potions_floor_spawned":[1,8,10,14,18,24],"killed_by":"Gremlin Leader","ascension_level":6}