{"gold_per_floor":[114,114,129,129,143,143,172,172,196,206,216,216,229,78,78,156,156,172,182,47,47,115,143,143,158,158,185,197,209,234,263,275,287],"floor_reached":33,"playtime":1372,"items_purged":["Strike_R"],"score":642,"play_id":"205679d8-f99f-4ae8-9542-09d45241db16","local_time":"20190208041721","is_ascension_mode":true,"campfire_choices":[{"data":"True Grit","floor":6,"key":"SMITH"},{"data":"Pommel Strike","floor":8,"key":"SMITH"},{"data":"Disarm","floor":15,"key":"SMITH"},{"floor":24,"key":"REST"},{"floor":29,"key":"REST"},{"data":"Intimidate","floor":32,"key":"SMITH"}],"neow_cost":"NONE","seed_source_timestamp":2369455732131394,"circlet_count":0,"master_deck":["AscendersBane","Strike_R","Strike_R","Defend_R","Defend_R","Defend_R","Defend_R","Bash+1","Iron Wave","Iron Wave","True Grit+1","Twin Strike","Pommel Strike+1","Hemokinesis","Intimidate+1","Pain","Disarm+1","Metallicize","Juggernaut","Warcry","Shame","Writhe","Whirlwind","Battle Trance","Injury","Evolve+1"],"relics":["Burning Blood","Bronze Scales","Juzu Bracelet","WarpedTongs","Cursed Key","Tiny Chest","Mango","Frozen Egg 2","Singing Bowl","Gremlin Horn","MawBank"],"potions_floor_usage":[13,16,23,31],"damage_taken":[{"damage":0,"enemies":"Small Slimes","floor":1,"turns":3},{"damage":1,"enemies":"Cultist","floor":3,"turns":4},{"damage":5,"enemies":"2 Louse","floor":5,"turns":3},{"damage":17,"enemies":"3 Sentries","floor":7,"turns":12},{"damage":2,"enemies":"Lots of Slimes","floor":10,"turns":4},{"damage":1,"enemies":"2 Fungi Beasts","floor":11,"turns":3},{"damage":13,"enemies":"Blue Slaver","floor":13,"turns":4},{"damage":31,"enemies":"Hexaghost","floor":16,"turns":12},{"damage":29,"enemies":"2 Thieves","floor":18,"turns":4},{"damage":2,"enemies":"3 Byrds","floor":19,"turns":3},{"damage":24,"enemies":"Book of Stabbing","floor":23,"turns":6},{"damage":22,"enemies":"Cultist and Chosen","floor":25,"turns":7},{"damage":44,"enemies":"Slavers","floor":27,"turns":5},{"damage":11,"enemies":"Snake Plant","floor":30,"turns":5},{"damage":8,"enemies":"Chosen and Byrds","floor":31,"turns":6},{"damage":49,"enemies":"Champ","floor":33,"turns":12}],"seed_played":"3720643241676391015","potions_obtained":[{"floor":1,"key":"Block Potion"},{"floor":11,"key":"Fruit Juice"},{"floor":13,"key":"Ancient Potion"},{"floor":16,"key":"SpeedPotion"},{"floor":18,"key":"EssenceOfSteel"},{"floor":30,"key":"SkillPotion"}],"is_trial":false,"path_per_floor":["M","?","M","?","M","R","E","R","T","M","M","?","M","$","R","B",null,"M","M","$","?","T","E","R","M","T","E","$","R","M","M","R","B"],"character_chosen":"IRONCLAD","items_purchased":["Metallicize","Tiny Chest"],"campfire_rested":2,"item_purchase_floors":[14,20],"current_hp_per_floor":[74,74,75,75,75,75,64,64,64,68,73,73,71,71,71,46,72,49,53,53,67,67,49,77,61,61,25,25,53,48,48,48,0],"gold":287,"neow_bonus":"UPGRADE_CARD","is_prod":false,"is_daily":false,"chose_seed":false,"campfire_upgraded":4,"win_rate":0,"timestamp":1549617441,"path_taken":["M","?","?","?","M","R","E","R","T","M","M","?","M","?","R","BOSS","M","M","$","?","?","E","R","M","T","E","?","R","M","M","R","BOSS"],"build_version":"2019-01-23","purchased_purges":1,"victory":false,"max_hp_per_floor":[75,75,75,75,75,75,75,75,75,75,75,75,80,80,80,80,80,80,80,80,94,94,94,94,94,94,96,96,96,96,98,98,98],"card_choices":[{"not_picked":["Shockwave","Body Slam"],"picked":"Iron Wave","floor":1},{"not_picked":["Twin Strike","Warcry"],"picked":"True Grit","floor":3},{"not_picked":["Flex","Heavy Blade"],"picked":"Twin Strike","floor":5},{"not_picked":["Rage","Reaper"],"picked":"Pommel Strike","floor":7},{"not_picked":["Twin Strike","Entrench"],"picked":"Hemokinesis","floor":10},{"not_picked":["Flex","Body Slam"],"picked":"Intimidate","floor":11},{"not_picked":["Warcry","Perfected Strike"],"picked":"Disarm","floor":13},{"not_picked":["Dark Embrace","Feed"],"picked":"Juggernaut","floor":16},{"not_picked":["Cleave","Flex"],"picked":"Warcry","floor":18},{"not_picked":["Clash","Havoc","Infernal Blade"],"picked":"SKIP","floor":19},{"not_picked":["Twin Strike","Headbutt"],"picked":"Whirlwind","floor":23},{"not_picked":["Intimidate","Clothesline+1"],"picked":"Battle Trance","floor":25},{"not_picked":["Thunderclap","Dual Wield","Barricade+1"],"picked":"Singing Bowl","floor":27},{"not_picked":["Headbutt","Havoc"],"picked":"Evolve+1","floor":30},{"not_picked":["Whirlwind","Body Slam","Heavy Blade"],"picked":"Singing Bowl","floor":31}],"player_experience":544154,"relics_obtained":[{"floor":7,"key":"Bronze Scales"},{"floor":9,"key":"Juzu Bracelet"},{"floor":22,"key":"Frozen Egg 2"},{"floor":23,"key":"Singing Bowl"},{"floor":26,"key":"Gremlin Horn"},{"floor":27,"key":"MawBank"}],"event_choices":[{"damage_healed":0,"gold_gain":0,"cards_transformed":["Strike_R"],"player_choice":"Transformed","damage_taken":0,"max_hp_gain":0,"max_hp_loss":0,"event_name":"Transmorgrifier","floor":2,"gold_loss":0,"cards_obtained":["Iron Wave"]},{"cards_removed":["Strike_R"],"damage_healed":0,"gold_gain":0,"player_choice":"Purged","damage_taken":0,"max_hp_gain":0,"max_hp_loss":0,"event_name":"Purifier","floor":4,"gold_loss":0},{"damage_healed":0,"gold_gain":0,"player_choice":"Rummage","damage_taken":0,"relics_obtained":["WarpedTongs"],"max_hp_gain":0,"max_hp_loss":0,"event_name":"Accursed Blacksmith","floor":12,"gold_loss":0,"cards_obtained":["Pain"]},{"damage_healed":0,"gold_gain":0,"player_choice":"Stole Relic","damage_taken":0,"relics_obtained":["Mango"],"max_hp_gain":0,"max_hp_loss":0,"event_name":"Addict","floor":21,"gold_loss":0,"cards_obtained":["Shame"]}],"is_beta":false,"boss_relics":[{"not_picked":["Runic Cube","Orrery"],"picked":"Cursed Key"}],"items_purged_floors":[14],"is_endless":false,"potions_floor_spawned":[1,11,13,16,18,30],"killed_by":"Champ","ascension_level":16}