{"gold_per_floor":[119,19,19,19,19,62,62,62,62,80,80,95,95,113,113,242,242,266,266,291,312,312,312,356,397,421,439,439,86,86],"floor_reached":30,"playtime":1054,"items_purged":["Strike_G","Parasite"],"score":300,"play_id":"827c8cd0-f937-4ab8-961f-542564ea0064","local_time":"20180814195329","is_ascension_mode":true,"campfire_choices":[{"data":"A Thousand Cuts","floor":7,"key":"SMITH"},{"data":"Neutralize","floor":15,"key":"SMITH"},{"data":"Decay","floor":23,"key":"PURGE"}],"neow_cost":"NONE","seed_source_timestamp":170840069483543,"circlet_count":0,"master_deck":["Defend_G","Defend_G","Defend_G","Defend_G","Strike_G","Strike_G","Strike_G","Strike_G","Survivor","Neutralize+1","A Thousand Cuts+1","Escape Plan","Quick Slash","A Thousand Cuts+1","Deflect","Dagger Throw","Distraction","Deflect","Bullet Time","Slice+1","Escape Plan","Heel Hook","Choke","Prepared"],"relics":["Ring of the Snake","Golden Idol","Happy Flower","Mango","Peace Pipe","Calling Bell","Omamori","Dodecahedron","Ginger","Gambling Chip","Red Mask","Potion Belt","Bottled Lightning"],"potions_floor_usage":[16,16,24,24,28,30],"damage_taken":[{"damage":7,"enemies":"2 Louse","floor":1,"turns":4},{"damage":14,"enemies":"3 Sentries","floor":6,"turns":6},{"damage":0,"enemies":"Cultist","floor":10,"turns":3},{"damage":13,"enemies":"Jaw Worm","floor":12,"turns":4},{"damage":6,"enemies":"2 Fungi Beasts","floor":14,"turns":2},{"damage":16,"enemies":"The Guardian","floor":16,"turns":9},{"damage":16,"enemies":"Spheric Guardian","floor":18,"turns":4},{"damage":0,"enemies":"3 Byrds","floor":20,"turns":2},{"damage":28,"enemies":"Centurion and Healer","floor":21,"turns":5},{"damage":0,"enemies":"Gremlin Leader","floor":24,"turns":4},{"damage":15,"floor":25,"turns":3},{"damage":12,"enemies":"Snake Plant","floor":27,"turns":4},{"damage":0,"enemies":"Snecko","floor":28,"turns":2},{"damage":8,"enemies":"Cultist and Chosen","floor":30,"turns":4}],"seed_played":"6947917915212126137","potions_obtained":[{"floor":1,"key":"SmokeBomb"},{"floor":6,"key":"Block Potion"},{"floor":14,"key":"AttackPotion"},{"floor":18,"key":"Dexterity Potion"},{"floor":21,"key":"Weak Potion"},{"floor":27,"key":"SpeedPotion"}],"is_trial":false,"path_per_floor":["M","$","?","?","$","E","R","$","T","M","?","M","T","M","R","B",null,"M","?","M","M","?","R","E","?","T","M","M","$"],"character_chosen":"THE_SILENT","items_purchased":["Quick Slash","Bottled Lightning"],"campfire_rested":0,"item_purchase_floors":[2,29],"current_hp_per_floor":[63,63,63,63,63,49,49,49,63,63,63,50,50,44,44,28,79,63,63,63,35,35,35,35,20,20,8,8,8,0],"gold":86,"neow_bonus":"ONE_RANDOM_RARE_CARD","is_prod":false,"is_daily":false,"chose_seed":false,"campfire_upgraded":2,"win_rate":0,"timestamp":1534290809,"path_taken":["M","$","?","?","?","E","R","$","T","?","?","M","?","?","R","BOSS","M","?","M","M","?","R","E","?","T","M","M","$","?"],"build_version":"2018-08-13v2","purchased_purges":2,"victory":false,"max_hp_per_floor":[70,70,70,65,65,65,65,65,79,79,79,79,79,79,79,79,79,79,79,79,79,79,79,79,79,79,79,79,76,76],"card_choices":[{"not_picked":["All Out Attack","Backflip"],"picked":"Escape Plan","floor":1},{"not_picked":["Backstab","Bullet Time"],"picked":"A Thousand Cuts","floor":6},{"not_picked":["Underhanded Strike","Bane"],"picked":"Deflect","floor":10},{"not_picked":["Slice","Quick Slash"],"picked":"Distraction","floor":12},{"not_picked":["Poisoned Stab","Dagger Spray"],"picked":"Deflect","floor":14},{"not_picked":["Phantasmal Killer","Night Terror"],"picked":"Bullet Time","floor":16},{"not_picked":["Acrobatics","PiercingWail"],"picked":"Slice+1","floor":18},{"not_picked":["Choke","PiercingWail"],"picked":"Escape Plan","floor":20},{"not_picked":["Slice","Backflip"],"picked":"Heel Hook","floor":21},{"not_picked":["Envenom","PiercingWail"],"picked":"Choke","floor":24},{"not_picked":["Deflect","PiercingWail"],"picked":"Prepared","floor":25},{"not_picked":["Flying Knee","Sucker Punch+1","Quick Slash"],"picked":"SKIP","floor":27}],"player_experience":275769,"relics_obtained":[{"floor":6,"key":"Happy Flower"},{"floor":9,"key":"Mango"},{"floor":13,"key":"Peace Pipe"},{"floor":17,"key":"Omamori"},{"floor":17,"key":"Dodecahedron"},{"floor":17,"key":"Ginger"},{"floor":24,"key":"Gambling Chip"},{"floor":25,"key":"Red Mask"},{"floor":26,"key":"Potion Belt"}],"event_choices":[{"event_name":"Living Wall","player_choice":"Grow","floor":3,"damage_taken":0},{"event_name":"Golden Idol","player_choice":"Lose Max HP","floor":4,"damage_taken":0},{"event_name":"Transmorgrifier","player_choice":"Transform","floor":11,"damage_taken":0},{"event_name":"Back to Basics","player_choice":"Elegance","floor":19,"damage_taken":0},{"event_name":"Ghosts","player_choice":"Ignored","floor":22,"damage_taken":0},{"event_name":"Masked Bandits","player_choice":"Fought Bandits","floor":25,"damage_taken":0}],"is_beta":true,"boss_relics":[{"not_picked":["Runic Dome","Lizard Tail"],"picked":"Calling Bell"}],"items_purged_floors":[2,29],"is_endless":false,"potions_floor_spawned":[1,6,14,18,21,27],"killed_by":"Cultist and Chosen","ascension_level":2}