{"gold_per_floor":[116,66,83,33,33,33,62,62,62,62,62,73,100,119,119,222,222,232,157,167,167,167,198,198,198],"floor_reached":25,"playtime":1480,"items_purged":["Defend_R"],"score":228,"play_id":"1860078a-41dc-4661-a19c-29fd2c35f6e0","local_time":"20190124151155","is_ascension_mode":true,"campfire_choices":[{"data":"Armaments","floor":6,"key":"SMITH"},{"data":"Bash","floor":10,"key":"SMITH"},{"floor":15,"key":"REST"},{"floor":24,"key":"REST"}],"neow_cost":"NONE","seed_source_timestamp":5840369468774,"circlet_count":0,"master_deck":["Strike_R+1","Strike_R","Strike_R","Defend_R+1","Defend_R","Defend_R","Bash+1","Twin Strike","Armaments+1","Demon Form","Infernal Blade+1","Feed"],"relics":["Burning Blood","Ginger","Sundial","Regal Pillow","Sozu","Enchiridion","Orichalcum"],"potions_floor_usage":[16,23,25],"damage_taken":[{"damage":13,"enemies":"Cultist","floor":1,"turns":5},{"damage":6,"enemies":"Jaw Worm","floor":3,"turns":3},{"damage":31,"enemies":"3 Sentries","floor":7,"turns":11},{"damage":0,"enemies":"Small Slimes","floor":12,"turns":3},{"damage":2,"enemies":"Looter","floor":14,"turns":4},{"damage":37,"enemies":"The Guardian","floor":16,"turns":9},{"damage":14,"enemies":"3 Byrds","floor":18,"turns":7},{"damage":2,"enemies":"Chosen","floor":20,"turns":4},{"damage":53,"enemies":"Book of Stabbing","floor":23,"turns":6},{"damage":55,"enemies":"Slavers","floor":25,"turns":5}],"seed_played":"2496937677837074629","potions_obtained":[{"floor":1,"key":"Energy Potion"},{"floor":7,"key":"PowerPotion"},{"floor":16,"key":"GamblersBrew"}],"is_trial":false,"path_per_floor":["M","$","M","?","$","R","E","?","T","R","?","M","T","M","R","B",null,"M","$","M","?","?","E","R","E"],"character_chosen":"IRONCLAD","items_purchased":["Armaments"],"campfire_rested":2,"item_purchase_floors":[2],"current_hp_per_floor":[73,73,73,73,73,73,48,48,48,48,32,38,38,42,80,49,80,72,72,76,76,60,13,52,0],"gold":198,"neow_bonus":"REMOVE_CARD","is_prod":false,"is_daily":false,"chose_seed":false,"campfire_upgraded":2,"win_rate":0,"timestamp":1548310315,"path_taken":["M","$","M","?","$","R","E","?","T","R","?","M","?","?","R","BOSS","M","$","M","?","?","E","R","E"],"build_version":"2019-01-23","purchased_purges":1,"victory":false,"max_hp_per_floor":[80,80,80,80,80,80,80,80,80,80,80,80,80,80,80,80,80,80,80,80,80,80,80,80,80],"card_choices":[{"not_picked":["Pummel","Body Slam"],"picked":"Twin Strike","floor":1},{"not_picked":["Wild Strike","Dropkick","Iron Wave"],"picked":"SKIP","floor":3},{"not_picked":["Double Tap","Searing Blow","Flex"],"picked":"SKIP","floor":7},{"not_picked":["Twin Strike","Armaments","Body Slam"],"picked":"SKIP","floor":12},{"not_picked":["Clothesline","Perfected Strike","Iron Wave"],"picked":"SKIP","floor":14},{"not_picked":["Limit Break","Offering"],"picked":"Demon Form","floor":16},{"not_picked":["Combust","Heavy Blade"],"picked":"Infernal Blade+1","floor":18},{"not_picked":["Rampage+1","Clothesline+1","Flex+1"],"picked":"SKIP","floor":20},{"not_picked":["Havoc","Metallicize+1","Perfected Strike"],"picked":"SKIP","floor":23}],"player_experience":81485,"relics_obtained":[{"floor":7,"key":"Ginger"},{"floor":9,"key":"Sundial"},{"floor":13,"key":"Regal Pillow"},{"floor":22,"key":"Enchiridion"},{"floor":23,"key":"Orichalcum"}],"event_choices":[{"cards_removed":["Strike_R"],"damage_healed":0,"gold_gain":0,"player_choice":"Card Removal","damage_taken":0,"max_hp_gain":0,"max_hp_loss":0,"event_name":"The Cleric","floor":4,"gold_loss":50},{"damage_healed":0,"gold_gain":0,"player_choice":"Ignored","damage_taken":0,"max_hp_gain":0,"max_hp_loss":0,"event_name":"Liars Game","floor":8,"gold_loss":0},{"damage_healed":0,"gold_gain":0,"player_choice":"Entered Light","damage_taken":16,"max_hp_gain":0,"max_hp_loss":0,"event_name":"Shining Light","floor":11,"gold_loss":0,"cards_upgraded":["Defend_R","Strike_R"]},{"damage_healed":0,"gold_gain":0,"player_choice":"Read","damage_taken":0,"max_hp_gain":0,"max_hp_loss":0,"event_name":"The Library","floor":21,"gold_loss":0,"cards_obtained":["Feed"]},{"damage_healed":0,"gold_gain":0,"player_choice":"Obtained Book","damage_taken":16,"max_hp_gain":0,"max_hp_loss":0,"event_name":"Cursed Tome","floor":22,"gold_loss":0}],"is_beta":false,"boss_relics":[{"not_picked":["Mark of Pain","Runic Dome"],"picked":"Sozu"}],"items_purged_floors":[19],"is_endless":false,"potions_floor_spawned":[1,7,16,23],"killed_by":"Slavers","ascension_level":1}