{"gold_per_floor":[361,361,361,378,74,103,133,145,157,169,209,145,158,170,170,244,244,255,274,290,213,213],"floor_reached":22,"playtime":1565,"items_purged":[],"score":343,"play_id":"867228b0-833a-4e51-9e17-9c00ab9be3eb","local_time":"20190123230956","is_ascension_mode":true,"campfire_choices":[{"floor":8,"key":"REST"},{"floor":10,"key":"REST"},{"floor":15,"key":"REST"}],"neow_cost":"CURSE","seed_source_timestamp":386897601413665,"circlet_count":0,"master_deck":["AscendersBane","Strike_R","Strike_R","Strike_R","Strike_R","Strike_R","Defend_R","Defend_R","Defend_R","Defend_R","Bash","Pain","Uppercut","Pummel","Shrug It Off","Whirlwind","Sadistic Nature","Thunderclap","Sword Boomerang","Body Slam","Rupture","Shrug It Off","Sword Boomerang","Fiend Fire","Shrug It Off+1","Spot Weakness"],"relics":["Black Blood","Bronze Scales","MawBank","Regal Pillow"],"potions_floor_usage":[11,11,14,20],"damage_taken":[{"damage":12,"enemies":"Cultist","floor":1,"turns":5},{"damage":2,"enemies":"Small Slimes","floor":4,"turns":3},{"damage":50,"enemies":"3 Sentries","floor":6,"turns":6},{"damage":6,"enemies":"Jaw Worm","floor":7,"turns":3},{"damage":16,"enemies":"Lagavulin","floor":11,"turns":7},{"damage":17,"enemies":"Lots of Slimes","floor":13,"turns":3},{"damage":28,"enemies":"Exordium Thugs","floor":14,"turns":5},{"damage":53,"enemies":"Hexaghost","floor":16,"turns":9},{"damage":6,"enemies":"3 Byrds","floor":18,"turns":5},{"damage":34,"enemies":"Shell Parasite","floor":19,"turns":7},{"damage":39,"enemies":"Snake Plant","floor":20,"turns":5},{"damage":15,"enemies":"Snecko","floor":22,"turns":3}],"seed_played":"988790670018944535","potions_obtained":[{"floor":1,"key":"Weak Potion"},{"floor":7,"key":"Block Potion"},{"floor":13,"key":"GamblersBrew"},{"floor":16,"key":"Ancient Potion"},{"floor":19,"key":"SkillPotion"},{"floor":20,"key":"Fire Potion"}],"is_trial":false,"path_per_floor":["M","T","$","M","$","E","M","R","T","R","E","$","M","M","R","B",null,"M","M","M","$","M"],"character_chosen":"IRONCLAD","items_purchased":["Shrug It Off","Whirlwind","Sadistic Nature","Rupture","Spot Weakness"],"campfire_rested":3,"item_purchase_floors":[5,5,5,12,21],"current_hp_per_floor":[62,62,62,66,66,22,22,44,44,66,56,56,45,23,60,13,60,64,40,11,11,0],"gold":213,"neow_bonus":"TWO_FIFTY_GOLD","is_prod":false,"is_daily":false,"chose_seed":false,"campfire_upgraded":0,"win_rate":0,"timestamp":1548284996,"path_taken":["M","?","$","M","$","E","M","R","T","R","E","$","?","M","R","BOSS","M","M","M","$","M"],"build_version":"2019-01-23","purchased_purges":0,"victory":false,"max_hp_per_floor":[75,75,75,75,75,75,75,75,75,75,75,75,75,75,75,75,75,75,75,75,75,75],"card_choices":[{"not_picked":["Flex","Sever Soul"],"picked":"Uppercut","floor":1},{"not_picked":["Clothesline","Armaments"],"picked":"Pummel","floor":4},{"not_picked":["Feel No Pain","Second Wind"],"picked":"Thunderclap","floor":6},{"not_picked":["Iron Wave","Intimidate"],"picked":"Sword Boomerang","floor":7},{"not_picked":["Bludgeon","Sword Boomerang"],"picked":"Body Slam","floor":11},{"not_picked":["Twin Strike","Thunderclap"],"picked":"Shrug It Off","floor":13},{"not_picked":["Blood for Blood","Inflame"],"picked":"Sword Boomerang","floor":14},{"not_picked":["Brutality","Berserk"],"picked":"Fiend Fire","floor":16},{"not_picked":["Sword Boomerang","Clothesline+1"],"picked":"Shrug It Off+1","floor":18},{"not_picked":["Armaments","Bloodletting","Burning Pact+1"],"picked":"SKIP","floor":19},{"not_picked":["Havoc","Twin Strike","Flex"],"picked":"SKIP","floor":20}],"player_experience":1230916,"relics_obtained":[{"floor":2,"key":"Bronze Scales"},{"floor":6,"key":"MawBank"},{"floor":11,"key":"Regal Pillow"}],"event_choices":[],"is_beta":false,"boss_relics":[{"not_picked":["Runic Dome","Cursed Key"],"picked":"Black Blood"}],"items_purged_floors":[],"is_endless":false,"potions_floor_spawned":[1,7,13,16,19,20],"killed_by":"Snecko","ascension_level":15}