{"gold_per_floor":[117,392,407,425,500,531,531,706,706,121,148,148,182,202,202,304,304,323,59,59,72,87,117,117,151,201,212,212,312,312,326,326,427,427,439,490,155,166,166],"floor_reached":39,"playtime":2574,"items_purged":["Regret","Doubt","Injury"],"score":610,"play_id":"59d0d1a7-0a39-4ff5-bbb1-f636c455e6c3","local_time":"20181031170151","is_ascension_mode":true,"campfire_choices":[{"floor":7,"key":"REST"},{"floor":12,"key":"REST"},{"data":"Neutralize","floor":15,"key":"SMITH"},{"data":"Magnetism","floor":24,"key":"SMITH"},{"floor":32,"key":"REST"}],"neow_cost":"NONE","seed_source_timestamp":4080649604082,"circlet_count":0,"master_deck":["Defend_G+1","Defend_G+1","Defend_G+1","Defend_G+1","Defend_G+1","Strike_G+1","Strike_G+1","Strike_G+1","Strike_G+1","Strike_G+1","Survivor","Neutralize+1","Dramatic Entrance","Quick Slash","Backstab","Quick Slash+1","Dash+1","Dagger Throw+1","Poisoned Stab+1","Glass Knife+1","Slice+1","Magnetism+1","Poisoned Stab+1","Dagger Spray+1","Distraction+1","Poisoned Stab+1","Dagger Throw+1","Deadly Poison+1","Necronomicurse","Malaise","Quick Slash+1","Glass Knife+1","Flechettes+1","Calculated Gamble+1","Slice+1","Distraction","Predator+1","Well Laid Plans","Choke+1"],"relics":["Ring of the Snake","Mango","FossilizedHelix","ClockworkSouvenir","Molten Egg 2","Smiling Mask","Letter Opener","Sozu","Vajra","Bottled Lightning","Orichalcum","Necronomicon","Dead Branch","Sundial","Matryoshka","Astrolabe","Pocketwatch","Regal Pillow"],"potions_floor_usage":[6,11,25],"damage_taken":[{"damage":0,"enemies":"2 Louse","floor":1,"turns":2},{"damage":2,"enemies":"Cultist","floor":3,"turns":3},{"damage":4,"enemies":"Small Slimes","floor":4,"turns":3},{"damage":36,"enemies":"3 Sentries","floor":6,"turns":8},{"damage":22,"enemies":"Lagavulin","floor":11,"turns":6},{"damage":10,"enemies":"Gremlin Nob","floor":13,"turns":4},{"damage":0,"enemies":"2 Fungi Beasts","floor":14,"turns":2},{"damage":21,"enemies":"Slime Boss","floor":16,"turns":9},{"damage":0,"enemies":"3 Byrds","floor":18,"turns":4},{"damage":0,"enemies":"Spheric Guardian","floor":21,"turns":3},{"damage":6,"enemies":"Cultist and Chosen","floor":22,"turns":4},{"damage":20,"enemies":"Book of Stabbing","floor":23,"turns":5},{"damage":21,"enemies":"Slavers","floor":25,"turns":3},{"damage":0,"enemies":"Snecko","floor":27,"turns":3},{"damage":0,"enemies":"Colosseum Slavers","floor":29,"turns":2},{"damage":6,"enemies":"Colosseum Nobs","floor":29,"turns":4},{"damage":0,"enemies":"Snake Plant","floor":31,"turns":1},{"damage":0,"enemies":"Automaton","floor":33,"turns":6},{"damage":0,"enemies":"3 Shapes","floor":35,"turns":4},{"damage":38,"enemies":"2 Orb Walkers","floor":36,"turns":4},{"damage":12,"enemies":"3 Darklings","floor":38,"turns":3},{"damage":38,"enemies":"Writhing Mass","floor":39,"turns":4}],"seed_played":"-5514604811429372182","potions_obtained":[{"floor":1,"key":"Poison Potion"},{"floor":6,"key":"AttackPotion"},{"floor":16,"key":"Regen Potion"}],"is_trial":false,"path_per_floor":["M","?","M","M","?","E","R","?","T","$","E","R","E","M","R","B",null,"M","$","?","M","M","E","R","E","T","M","?","?","?","M","R","B",null,"M","?","$","M"],"character_chosen":"THE_SILENT","items_purchased":["ClockworkSouvenir","Molten Egg 2","Quick Slash+1","Magnetism","Poisoned Stab+1","Predator+1","Regal Pillow","Well Laid Plans"],"campfire_rested":3,"item_purchase_floors":[10,10,10,19,19,37,37,37],"current_hp_per_floor":[70,70,68,64,53,31,56,56,56,56,34,59,49,49,49,28,84,84,84,84,84,78,58,58,46,46,46,30,24,24,24,49,49,84,84,46,46,34,0],"gold":166,"neow_bonus":"RANDOM_COLORLESS","is_prod":false,"is_daily":false,"chose_seed":false,"campfire_upgraded":2,"win_rate":0,"timestamp":1541019711,"path_taken":["M","?","M","?","?","E","R","?","T","$","E","R","E","M","R","BOSS","M","$","?","M","M","E","R","E","T","?","?","?","?","M","R","BOSS","M","?","$","M","M"],"build_version":"2018-10-25v2","purchased_purges":3,"victory":false,"max_hp_per_floor":[70,70,70,70,70,84,84,84,84,84,84,84,84,84,84,84,84,84,84,84,84,84,84,84,84,84,84,84,84,84,84,84,84,84,84,84,84,84,84],"card_choices":[{"not_picked":["Infinite Blades","Deflect"],"picked":"Quick Slash","floor":1},{"not_picked":["PiercingWail","Endless Agony"],"picked":"Backflip","floor":3},{"not_picked":["Quick Slash","Concentrate"],"picked":"Backstab","floor":4},{"not_picked":["Sucker Punch","Cloak And Dagger"],"picked":"Outmaneuver","floor":6},{"not_picked":["Heel Hook+1","Sucker Punch+1"],"picked":"Dash+1","floor":11},{"not_picked":["Backflip","Blade Dance"],"picked":"Dagger Throw+1","floor":13},{"not_picked":["Catalyst","Envenom"],"picked":"Poisoned Stab+1","floor":14},{"not_picked":["Bullet Time","Doppelganger"],"picked":"Glass Knife+1","floor":16},{"not_picked":["Underhanded Strike+1","Setup+1"],"picked":"Slice+1","floor":18},{"not_picked":["Setup+1","Concentrate"],"picked":"Dagger Spray+1","floor":21},{"not_picked":["Bullet Time","Prepared"],"picked":"Distraction+1","floor":22},{"not_picked":["Dagger Throw+1","Sucker Punch+1"],"picked":"Poisoned Stab+1","floor":23},{"not_picked":["Cloak And Dagger","Poisoned Stab+1"],"picked":"Dagger Throw+1","floor":25},{"not_picked":["Bouncing Flask","Dagger Throw+1"],"picked":"Deadly Poison+1","floor":27},{"not_picked":["Deadly Poison","Acrobatics+1"],"picked":"Malaise","floor":29},{"not_picked":["Backflip","Underhanded Strike+1"],"picked":"Quick Slash+1","floor":31},{"not_picked":["Venomology","Malaise"],"picked":"Glass Knife+1","floor":33},{"not_picked":["Prepared+1","Escape Plan+1"],"picked":"Slice+1","floor":35},{"not_picked":["Slice+1","Outmaneuver+1"],"picked":"Distraction","floor":36},{"not_picked":["Dagger Throw+1","Acrobatics+1"],"picked":"Choke+1","floor":38}],"player_experience":211456,"relics_obtained":[{"floor":6,"key":"Mango"},{"floor":9,"key":"FossilizedHelix"},{"floor":11,"key":"Smiling Mask"},{"floor":13,"key":"Letter Opener"},{"floor":23,"key":"Vajra"},{"floor":25,"key":"Bottled Lightning"},{"floor":26,"key":"Orichalcum"},{"floor":28,"key":"Necronomicon"},{"floor":29,"key":"Dead Branch"},{"floor":29,"key":"Sundial"},{"floor":36,"key":"Pocketwatch"}],"event_choices":[{"damage_healed":0,"gold_gain":275,"player_choice":"Desecrate","damage_taken":0,"max_hp_gain":0,"max_hp_loss":0,"event_name":"Golden Shrine","floor":2,"gold_loss":0,"cards_obtained":["Regret"]},{"damage_healed":0,"gold_gain":75,"player_choice":"Gather Gold","damage_taken":11,"max_hp_gain":0,"max_hp_loss":0,"event_name":"World of Goop","floor":5,"gold_loss":0},{"damage_healed":0,"gold_gain":175,"player_choice":"AGREE","damage_taken":0,"max_hp_gain":0,"max_hp_loss":0,"event_name":"Liars Game","floor":8,"gold_loss":0,"cards_obtained":["Doubt"]},{"damage_healed":0,"gold_gain":0,"player_choice":"Simplicity","damage_taken":0,"max_hp_gain":0,"max_hp_loss":0,"event_name":"Back to Basics","floor":20,"gold_loss":0,"cards_upgraded":["Defend_G","Defend_G","Defend_G","Defend_G","Defend_G","Strike_G","Strike_G","Strike_G","Strike_G","Strike_G"]},{"damage_healed":0,"gold_gain":0,"player_choice":"Obtained Book","damage_taken":16,"max_hp_gain":0,"max_hp_loss":0,"event_name":"Cursed Tome","floor":28,"gold_loss":0},{"damage_healed":0,"gold_gain":0,"player_choice":"Fight","damage_taken":0,"max_hp_gain":0,"max_hp_loss":0,"event_name":"Colosseum","floor":29,"gold_loss":0},{"damage_healed":0,"gold_gain":0,"player_choice":"Fought Nobs","damage_taken":0,"max_hp_gain":0,"max_hp_loss":0,"event_name":"Colosseum","floor":29,"gold_loss":0},{"damage_healed":0,"gold_gain":0,"player_choice":"Opened","damage_taken":0,"relics_obtained":["Matryoshka"],"max_hp_gain":0,"max_hp_loss":0,"event_name":"The Mausoleum","floor":30,"gold_loss":0,"cards_obtained":["Writhe"]},{"damage_healed":0,"gold_gain":0,"player_choice":"Fight","damage_taken":0,"max_hp_gain":0,"max_hp_loss":0,"event_name":"Mysterious Sphere","floor":36,"gold_loss":0}],"is_beta":false,"boss_relics":[{"not_picked":["Busted Crown","Orrery"],"picked":"Sozu"},{"not_picked":["White Beast Statue","Lizard Tail"],"picked":"Astrolabe"}],"items_purged_floors":[10,19,37],"is_endless":false,"potions_floor_spawned":[1,6,16,18,23,25,29,36],"killed_by":"Writhing Mass","ascension_level":3}