{"gold_per_floor":[109,109,56,71,36,61,61,95,165,165,75,75,135,153,153,252,252,266,266,116,134,134,134,134,153,153,153,153,153,18,34,34,129,129,147,158,158,158,84,84,84,108,132,132,151,151,151,166,166,263,313,323,82,82,94,94,94,94,94,94,111,111,111,145,160,160,259,259,275,275,69,79,4,4,4,4,30,30,30,30,30,30,30,129,129,142,1141,1141],"floor_reached":88,"playtime":6756,"items_purged":["Decay","Zap","Decay"],"score":1826,"play_id":"4abac520-dc8b-477c-812b-ed84622d0afb","local_time":"20190202162749","daily_mods":["Chimera","Flight","Night Terrors"],"is_ascension_mode":false,"campfire_choices":[{"data":"Poisoned Stab","floor":7,"key":"SMITH"},{"data":"Dash","floor":10,"key":"SMITH"},{"data":"Noxious Fumes","floor":12,"key":"SMITH"},{"data":"Predator","floor":15,"key":"SMITH"},{"data":"Blade Dance","floor":23,"key":"SMITH"},{"data":"Cloak And Dagger","floor":24,"key":"SMITH"},{"data":"Ghostly","floor":29,"key":"SMITH"},{"data":"Ghostly","floor":32,"key":"SMITH"},{"data":"Ghostly","floor":40,"key":"SMITH"},{"data":"Ghostly","floor":41,"key":"SMITH"},{"data":"Ghostly","floor":44,"key":"SMITH"},{"data":"Blade Dance","floor":47,"key":"SMITH"},{"data":"Caltrops","floor":49,"key":"SMITH"},{"data":"Poisoned Stab","floor":57,"key":"SMITH"},{"data":"Backflip","floor":59,"key":"SMITH"},{"data":"Night Terror","floor":63,"key":"SMITH"},{"data":"Malaise","floor":66,"key":"SMITH"},{"data":"Adrenaline","floor":74,"key":"SMITH"},{"data":"Predator","floor":75,"key":"SMITH"},{"data":"Crippling Poison","floor":78,"key":"SMITH"},{"data":"Madness","floor":80,"key":"SMITH"},{"data":"Madness","floor":83,"key":"SMITH"}],"neow_cost":"","seed_source_timestamp":0,"circlet_count":0,"master_deck":["Bash","Survivor","Strike_R+1","Strike_G+1","Strike_B+1","Defend_R+1","Defend_G+1","Defend_B+1","Flying Knee","Poisoned Stab+1","Dagger Throw","Flying Knee","Dash+1","Noxious Fumes+1","Backflip+1","Predator+1","Malaise+1","Blade Dance+1","Cloak And Dagger+1","Poisoned Stab+1","Ghostly+1","Ghostly+1","Ghostly+1","Ghostly+1","Ghostly+1","Caltrops+1","Malaise+1","Blade Dance+1","Cloak And Dagger+1","Madness+1","Madness+1","Caltrops+1","Dodge and Roll+1","Night Terror+1","Adrenaline+1","Predator+1","Crippling Poison+1","Writhe","Burst","Normality","Normality"],"relics":["Ring of the Snake","Bronze Scales","Orichalcum","Kunai","Runic Pyramid","Mummified Hand","Letter Opener","HoveringKite","Snake Skull","Oddly Smooth Stone","Tiny House","Shuriken","Incense Burner","Centennial Puzzle"],"potions_floor_usage":[16,33,33,50,72,77,77,84,88,88,88],"damage_taken":[{"damage":1,"enemies":"Cultist","floor":1,"turns":3},{"damage":10,"enemies":"Small Slimes","floor":4,"turns":2},{"damage":19,"enemies":"Gremlin Nob","floor":6,"turns":4},{"damage":15,"enemies":"Lagavulin","floor":8,"turns":5},{"damage":3,"enemies":"Jaw Worm","floor":14,"turns":2},{"damage":9,"enemies":"Slime Boss","floor":16,"turns":6},{"damage":13,"enemies":"Shell Parasite","floor":18,"turns":5},{"damage":0,"enemies":"3 Byrds","floor":21,"turns":3},{"damage":16,"enemies":"3 Cultists","floor":25,"turns":5},{"damage":0,"enemies":"Shelled Parasite and Fungi","floor":31,"turns":5},{"damage":6,"enemies":"Champ","floor":33,"turns":16},{"damage":2,"enemies":"3 Shapes","floor":35,"turns":6},{"damage":1,"enemies":"3 Darklings","floor":36,"turns":6},{"damage":0,"enemies":"Spire Growth","floor":45,"turns":6},{"damage":0,"enemies":"Maw","floor":48,"turns":8},{"damage":13,"enemies":"Awakened One","floor":50,"turns":16},{"damage":0,"enemies":"2 Louse","floor":52,"turns":2},{"damage":0,"enemies":"Cultist","floor":55,"turns":2},{"damage":0,"enemies":"Small Slimes","floor":61,"turns":2},{"damage":1,"enemies":"3 Sentries","floor":64,"turns":5},{"damage":0,"enemies":"Gremlin Gang","floor":65,"turns":3},{"damage":0,"enemies":"The Guardian","floor":67,"turns":8},{"damage":31,"enemies":"2 Thieves","floor":69,"turns":5},{"damage":2,"enemies":"3 Byrds","floor":72,"turns":3},{"damage":0,"enemies":"Book of Stabbing","floor":77,"turns":5},{"damage":0,"enemies":"Collector","floor":84,"turns":10},{"damage":13,"enemies":"3 Darklings","floor":86,"turns":6},{"damage":48,"enemies":"2 Orb Walkers","floor":88,"turns":4}],"seed_played":"691315866196352459","potions_obtained":[{"floor":8,"key":"FearPotion"},{"floor":16,"key":"Dexterity Potion"},{"floor":18,"key":"GamblersBrew"},{"floor":48,"key":"Explosive Potion"},{"floor":50,"key":"Strength Potion"},{"floor":51,"key":"SneckoOil"},{"floor":55,"key":"Energy Potion"},{"floor":58,"key":"EntropicBrew"},{"floor":58,"key":"Regen Potion"},{"floor":77,"key":"GhostInAJar"},{"floor":84,"key":"Poison Potion"}],"is_trial":true,"path_per_floor":["M","?","$","M","?","E","R","E","T","R","$","R","?","M","R","B",null,"M","?","$","M","?","R","R","M","T","?","?","R","$","M","R","B",null,"M","M","$","?","$","R","R","T","T","R","M","?","R","M","R","B",null,"M","$","?","M","$","R","?","R","T","M","?","R","E","M","R","B",null,"M","?","$","M","?","R","R","?","E","R","?","R","$","$","R","B",null,"M","?","?"],"character_chosen":"THE_SILENT","items_purchased":["Poisoned Stab","Noxious Fumes","Backflip","Blade Dance","Cloak And Dagger","Caltrops","Caltrops","Shuriken","Predator"],"campfire_rested":0,"item_purchase_floors":[3,11,11,20,20,30,39,53,71],"current_hp_per_floor":[69,57,57,47,64,45,45,30,30,30,30,30,30,27,27,18,70,57,57,57,57,57,57,57,41,41,35,35,35,35,35,35,29,35,33,32,32,28,28,28,28,28,28,28,28,28,28,28,28,15,40,40,40,40,40,40,40,40,40,40,40,40,40,39,39,39,39,40,9,9,9,19,19,19,19,19,19,19,19,19,19,19,19,19,40,27,27,0],"gold":1141,"neow_bonus":"","is_prod":false,"is_daily":false,"chose_seed":false,"campfire_upgraded":22,"win_rate":0,"timestamp":1549124869,"path_taken":["M","?","$","M","?","E","R","E","T","R","$","R","?","M","R","BOSS","M","?","$","?","?","R","R","?","T","?","?","R","$","M","R","BOSS","M","M","$","?","$","R","R","?","T","R","?","?","R","M","R","BOSS","M","$","?","?","$","R","?","R","T","?","?","R","?","?","R","BOSS","M","?","$","M","?","R","R","?","E","R","?","R","?","$","R","BOSS","M","?","?"],"build_version":"2019-01-23","purchased_purges":3,"victory":false,"max_hp_per_floor":[70,70,70,70,70,70,70,70,70,70,70,70,70,70,70,70,70,70,70,70,70,70,70,70,70,70,35,35,35,35,35,35,35,35,35,35,35,35,35,35,35,35,35,35,35,35,35,35,35,35,40,40,40,40,40,40,40,40,40,40,40,40,40,40,40,40,40,40,40,40,40,40,40,40,40,40,40,40,40,40,40,40,40,40,40,40,40,40],"card_choices":[{"not_picked":["Acrobatics","Outmaneuver"],"picked":"Flying Knee","floor":1},{"not_picked":["Reflex","Prepared"],"picked":"Dagger Throw","floor":4},{"not_picked":["Prepared","Infinite Blades"],"picked":"Flying Knee","floor":6},{"not_picked":["Die Die Die","Dodge and Roll"],"picked":"Dash","floor":8},{"not_picked":["Leg Sweep","Dagger Throw"],"picked":"Predator","floor":14},{"not_picked":["Glass Knife","Storm of Steel"],"picked":"Malaise","floor":16},{"not_picked":["Bane","Underhanded Strike","Acrobatics"],"picked":"SKIP","floor":18},{"not_picked":["Accuracy","Backflip"],"picked":"Poisoned Stab","floor":21},{"not_picked":["Poisoned Stab","Deadly Poison","Sucker Punch"],"picked":"SKIP","floor":25},{"not_picked":["Reflex","Flying Knee","Quick Slash+1"],"picked":"SKIP","floor":31},{"not_picked":["Unload","Grand Finale"],"picked":"Malaise","floor":33},{"not_picked":["Prepared","Distraction+1"],"picked":"Blade Dance","floor":35},{"not_picked":["Deadly Poison","Distraction+1"],"picked":"Cloak And Dagger+1","floor":36},{"not_picked":["Slice","Choke"],"picked":"Dodge and Roll+1","floor":45},{"not_picked":["Deflect+1","Choke+1","Dodge and Roll"],"picked":"SKIP","floor":48},{"not_picked":["Prepared","Deadly Poison","Bane"],"picked":"SKIP","floor":52},{"not_picked":["Deflect","Dodge and Roll","Flying Knee"],"picked":"SKIP","floor":55},{"not_picked":["Poisoned Stab","Eviscerate"],"picked":"Night Terror","floor":61},{"not_picked":["Endless Agony","PiercingWail","Bane"],"picked":"SKIP","floor":64},{"not_picked":["Bouncing Flask","Concentrate","Choke"],"picked":"SKIP","floor":65},{"not_picked":["Malaise","Night Terror"],"picked":"Adrenaline","floor":67},{"not_picked":["Flying Knee","Poisoned Stab","Outmaneuver+1"],"picked":"SKIP","floor":69},{"not_picked":["Bouncing Flask","Quick Slash"],"picked":"Crippling Poison","floor":72},{"not_picked":["Blade Dance","Dagger Throw+1","Acrobatics"],"picked":"SKIP","floor":77},{"not_picked":["Tools of the Trade","Adrenaline"],"picked":"Burst","floor":84},{"not_picked":["Dagger Throw+1","Finisher+1","Bouncing Flask"],"picked":"SKIP","floor":86}],"player_experience":1258830,"relics_obtained":[{"floor":6,"key":"Orichalcum"},{"floor":9,"key":"Kunai"},{"floor":26,"key":"Mummified Hand"},{"floor":42,"key":"Snake Skull"},{"floor":43,"key":"Oddly Smooth Stone"},{"floor":60,"key":"Incense Burner"}],"event_choices":[{"damage_healed":0,"gold_gain":0,"player_choice":"Success","damage_taken":12,"relics_obtained":["Bronze Scales"],"max_hp_gain":0,"max_hp_loss":0,"event_name":"Scrap Ooze","floor":2,"gold_loss":0},{"damage_healed":17,"gold_gain":0,"player_choice":"Healed","damage_taken":0,"max_hp_gain":0,"max_hp_loss":0,"event_name":"The Cleric","floor":5,"gold_loss":35},{"damage_healed":0,"gold_gain":60,"player_choice":"Gained Gold","damage_taken":0,"max_hp_gain":0,"max_hp_loss":0,"event_name":"Golden Wing","floor":13,"gold_loss":0},{"damage_healed":0,"gold_gain":0,"player_choice":"Cursed","damage_taken":0,"max_hp_gain":0,"max_hp_loss":0,"event_name":"Wheel of Change","floor":19,"gold_loss":0,"cards_obtained":["Decay"]},{"damage_healed":0,"gold_gain":0,"player_choice":"Forge","damage_taken":0,"max_hp_gain":0,"max_hp_loss":0,"event_name":"Accursed Blacksmith","floor":22,"gold_loss":0,"cards_upgraded":["Malaise"]},{"damage_healed":0,"gold_gain":0,"player_choice":"Became a Ghost","damage_taken":0,"max_hp_gain":0,"max_hp_loss":35,"event_name":"Ghosts","floor":27,"gold_loss":0,"cards_obtained":["Ghostly","Ghostly","Ghostly","Ghostly","Ghostly"]},{"damage_healed":0,"gold_gain":0,"player_choice":"Opened","damage_taken":0,"relics_obtained":["Letter Opener"],"max_hp_gain":0,"max_hp_loss":0,"event_name":"The Mausoleum","floor":28,"gold_loss":0,"cards_obtained":["Writhe"]},{"damage_healed":0,"gold_gain":0,"player_choice":"Embrace Madness","damage_taken":4,"max_hp_gain":0,"max_hp_loss":0,"event_name":"Winding Halls","floor":38,"gold_loss":0,"cards_obtained":["Madness","Madness"]},{"damage_healed":0,"gold_gain":0,"player_choice":"Ignored","damage_taken":0,"max_hp_gain":0,"max_hp_loss":0,"event_name":"Mysterious Sphere","floor":46,"gold_loss":0},{"damage_healed":0,"gold_gain":0,"player_choice":"Forge","damage_taken":0,"max_hp_gain":0,"max_hp_loss":0,"event_name":"Accursed Blacksmith","floor":54,"gold_loss":0,"cards_upgraded":["Caltrops"]},{"damage_healed":0,"gold_gain":0,"player_choice":"Got Potions","damage_taken":0,"max_hp_gain":0,"max_hp_loss":0,"event_name":"Lab","floor":58,"gold_loss":0},{"damage_healed":0,"gold_gain":0,"player_choice":"Leave","damage_taken":0,"max_hp_gain":0,"max_hp_loss":0,"event_name":"The Cleric","floor":62,"gold_loss":0},{"damage_healed":0,"gold_gain":0,"player_choice":"Smashed Altar","damage_taken":0,"max_hp_gain":0,"max_hp_loss":0,"event_name":"Forgotten Altar","floor":70,"gold_loss":0,"cards_obtained":["Decay"]},{"cards_removed":["Writhe"],"damage_healed":0,"gold_gain":0,"player_choice":"Gave Gold","damage_taken":0,"max_hp_gain":0,"max_hp_loss":0,"event_name":"Beggar","floor":73,"gold_loss":75},{"damage_healed":0,"gold_gain":0,"player_choice":"Simplicity","damage_taken":0,"max_hp_gain":0,"max_hp_loss":0,"event_name":"Back to Basics","floor":76,"gold_loss":0,"cards_upgraded":["Strike_G","Strike_B","Defend_R","Defend_G","Defend_B"]},{"damage_healed":0,"gold_gain":0,"player_choice":"Opened","damage_taken":0,"relics_obtained":["Centennial Puzzle"],"max_hp_gain":0,"max_hp_loss":0,"event_name":"The Mausoleum","floor":79,"gold_loss":0,"cards_obtained":["Writhe"]},{"damage_healed":0,"gold_gain":999,"player_choice":"Gold","damage_taken":0,"max_hp_gain":0,"max_hp_loss":0,"event_name":"MindBloom","floor":87,"gold_loss":0,"cards_obtained":["Normality","Normality"]},{"damage_healed":0,"gold_gain":0,"player_choice":"Fight","damage_taken":0,"max_hp_gain":0,"max_hp_loss":0,"event_name":"Mysterious Sphere","floor":88,"gold_loss":0}],"is_beta":false,"boss_relics":[{"not_picked":["Fusion Hammer","Philosopher\u0027s Stone"],"picked":"Runic Pyramid"},{"not_picked":["Calling Bell","Sozu"],"picked":"HoveringKite"},{"not_picked":["Busted Crown","Snecko Eye"],"picked":"Tiny House"},{"not_picked":["VoidEssence"],"picked":"Scatterbrain"},{"not_picked":["TwistingMind"],"picked":"GraspOfShadows"}],"items_purged_floors":[20,30,71],"is_endless":true,"potions_floor_spawned":[8,16,18,48,50,55,67,77,84],"killed_by":"2 Orb Walkers","ascension_level":0}