{"gold_per_floor":[112,131,2,2,2,2,2,77,77,27,27,27,27,27,27,123,123,96,37,61,61,61,61],"floor_reached":23,"playtime":397,"items_purged":["Regret"],"score":346,"play_id":"18944bbe-73de-4682-9798-889de7285551","local_time":"20181124151307","is_ascension_mode":true,"campfire_choices":[{"data":"Zap","floor":6.0,"key":"SMITH"},{"data":"Dualcast","floor":11.0,"key":"SMITH"},{"data":"Cold Snap","floor":15.0,"key":"SMITH"}],"neow_cost":"CURSE","seed_source_timestamp":941271502134793,"circlet_count":0,"master_deck":["AscendersBane","Strike_B","Strike_B","Strike_B","Strike_B","Defend_B","Defend_B","Defend_B","Defend_B","Zap+1","Dualcast+1","Ball Lightning","Blizzard+1","Cold Snap+1","Cold Snap","Echo Form","Reinforced Body","Leap","Shame"],"special_seed":0,"relics":["Cracked Core","Emotion Chip","Art of War","Golden Idol","Ornamental Fan","Black Star","Pear"],"potions_floor_usage":[23],"damage_taken":[{"damage":7.0,"enemies":"Jaw Worm","floor":1.0,"turns":3.0},{"damage":2.0,"enemies":"Cultist","floor":2.0,"turns":2.0},{"damage":25.0,"enemies":"The Guardian","floor":16.0,"turns":10.0},{"damage":20.0,"enemies":"2 Thieves","floor":18.0,"turns":4.0},{"damage":8.0,"enemies":"Spheric Guardian","floor":20.0,"turns":5.0},{"damage":51,"enemies":"Slavers","floor":23,"turns":3}],"seed_played":"-4917216493794977259","potions_obtained":[{"floor":1.0,"key":"SkillPotion"}],"is_trial":false,"path_per_floor":["M","M","$","?","$","R","$","?","T","$","R","?","?","T","R","B",null,"M","$","M","?","?","E"],"character_chosen":"DEFECT","items_purchased":["Cold Snap","Cold Snap","Leap"],"campfire_rested":0,"item_purchase_floors":[3,10,19],"current_hp_per_floor":[57,55,55,55,55,55,55,44,44,44,44,44,44,44,44,19,53,33,33,25,35,50,0],"gold":61,"neow_bonus":"ONE_RARE_RELIC","is_prod":false,"is_daily":false,"chose_seed":false,"campfire_upgraded":3,"win_rate":0,"timestamp":1543090387,"path_taken":["M","M","$","?","?","R","$","?","T","?","R","?","?","?","R","BOSS","M","$","M","?","?","E"],"build_version":"2018-11-15","purchased_purges":1,"victory":false,"max_hp_per_floor":[71,71,71,71,71,71,71,71,71,71,71,64,64,64,64,64,64,64,64,64,74,74,74],"card_choices":[{"not_picked":["Recycle","Hologram"],"picked":"Ball Lightning","floor":1.0},{"not_picked":["Compile Driver","Barrage"],"picked":"Blizzard","floor":2.0},{"not_picked":["Seek","Machine Learning"],"picked":"Echo Form","floor":16.0},{"not_picked":["Chill","Leap+1"],"picked":"Reinforced Body","floor":18.0},{"not_picked":["Rebound","Hologram","Consume"],"picked":"SKIP","floor":20.0}],"player_experience":567143,"relics_obtained":[{"floor":9.0,"key":"Art of War"},{"floor":14.0,"key":"Ornamental Fan"}],"event_choices":[{"damage_healed":0.0,"max_hp_gain":0.0,"max_hp_loss":0.0,"gold_gain":0.0,"event_name":"Upgrade Shrine","player_choice":"Upgraded","floor":4.0,"gold_loss":0.0,"damage_taken":0.0,"cards_upgraded":["Blizzard"]},{"damage_healed":0.0,"max_hp_gain":0.0,"max_hp_loss":0.0,"gold_gain":75.0,"event_name":"World of Goop","player_choice":"Gather Gold","floor":8.0,"gold_loss":0.0,"damage_taken":11.0},{"damage_healed":0.0,"max_hp_gain":0.0,"max_hp_loss":7.0,"gold_gain":0.0,"event_name":"Golden Idol","player_choice":"Lose Max HP","floor":12.0,"gold_loss":0.0,"damage_taken":0.0,"relics_obtained":["Golden Idol"]},{"damage_healed":0.0,"max_hp_gain":0.0,"max_hp_loss":0.0,"gold_gain":0.0,"event_name":"Liars Game","player_choice":"Ignored","floor":13.0,"gold_loss":0.0,"damage_taken":0.0},{"damage_healed":0.0,"max_hp_gain":0.0,"max_hp_loss":0.0,"gold_gain":0.0,"event_name":"Addict","player_choice":"Stole Relic","floor":21.0,"gold_loss":0.0,"damage_taken":0.0,"relics_obtained":["Pear"],"cards_obtained":["Shame"]},{"damage_healed":15,"gold_gain":0,"player_choice":"Heal","damage_taken":0,"max_hp_gain":0,"max_hp_loss":0,"event_name":"The Library","floor":22,"gold_loss":0}],"is_beta":true,"boss_relics":[{"not_picked":["Velvet Choker","Calling Bell"],"picked":"Black Star"}],"items_purged_floors":[3],"is_endless":false,"potions_floor_spawned":[1],"killed_by":"Slavers","ascension_level":20}