{"gold_per_floor":[115,115,125,15,30,30,60,60,110,122,222,238,251,264,264,361,361,380,95,114,147,158,158,169,88,88,108,108,108,108,30,30,125,125,140,240,240,252,19,54,93,93,93,105,148,160,172,217,229,241,253,265,8,33,33],"floor_reached":55,"playtime":5961,"items_purged":["Strike_G","Strike_G","Strike_G"],"score":1105,"play_id":"24cd0762-cb75-46ba-9292-fd7d50127d87","local_time":"20190208123136","is_ascension_mode":true,"campfire_choices":[{"data":"Leg Sweep","floor":6,"key":"SMITH"},{"data":"Predator","floor":8,"key":"SMITH"},{"data":"Crippling Poison","floor":15,"key":"SMITH"},{"data":"Tactician","floor":23,"key":"SMITH"},{"data":"Reflex","floor":28,"key":"SMITH"},{"data":"Caltrops","floor":30,"key":"SMITH"},{"data":"Caltrops","floor":32,"key":"SMITH"},{"data":"Transmutation","floor":42,"key":"SMITH"},{"data":"Discovery","floor":44,"key":"SMITH"},{"floor":47,"key":"REST"},{"floor":49,"key":"RECALL"},{"floor":52,"key":"REST"}],"neow_cost":"NONE","seed_source_timestamp":1194164024568104,"circlet_count":0,"master_deck":["Defend_G","Defend_G","Defend_G","Defend_G","Defend_G","Strike_G","Strike_G","Survivor","Neutralize","Leg Sweep+1","Predator+1","Crippling Poison+1","Backflip","Wraith Form v2","Corpse Explosion","Outmaneuver+1","Caltrops+1","Riddle With Holes+1","Tactician+1","Eviscerate","Outmaneuver+1","Reflex+1","Leg Sweep","Caltrops+1","Phantasmal Killer","Blur","Magnetism","Transmutation+1","Discovery+1","Dark Shackles","Noxious Fumes","Reflex","Tactician","Bullet Time"],"relics":["Snecko Eye","Bag of Marbles","HoveringKite","Bag of Preparation","Red Mask","Matryoshka","Vajra","Cursed Key","StoneCalendar","Centennial Puzzle","Snake Skull","MawBank","Question Card","Juzu Bracelet","Torii"],"potions_floor_usage":[16,33,33,50,50,55],"damage_taken":[{"damage":4,"enemies":"Jaw Worm","floor":1,"turns":5},{"damage":1,"enemies":"Cultist","floor":3,"turns":4},{"damage":0,"enemies":"Small Slimes","floor":5,"turns":4},{"damage":8,"enemies":"Looter","floor":10,"turns":4},{"damage":8,"enemies":"Exordium Thugs","floor":12,"turns":6},{"damage":0,"enemies":"Large Slime","floor":13,"turns":5},{"damage":2,"enemies":"Exordium Wildlife","floor":14,"turns":6},{"damage":22,"enemies":"The Guardian","floor":16,"turns":16},{"damage":3,"enemies":"2 Thieves","floor":18,"turns":5},{"damage":0,"enemies":"Chosen","floor":20,"turns":4},{"damage":0,"enemies":"Masked Bandits","floor":21,"turns":1},{"damage":1,"enemies":"Centurion and Healer","floor":22,"turns":5},{"damage":5,"enemies":"Sentry and Sphere","floor":24,"turns":4},{"damage":3,"enemies":"Snecko","floor":27,"turns":3},{"damage":29,"enemies":"Collector","floor":33,"turns":8},{"damage":0,"enemies":"Orb Walker","floor":35,"turns":3},{"damage":0,"enemies":"Mind Bloom Boss Battle","floor":36,"turns":5},{"damage":0,"enemies":"3 Shapes","floor":38,"turns":4},{"damage":4,"enemies":"Reptomancer","floor":40,"turns":5},{"damage":2,"enemies":"Spire Growth","floor":41,"turns":3},{"damage":10,"enemies":"Giant Head","floor":45,"turns":8},{"damage":22,"enemies":"Nemesis","floor":48,"turns":7},{"damage":10,"enemies":"Donu and Deca","floor":50,"turns":7},{"damage":34,"enemies":"Shield and Spear","floor":54,"turns":5},{"damage":45,"enemies":"The Heart","floor":55,"turns":5}],"seed_played":"3413079390554172445","potions_obtained":[{"floor":13,"key":"GhostInAJar"},{"floor":14,"key":"AttackPotion"},{"floor":16,"key":"LiquidBronze"},{"floor":18,"key":"Poison Potion"},{"floor":21,"key":"Ancient Potion"},{"floor":24,"key":"PowerPotion"},{"floor":36,"key":"Weak Potion"},{"floor":40,"key":"Swift Potion"}],"is_trial":false,"path_per_floor":["M","?","M","$","M","R","?","R","T","M","?","M","M","M","R","B",null,"M","$","M","?","M","R","M","$","T","M","R","?","R","$","R","B",null,"M","?","?","M","$","E","M","R","T","R","E","?","R","E","R","B",null,"R","$","E","B"],"character_chosen":"THE_SILENT","items_purchased":["Predator","Bag of Preparation","Caltrops","Reflex","Caltrops","Centennial Puzzle","Dark Shackles","Reflex","Tactician"],"campfire_rested":2,"item_purchase_floors":[4,19,19,25,31,39,39,53,53],"current_hp_per_floor":[59,59,58,58,58,58,58,58,58,50,50,42,42,40,40,18,57,54,54,54,54,53,53,48,48,48,45,45,45,45,45,45,16,57,57,57,47,47,47,43,41,41,41,41,31,31,52,30,30,20,58,70,70,36,0],"gold":33,"neow_bonus":"BOSS_RELIC","is_prod":false,"is_daily":false,"chose_seed":false,"campfire_upgraded":9,"win_rate":0,"timestamp":1549625496,"path_taken":["M","?","M","$","?","R","?","R","T","M","?","M","M","?","R","BOSS","M","$","M","?","M","R","M","$","T","M","R","?","R","?","R","BOSS","M","?","?","M","$","E","M","R","T","R","E","?","R","E","R","BOSS","R","$","E","BOSS"],"build_version":"2019-01-23","purchased_purges":3,"victory":false,"max_hp_per_floor":[70,70,70,70,70,70,70,70,70,70,70,70,70,70,70,70,70,70,70,70,70,70,70,70,70,70,70,70,70,70,70,70,70,70,70,70,70,70,70,70,70,70,70,70,70,70,70,70,70,70,70,70,70,70,70],"card_choices":[{"not_picked":["Deadly Poison","Calculated Gamble"],"picked":"Leg Sweep","floor":1},{"not_picked":["All Out Attack","Acrobatics","Poisoned Stab"],"picked":"SKIP","floor":3},{"not_picked":["Cloak And Dagger","Bane","Calculated Gamble"],"picked":"SKIP","floor":5},{"not_picked":["Underhanded Strike","Dodge and Roll"],"picked":"Crippling Poison","floor":10},{"not_picked":["Accuracy","Blade Dance"],"picked":"Backflip","floor":12},{"not_picked":["Quick Slash","PiercingWail"],"picked":"Wraith Form v2","floor":13},{"not_picked":["Dagger Throw","Prepared","Cloak And Dagger"],"picked":"SKIP","floor":14},{"not_picked":["Adrenaline","Venomology"],"picked":"Corpse Explosion","floor":16},{"not_picked":["Poisoned Stab","Slice"],"picked":"Outmaneuver+1","floor":18},{"not_picked":["Flying Knee+1","All Out Attack"],"picked":"Riddle With Holes+1","floor":20},{"not_picked":["Deadly Poison+1","Acrobatics"],"picked":"Tactician","floor":21},{"not_picked":["Concentrate","Distraction+1"],"picked":"Eviscerate","floor":22},{"not_picked":["Masterful Stab","Concentrate"],"picked":"Outmaneuver+1","floor":24},{"not_picked":["Deadly Poison+1","Flying Knee"],"picked":"Leg Sweep","floor":27},{"not_picked":["After Image","Envenom"],"picked":"Phantasmal Killer","floor":33},{"not_picked":["Flying Knee","Heel Hook+1"],"picked":"Blur","floor":35},{"not_picked":["Secret Weapon","Violence"],"picked":"Magnetism","floor":37},{"not_picked":["Purity","Chrysalis"],"picked":"Transmutation","floor":37},{"not_picked":["Violence","Chrysalis"],"picked":"Discovery","floor":37},{"not_picked":["Finisher+1","Escape Plan","Prepared+1"],"picked":"SKIP","floor":38},{"not_picked":["Quick Slash+1","Dodge and Roll+1","Dagger Spray"],"picked":"SKIP","floor":40},{"not_picked":["Poisoned Stab","Slice","Calculated Gamble+1"],"picked":"SKIP","floor":41},{"not_picked":["Finisher","Flying Knee","Cloak And Dagger+1"],"picked":"SKIP","floor":45},{"not_picked":["Outmaneuver","Slice","Poisoned Stab+1"],"picked":"Noxious Fumes","floor":48},{"not_picked":["Heel Hook+1","Endless Agony+1","Poisoned Stab+1"],"picked":"Bullet Time","floor":54}],"player_experience":287933,"relics_obtained":[{"floor":9,"key":"Bag of Marbles"},{"floor":21,"key":"Red Mask"},{"floor":26,"key":"Matryoshka"},{"floor":36,"key":"StoneCalendar"},{"floor":40,"key":"Snake Skull"},{"floor":43,"key":"MawBank"},{"floor":45,"key":"Question Card"},{"floor":48,"key":"Juzu Bracelet"},{"floor":54,"key":"Torii"}],"event_choices":[{"damage_healed":0,"gold_gain":0,"player_choice":"Bought 0 Potions","damage_taken":0,"max_hp_gain":0,"max_hp_loss":0,"event_name":"The Woman in Blue","floor":2,"gold_loss":0},{"damage_healed":0,"gold_gain":30,"player_choice":"Searched \u00271\u0027 times","damage_taken":0,"max_hp_gain":0,"max_hp_loss":0,"event_name":"Dead Adventurer","floor":7,"gold_loss":0},{"damage_healed":0,"gold_gain":100,"player_choice":"Pray","damage_taken":0,"max_hp_gain":0,"max_hp_loss":0,"event_name":"Golden Shrine","floor":11,"gold_loss":0},{"damage_healed":0,"gold_gain":0,"player_choice":"Fought Bandits","damage_taken":0,"max_hp_gain":0,"max_hp_loss":0,"event_name":"Masked Bandits","floor":21,"gold_loss":0},{"damage_healed":0,"gold_gain":0,"player_choice":"Opened","damage_taken":0,"relics_obtained":["Vajra"],"max_hp_gain":0,"max_hp_loss":0,"event_name":"The Mausoleum","floor":29,"gold_loss":0},{"damage_healed":0,"gold_gain":0,"player_choice":"Fight","damage_taken":0,"max_hp_gain":0,"max_hp_loss":0,"event_name":"MindBloom","floor":36,"gold_loss":0},{"damage_healed":0,"gold_gain":0,"player_choice":"Memory 3","damage_taken":10,"max_hp_gain":0,"max_hp_loss":0,"event_name":"SensoryStone","floor":37,"gold_loss":0},{"cards_removed":["Shame"],"damage_healed":0,"gold_gain":0,"player_choice":"Removed Curses","damage_taken":0,"max_hp_gain":0,"max_hp_loss":0,"event_name":"Fountain of Cleansing","floor":46,"gold_loss":0}],"is_beta":false,"boss_relics":[{"not_picked":["WristBlade","Fusion Hammer"],"picked":"HoveringKite"},{"not_picked":["Astrolabe","Calling Bell"],"picked":"Cursed Key"}],"items_purged_floors":[4,19,53],"is_endless":false,"potions_floor_spawned":[13,14,16,18,21,24,27,36,40,41,45],"killed_by":"The Heart","ascension_level":9}