{"gold_per_floor":[117,292,52,65,83,83,99,99,152,169,197,97,128,140,140,140],"floor_reached":16,"playtime":1529,"items_purged":["Doubt","Strike_R"],"score":112,"play_id":"b905d710-01a0-4a59-bda1-a82deadd841f","local_time":"20190208041957","is_ascension_mode":false,"campfire_choices":[{"data":"Rage","floor":6,"key":"SMITH"},{"data":"Bash","floor":8,"key":"SMITH"},{"floor":15,"key":"REST"}],"neow_cost":"NONE","seed_source_timestamp":54329853216061,"circlet_count":0,"master_deck":["Strike_R","Strike_R","Strike_R","Strike_R","Defend_R","Defend_R","Defend_R","Defend_R","Bash+1","Sword Boomerang","Panache","Rage+1","Thunderclap","Body Slam","Flex","Metallicize","Berserk","Intimidate"],"relics":["Burning Blood","Tiny Chest","Blood Vial","Dodecahedron"],"potions_floor_usage":[14,14],"damage_taken":[{"damage":10,"enemies":"Jaw Worm","floor":1,"turns":4},{"damage":9,"enemies":"2 Louse","floor":4,"turns":3},{"damage":0,"enemies":"Cultist","floor":5,"turns":3},{"damage":15,"enemies":"Red Slaver","floor":7,"turns":4},{"damage":14,"enemies":"Blue Slaver","floor":10,"turns":4},{"damage":25,"enemies":"Gremlin Nob","floor":11,"turns":4},{"damage":44,"enemies":"3 Sentries","floor":13,"turns":9},{"damage":11,"enemies":"3 Louse","floor":14,"turns":11},{"damage":89,"enemies":"Hexaghost","floor":16,"turns":11}],"seed_played":"3556816359776113840","potions_obtained":[{"floor":1,"key":"Regen Potion"},{"floor":7,"key":"LiquidBronze"},{"floor":10,"key":"Regen Potion"},{"floor":14,"key":"Ancient Potion"}],"is_trial":false,"path_per_floor":["M","?","$","M","M","R","M","R","T","M","E","$","E","M","R","B"],"character_chosen":"IRONCLAD","items_purchased":["Panache"],"campfire_rested":1,"item_purchase_floors":[3],"current_hp_per_floor":[84,84,84,81,87,87,78,78,78,70,51,51,15,67,88,0],"gold":140,"neow_bonus":"TEN_PERCENT_HP_BONUS","is_prod":false,"is_daily":false,"chose_seed":false,"campfire_upgraded":2,"win_rate":0.0,"timestamp":1549595997,"path_taken":["M","?","$","M","M","R","M","R","T","M","E","$","E","M","R","BOSS"],"build_version":"2019-01-23","purchased_purges":2,"victory":false,"max_hp_per_floor":[88,88,88,88,88,88,88,88,88,88,88,88,88,88,88,88],"card_choices":[{"not_picked":["Feel No Pain","Anger"],"picked":"Sword Boomerang","floor":1},{"not_picked":["Headbutt","Iron Wave"],"picked":"Rage","floor":4},{"not_picked":["Clothesline","Second Wind"],"picked":"Thunderclap","floor":5},{"not_picked":["Pummel","Pommel Strike"],"picked":"Body Slam","floor":7},{"not_picked":["Clothesline","Thunderclap"],"picked":"Flex","floor":10},{"not_picked":["Headbutt","Iron Wave"],"picked":"Metallicize","floor":11},{"not_picked":["Disarm","Metallicize"],"picked":"Berserk","floor":13},{"not_picked":["Clothesline","Cleave"],"picked":"Intimidate","floor":14}],"player_experience":46847,"relics_obtained":[{"floor":9,"key":"Tiny Chest"},{"floor":11,"key":"Blood Vial"},{"floor":13,"key":"Dodecahedron"}],"event_choices":[{"damage_healed":0,"gold_gain":175,"player_choice":"AGREE","damage_taken":0,"max_hp_gain":0,"max_hp_loss":0,"event_name":"Liars Game","floor":2,"gold_loss":0,"cards_obtained":["Doubt"]}],"is_beta":false,"boss_relics":[],"items_purged_floors":[3,12],"is_endless":false,"potions_floor_spawned":[1,7,10,14],"killed_by":"Hexaghost","ascension_level":0}