{"gold_per_floor":[218,218,1,1,21,21,54,70,70,82,82,112,130,147,147,245,245,258,258,271,271,5,5,19,50,50,60,60,72,72,72,72,172,172,192,192,204,104,119,119],"floor_reached":40,"playtime":5399,"items_purged":["Strike_B","Defend_B"],"score":523,"play_id":"3a32df2f-6856-404e-9919-20c379ff99cb","local_time":"20190210143220","is_ascension_mode":true,"campfire_choices":[{"floor":11.0,"key":"REST"},{"floor":15.0,"key":"RECALL"},{"data":"Blind","floor":23.0,"key":"SMITH"},{"floor":28.0,"key":"REST"},{"floor":30.0,"key":"REST"},{"floor":32.0,"key":"REST"}],"neow_cost":"NONE","seed_source_timestamp":574576188743895,"circlet_count":0,"master_deck":["Defend_B","Defend_B","Defend_B","Zap","Dualcast","Consume","Leap","Defragment","Auto Shields","Melter","Capacitor","Buffer","Darkness+1","Static Discharge","Seek","Coolheaded","Ball Lightning","Blind+1","Leap","Ball Lightning","Electrodynamics","Chaos+1","Leap","Hologram"],"special_seed":0,"relics":["Cracked Core","Pantograph","ClockworkSouvenir","Anchor","Bag of Preparation","Letter Opener","Sozu","Nunchaku","Black Star"],"potions_floor_usage":[],"damage_taken":[{"damage":2.0,"enemies":"Jaw Worm","floor":1.0,"turns":3.0},{"damage":0.0,"enemies":"Cultist","floor":5.0,"turns":3.0},{"damage":31.0,"enemies":"3 Sentries","floor":7.0,"turns":7.0},{"damage":0.0,"enemies":"2 Louse","floor":8.0,"turns":2.0},{"damage":0.0,"enemies":"2 Fungi Beasts","floor":10.0,"turns":4.0},{"damage":13.0,"enemies":"Lagavulin","floor":12.0,"turns":9.0},{"damage":0.0,"enemies":"Red Slaver","floor":13.0,"turns":3.0},{"damage":4.0,"enemies":"Exordium Wildlife","floor":14.0,"turns":5.0},{"damage":24.0,"enemies":"The Guardian","floor":16.0,"turns":15.0},{"damage":0.0,"enemies":"Spheric Guardian","floor":18.0,"turns":3.0},{"damage":7.0,"enemies":"Shell Parasite","floor":20.0,"turns":6.0},{"damage":0.0,"enemies":"Sentry and Sphere","floor":24.0,"turns":4.0},{"damage":30.0,"enemies":"Slavers","floor":25.0,"turns":5.0},{"damage":2.0,"enemies":"Chosen and Byrds","floor":27.0,"turns":5.0},{"damage":1.0,"enemies":"Cultist and Chosen","floor":29.0,"turns":6.0},{"damage":18,"enemies":"Champ","floor":33,"turns":11},{"damage":8,"enemies":"3 Darklings","floor":35,"turns":3},{"damage":3,"enemies":"Orb Walker","floor":37,"turns":4},{"damage":55,"enemies":"Transient","floor":39,"turns":5},{"damage":16,"enemies":"Reptomancer","floor":40,"turns":3}],"seed_played":"-6042939460471618632","potions_obtained":[{"floor":6.0,"key":"Swift Potion"},{"floor":6.0,"key":"EntropicBrew"},{"floor":6.0,"key":"SneckoOil"},{"floor":7.0,"key":"Swift Potion"},{"floor":12.0,"key":"Dexterity Potion"},{"floor":13.0,"key":"Fire Potion"}],"is_trial":false,"path_per_floor":["M","?","$","?","M","?","E","M","T","M","R","E","M","M","R","B",null,"M","?","M","?","$","R","M","E","T","M","R","M","R","?","R","B",null,"M","?","M","$","M","E"],"character_chosen":"DEFECT","items_purchased":["ClockworkSouvenir","Leap","Ball Lightning","Blind","Leap"],"campfire_rested":4,"item_purchase_floors":[3,3,22,22,22],"current_hp_per_floor":[73,73,73,66,66,66,35,35,35,35,57,44,44,40,40,41,67,67,67,60,60,60,60,60,30,30,28,50,49,71,57,80,62,76,68,68,65,65,10,0],"gold":119,"neow_bonus":"HUNDRED_GOLD","is_prod":false,"is_daily":false,"chose_seed":false,"campfire_upgraded":1,"win_rate":0,"timestamp":1549805540,"path_taken":["M","?","$","?","?","?","E","M","T","M","R","E","M","M","R","BOSS","M","?","?","?","$","R","M","E","T","M","R","M","R","?","R","BOSS","M","?","M","$","M","E"],"build_version":"2019-01-23","purchased_purges":2,"victory":false,"max_hp_per_floor":[75,75,75,75,75,75,75,75,75,75,75,75,75,75,75,75,75,75,75,75,75,75,75,75,75,75,75,75,75,75,80,80,80,80,80,80,80,80,80,80],"card_choices":[{"not_picked":["Redo","Conserve Battery"],"picked":"Consume","floor":1.0},{"not_picked":["Self Repair","BootSequence"],"picked":"Defragment","floor":5.0},{"not_picked":["Sunder","Turbo","Recycle"],"picked":"SKIP","floor":7.0},{"not_picked":["Defragment","Rebound"],"picked":"Auto Shields","floor":8.0},{"not_picked":["Rebound","Hologram"],"picked":"Melter","floor":10.0},{"not_picked":["Coolheaded","Stack","Fission"],"picked":"SKIP","floor":12.0},{"not_picked":["Stack","Compile Driver","Streamline"],"picked":"SKIP","floor":13.0},{"not_picked":["Fission","Chill"],"picked":"Capacitor","floor":14.0},{"not_picked":["Creative AI","Fission"],"picked":"Buffer","floor":16.0},{"not_picked":["Compile Driver","Chill"],"picked":"Darkness+1","floor":18.0},{"not_picked":["Steam+1","Sweeping Beam"],"picked":"Static Discharge","floor":20.0},{"not_picked":["Turbo","Heatsinks"],"picked":"Ball Lightning","floor":24.0},{"not_picked":["Rebound+1","Gash","Skim+1"],"picked":"SKIP","floor":25.0},{"not_picked":["Conserve Battery","Turbo+1"],"picked":"Electrodynamics","floor":27.0},{"not_picked":["Blizzard+1","Defragment","Compile Driver"],"picked":"SKIP","floor":29.0},{"not_picked":["Redo+1","Gash+1"],"picked":"Chaos+1","floor":35},{"not_picked":["Scrape+1","Streamline+1","Double Energy"],"picked":"SKIP","floor":37},{"not_picked":["Double Energy","Sweeping Beam"],"picked":"Hologram","floor":39}],"player_experience":353203,"relics_obtained":[{"floor":7.0,"key":"Anchor"},{"floor":9.0,"key":"Bag of Preparation"},{"floor":12.0,"key":"Letter Opener"},{"floor":25.0,"key":"Nunchaku"}],"event_choices":[{"damage_healed":0.0,"max_hp_gain":0.0,"max_hp_loss":0.0,"gold_gain":0.0,"event_name":"Big Fish","player_choice":"Box","floor":2.0,"gold_loss":0.0,"damage_taken":0.0,"relics_obtained":["Pantograph"],"cards_obtained":["Regret"]},{"cards_removed":["Regret"],"damage_healed":0.0,"max_hp_gain":0.0,"max_hp_loss":0.0,"gold_gain":0.0,"event_name":"Golden Wing","player_choice":"Card Removal","floor":4.0,"gold_loss":0.0,"damage_taken":7.0},{"damage_healed":0.0,"max_hp_gain":0.0,"max_hp_loss":0.0,"gold_gain":0.0,"event_name":"Lab","player_choice":"Got Potions","floor":6.0,"gold_loss":0.0,"damage_taken":0.0},{"cards_removed":["Strike_B"],"damage_healed":0.0,"max_hp_gain":0.0,"max_hp_loss":0.0,"gold_gain":0.0,"event_name":"Purifier","player_choice":"Purged","floor":19.0,"gold_loss":0.0,"damage_taken":0.0},{"damage_healed":0.0,"max_hp_gain":0.0,"max_hp_loss":0.0,"gold_gain":0.0,"cards_transformed":["Strike_B","Strike_B"],"event_name":"Drug Dealer","player_choice":"Became Test Subject","floor":21.0,"gold_loss":0.0,"damage_taken":0.0,"cards_obtained":["Seek","Coolheaded"]},{"damage_healed":0.0,"max_hp_gain":5.0,"max_hp_loss":0.0,"gold_gain":0.0,"event_name":"Forgotten Altar","player_choice":"Shed Blood","floor":31.0,"gold_loss":0.0,"damage_taken":19.0},{"damage_healed":0,"gold_gain":0,"player_choice":"Copied","damage_taken":0,"max_hp_gain":0,"max_hp_loss":0,"event_name":"Duplicator","floor":36,"gold_loss":0,"cards_obtained":["Leap"]}],"is_beta":false,"boss_relics":[{"not_picked":["Snecko Eye","Coffee Dripper"],"picked":"Sozu"},{"not_picked":["Runic Pyramid","White Beast Statue"],"picked":"Black Star"}],"items_purged_floors":[22,38],"is_endless":false,"potions_floor_spawned":[7,10,12,13,18,33,35],"killed_by":"Reptomancer","ascension_level":5}