{"gold_per_floor":[115,133,151,28,41,74,74,94,94,94,112,139,139,153,153,254,304,323,338,30,30,47,72,72,85,158,189,206,206],"floor_reached":29,"playtime":1974,"items_purged":[],"score":269,"play_id":"24c1d74b-4a49-4579-9cde-3e995d8337a9","local_time":"20190106142203","is_ascension_mode":false,"campfire_choices":[{"floor":7.0,"key":"RECALL"},{"floor":10.0,"key":"REST"},{"data":"Accuracy","floor":15.0,"key":"SMITH"},{"floor":24.0,"key":"REST"}],"neow_cost":"NONE","seed_source_timestamp":0,"circlet_count":0,"master_deck":["Defend_G","Defend_G","Defend_G","Defend_G","Defend_G","Strike_G+1","Strike_G","Strike_G","Strike_G+1","Strike_G+1","Survivor","Neutralize","Deflect","Infinite Blades","Deflect","Accuracy+1","Blade Dance","Blur","Bane","Heel Hook","PiercingWail","Poisoned Stab","Footwork","Night Terror","Infinite Blades","Prepared","Blade Dance+1","Infinite Blades","Crippling Poison","Acrobatics+1","Storm of Steel","Quick Slash","Dash+1","Outmaneuver+1"],"special_seed":0,"relics":["Busted Crown","Whetstone","Odd Mushroom","Tiny House","Bag of Marbles","Paper Crane","Toxic Egg 2","Question Card"],"potions_floor_usage":[],"damage_taken":[{"damage":0.0,"enemies":"Small Slimes","floor":1.0,"turns":4.0},{"damage":0.0,"enemies":"Cultist","floor":2.0,"turns":5.0},{"damage":1.0,"enemies":"Jaw Worm","floor":3.0,"turns":5.0},{"damage":0.0,"enemies":"Exordium Wildlife","floor":5.0,"turns":3.0},{"damage":27.0,"enemies":"3 Sentries","floor":6.0,"turns":10.0},{"damage":0.0,"enemies":"Blue Slaver","floor":8.0,"turns":3.0},{"damage":1.0,"enemies":"2 Fungi Beasts","floor":11.0,"turns":3.0},{"damage":0.0,"enemies":"The Mushroom Lair","floor":12.0,"turns":5.0},{"damage":0.0,"enemies":"3 Louse","floor":14.0,"turns":4.0},{"damage":48.0,"enemies":"The Guardian","floor":16.0,"turns":9.0},{"damage":7.0,"enemies":"Chosen","floor":18.0,"turns":6.0},{"damage":0.0,"enemies":"3 Byrds","floor":19.0,"turns":5.0},{"damage":16.0,"enemies":"Cultist and Chosen","floor":22.0,"turns":4.0},{"damage":37.0,"enemies":"Slavers","floor":23.0,"turns":6.0},{"damage":15.0,"enemies":"Snecko","floor":25.0,"turns":4.0},{"damage":29.0,"enemies":"Gremlin Leader","floor":27.0,"turns":7.0},{"damage":12,"enemies":"Chosen and Byrds","floor":28,"turns":7},{"damage":11,"enemies":"Snake Plant","floor":29,"turns":1}],"seed_played":"3419768748877001470","potions_obtained":[{"floor":2.0,"key":"LiquidBronze"},{"floor":5.0,"key":"Weak Potion"},{"floor":12.0,"key":"Regen Potion"},{"floor":14.0,"key":"Poison Potion"},{"floor":17.0,"key":"GamblersBrew"},{"floor":18.0,"key":"AttackPotion"},{"floor":19.0,"key":"FearPotion"}],"is_trial":false,"path_per_floor":["M","M","M","$","M","E","R","M","T","R","M","?","?","M","R","B",null,"M","M","$","?","M","E","R","M","T","E","M","M"],"character_chosen":"THE_SILENT","items_purchased":["Accuracy","Blade Dance","Infinite Blades","Crippling Poison","Bag of Marbles"],"campfire_rested":2,"item_purchase_floors":[4,4,20,20,20],"current_hp_per_floor":[70,70,69,69,69,42,42,42,42,63,62,62,67,67,67,19,80,73,73,73,80,64,42,66,51,51,22,10,0],"gold":206,"neow_bonus":"BOSS_RELIC","is_prod":false,"is_daily":false,"chose_seed":false,"campfire_upgraded":1,"win_rate":0,"timestamp":1546784523,"path_taken":["M","M","M","$","M","E","R","M","T","R","M","?","?","M","R","BOSS","M","M","$","?","?","E","R","M","T","E","M","M"],"build_version":"2019-01-03v4","purchased_purges":0,"victory":false,"max_hp_per_floor":[70,70,70,70,70,70,70,70,70,70,70,70,75,75,75,75,80,80,80,80,80,80,80,80,80,80,80,80,80],"card_choices":[{"not_picked":[],"picked":"Deflect","floor":1.0},{"not_picked":[],"picked":"Infinite Blades","floor":2.0},{"not_picked":[],"picked":"Deflect","floor":3.0},{"not_picked":[],"picked":"Blur","floor":5.0},{"not_picked":[],"picked":"Bane","floor":6.0},{"not_picked":[],"picked":"Heel Hook","floor":8.0},{"not_picked":[],"picked":"PiercingWail","floor":11.0},{"not_picked":[],"picked":"Poisoned Stab","floor":12.0},{"not_picked":[],"picked":"Footwork","floor":14.0},{"not_picked":[],"picked":"Night Terror","floor":16.0},{"not_picked":[],"picked":"Infinite Blades","floor":17.0},{"not_picked":[],"picked":"Prepared","floor":18.0},{"not_picked":[],"picked":"Blade Dance+1","floor":19.0},{"not_picked":[],"picked":"Acrobatics+1","floor":22.0},{"not_picked":[],"picked":"Storm of Steel","floor":23.0},{"not_picked":[],"picked":"Quick Slash","floor":25.0},{"not_picked":[],"picked":"Dash+1","floor":27.0},{"not_picked":["Underhanded Strike"],"picked":"Outmaneuver+1","floor":28}],"player_experience":295552,"relics_obtained":[{"floor":6.0,"key":"Whetstone"},{"floor":12.0,"key":"Odd Mushroom"},{"floor":23.0,"key":"Paper Crane"},{"floor":26.0,"key":"Toxic Egg 2"},{"floor":27.0,"key":"Question Card"}],"event_choices":[{"damage_healed":0.0,"max_hp_gain":0.0,"max_hp_loss":0.0,"gold_gain":0.0,"event_name":"Mushrooms","player_choice":"Fought Mushrooms","floor":12.0,"gold_loss":0.0,"damage_taken":0.0},{"damage_healed":0.0,"max_hp_gain":5.0,"max_hp_loss":0.0,"gold_gain":0.0,"event_name":"Big Fish","player_choice":"Donut","floor":13.0,"gold_loss":0.0,"damage_taken":0.0},{"damage_healed":7.0,"max_hp_gain":0.0,"max_hp_loss":0.0,"gold_gain":0.0,"event_name":"Wheel of Change","player_choice":"Full Heal","floor":21.0,"gold_loss":0.0,"damage_taken":0.0}],"is_beta":false,"boss_relics":[{"not_picked":["Eternal Feather","Ectoplasm"],"picked":"Tiny House"}],"items_purged_floors":[],"is_endless":false,"potions_floor_spawned":[2,5,12,14,18,19],"killed_by":"Snake Plant","ascension_level":0}