{"gold_per_floor":[114,130,143,143,17,45,45,65,65,65,83,83,83,115,115,217,217,233,246,73,88,103,103,103],"floor_reached":24,"playtime":2132,"items_purged":["Strike_B","Strike_B"],"score":264,"play_id":"9ab894e4-d768-4ceb-a56d-230c714daa6c","local_time":"20190209132813","is_ascension_mode":true,"campfire_choices":[{"floor":7,"key":"REST"},{"floor":10,"key":"RECALL"},{"data":"Fusion","floor":15,"key":"SMITH"},{"floor":23,"key":"REST"}],"neow_cost":"NONE","seed_source_timestamp":488685226699643,"circlet_count":0,"master_deck":["Strike_B","Strike_B","Defend_B","Defend_B","Defend_B","Defend_B","Zap","Dualcast","Heatsinks","Double Energy","Leap","Doom and Gloom","White Noise","Fusion+1","Meteor Strike","Darkness+1","Steam+1","Auto Shields","Loop","Defragment","Darkness+1","Skim+1","Loop+1"],"special_seed":0,"relics":["Cracked Core","Pear","Prayer Wheel","Question Card","Black Star"],"potions_floor_usage":[6,14,18,19,22],"damage_taken":[{"damage":3.0,"enemies":"Small Slimes","floor":1.0,"turns":4.0},{"damage":0,"enemies":"2 Louse","floor":2,"turns":3},{"damage":0,"enemies":"Cultist","floor":3,"turns":3},{"damage":33,"enemies":"3 Sentries","floor":6,"turns":10},{"damage":3,"enemies":"Looter","floor":8,"turns":4},{"damage":16,"enemies":"Exordium Wildlife","floor":11,"turns":5},{"damage":10,"enemies":"Lagavulin","floor":14,"turns":8},{"damage":55,"enemies":"Hexaghost","floor":16,"turns":9},{"damage":1,"enemies":"Chosen","floor":18,"turns":6},{"damage":27,"enemies":"Shell Parasite","floor":19,"turns":6},{"damage":23,"enemies":"Centurion and Healer","floor":21,"turns":6},{"damage":28,"enemies":"Chosen and Byrds","floor":22,"turns":6},{"damage":42,"enemies":"Book of Stabbing","floor":24,"turns":5}],"seed_played":"-7798692336001949166","potions_obtained":[{"floor":1.0,"key":"EssenceOfSteel"},{"floor":8,"key":"Weak Potion"},{"floor":14,"key":"Swift Potion"},{"floor":18,"key":"Swift Potion"},{"floor":21,"key":"Poison Potion"},{"floor":22,"key":"Swift Potion"}],"is_trial":false,"path_per_floor":["M","M","M","?","$","E","R","M","T","R","M","?","?","E","R","B",null,"M","M","$","M","M","R","E"],"character_chosen":"DEFECT","items_purchased":["Leap","Loop"],"campfire_rested":2,"item_purchase_floors":[5,20],"current_hp_per_floor":[79,79,79,82,82,49,76,73,73,73,57,87,92,82,82,27,92,91,64,64,41,13,40,0],"gold":103,"neow_bonus":"TEN_PERCENT_HP_BONUS","is_prod":false,"is_daily":false,"chose_seed":false,"campfire_upgraded":1,"win_rate":0,"timestamp":1549715293,"path_taken":["M","M","M","?","$","E","R","M","T","R","M","?","?","E","R","BOSS","M","?","$","M","M","R","E"],"build_version":"2019-01-23","purchased_purges":2,"victory":false,"max_hp_per_floor":[82,82,82,92,92,92,92,92,92,92,92,92,92,92,92,92,92,92,92,92,92,92,92,92],"card_choices":[{"not_picked":["Conserve Battery","Lockon"],"picked":"Heatsinks","floor":1.0},{"not_picked":["Cold Snap","Ball Lightning"],"picked":"Double Energy","floor":2},{"not_picked":["Barrage","Chill","Coolheaded"],"picked":"SKIP","floor":3},{"not_picked":["Coolheaded","Go for the Eyes"],"picked":"Doom and Gloom","floor":6},{"not_picked":["Hello World","Turbo","Chill"],"picked":"SKIP","floor":8},{"not_picked":["Beam Cell","Rip and Tear","Steam Power"],"picked":"SKIP","floor":8},{"not_picked":["Streamline","Force Field"],"picked":"White Noise","floor":11},{"not_picked":["Gash","Biased Cognition"],"picked":"Fusion","floor":11},{"not_picked":["Sweeping Beam","Force Field","Fusion"],"picked":"SKIP","floor":14},{"not_picked":["Machine Learning","Rainbow","Seek"],"picked":"Meteor Strike","floor":16},{"not_picked":["Lockon","Steam","Compile Driver"],"picked":"Darkness+1","floor":18},{"not_picked":["Hologram+1","Beam Cell","Tempest"],"picked":"Steam+1","floor":18},{"not_picked":["Compile Driver","Lockon","Thunder Strike"],"picked":"Auto Shields","floor":19},{"not_picked":["Scrape+1","Stack","Cold Snap","Coolheaded"],"picked":"SKIP","floor":19},{"not_picked":["Go for the Eyes","Compile Driver","Sweeping Beam+1"],"picked":"Defragment","floor":21},{"not_picked":["Compile Driver+1","Meteor Strike","Redo"],"picked":"Darkness+1","floor":21},{"not_picked":["Sweeping Beam","Go for the Eyes","Rip and Tear"],"picked":"Skim+1","floor":22},{"not_picked":["Redo","Streamline","Reprogram"],"picked":"Loop+1","floor":22}],"player_experience":310875,"relics_obtained":[{"floor":6,"key":"Prayer Wheel"},{"floor":14,"key":"Question Card"}],"event_choices":[{"damage_healed":0,"gold_gain":0,"player_choice":"Success","damage_taken":7,"relics_obtained":["Pear"],"max_hp_gain":0,"max_hp_loss":0,"event_name":"Scrap Ooze","floor":4,"gold_loss":0},{"damage_healed":30,"gold_gain":0,"player_choice":"Banana","damage_taken":0,"max_hp_gain":0,"max_hp_loss":0,"event_name":"Big Fish","floor":12,"gold_loss":0},{"damage_healed":5,"gold_gain":0,"player_choice":"Full Heal","damage_taken":0,"max_hp_gain":0,"max_hp_loss":0,"event_name":"Wheel of Change","floor":13,"gold_loss":0}],"is_beta":false,"boss_relics":[{"not_picked":["Sozu","Eternal Feather"],"picked":"Black Star"}],"items_purged_floors":[5,20],"is_endless":false,"potions_floor_spawned":[1,8,14,18,21,22],"killed_by":"Book of Stabbing","ascension_level":3}