{"gold_per_floor":[111,130,130,147,159,159,177,177,177,206,206,53,228,254,254,254],"floor_reached":16,"playtime":1018,"items_purged":[],"score":121,"play_id":"aac39840-9e40-4bb3-81e8-050e8e64c157","local_time":"20190209001642","is_ascension_mode":true,"campfire_choices":[{"floor":6,"key":"REST"},{"floor":8,"key":"RECALL"},{"floor":15,"key":"REST"}],"neow_cost":"PERCENT_DAMAGE","seed_source_timestamp":442279545192713,"circlet_count":0,"master_deck":["Strike_R","Strike_R","Strike_R","Defend_R","Defend_R","Defend_R","Defend_R+1","Bash+1","Shrug It Off","Evolve","Shrug It Off","Clothesline","Clothesline","Sadistic Nature","Doubt"],"special_seed":0,"relics":["Burning Blood","The Courier","Omamori"],"potions_floor_usage":[5,10,14],"damage_taken":[{"damage":0.0,"enemies":"Small Slimes","floor":1.0,"turns":4.0},{"damage":4.0,"enemies":"2 Louse","floor":2.0,"turns":4.0},{"damage":8.0,"enemies":"Jaw Worm","floor":4.0,"turns":5.0},{"damage":3,"enemies":"Looter","floor":5,"turns":4},{"damage":5,"enemies":"Blue Slaver","floor":7,"turns":3},{"damage":70,"enemies":"Gremlin Nob","floor":10,"turns":8},{"damage":15,"enemies":"3 Sentries","floor":14,"turns":13},{"damage":44,"enemies":"Slime Boss","floor":16,"turns":9}],"seed_played":"-3923520386718627643","potions_obtained":[{"floor":4.0,"key":"Strength Potion"},{"floor":5,"key":"BloodPotion"},{"floor":10,"key":"SteroidPotion"}],"is_trial":false,"path_per_floor":["M","M","?","M","M","R","M","R","T","E","?","$","?","E","R","B"],"character_chosen":"IRONCLAD","items_purchased":["Sadistic Nature"],"campfire_rested":2,"item_purchase_floors":[12],"current_hp_per_floor":[62,64,48,46,49,73,74,74,74,18,18,18,18,9,33,0],"gold":254,"neow_bonus":"REMOVE_TWO","is_prod":false,"is_daily":false,"chose_seed":false,"campfire_upgraded":0,"win_rate":0,"timestamp":1549667802,"path_taken":["M","M","?","M","M","R","M","R","T","E","?","?","?","E","R","BOSS"],"build_version":"2019-01-23","purchased_purges":0,"victory":false,"max_hp_per_floor":[80,80,80,80,80,80,80,80,80,80,80,80,80,80,80,80],"card_choices":[{"not_picked":["Thunderclap","Clash"],"picked":"Shrug It Off","floor":1.0},{"not_picked":["Clash","Infernal Blade"],"picked":"Evolve","floor":2.0},{"not_picked":["Clash","Thunderclap"],"picked":"Shrug It Off","floor":4.0},{"not_picked":["Burning Pact","Cleave"],"picked":"Clothesline","floor":5},{"not_picked":["Reckless Charge","Burning Pact","Feel No Pain"],"picked":"SKIP","floor":7},{"not_picked":["Headbutt","Second Wind"],"picked":"Clothesline","floor":10},{"not_picked":["Perfected Strike","Reckless Charge","Warcry"],"picked":"SKIP","floor":14}],"player_experience":300900,"relics_obtained":[{"floor":10,"key":"The Courier"},{"floor":14,"key":"Omamori"}],"event_choices":[{"damage_healed":0.0,"max_hp_gain":0.0,"max_hp_loss":0.0,"gold_gain":0.0,"event_name":"Shining Light","player_choice":"Entered Light","floor":3.0,"gold_loss":0.0,"damage_taken":16.0,"cards_upgraded":["Bash","Defend_R"]},{"damage_healed":0,"gold_gain":0,"player_choice":"Fled","damage_taken":0,"max_hp_gain":0,"max_hp_loss":0,"event_name":"Scrap Ooze","floor":11,"gold_loss":0},{"damage_healed":0,"gold_gain":175,"player_choice":"AGREE","damage_taken":0,"max_hp_gain":0,"max_hp_loss":0,"event_name":"Liars Game","floor":13,"gold_loss":0,"cards_obtained":["Doubt"]}],"is_beta":false,"boss_relics":[],"items_purged_floors":[],"is_endless":false,"potions_floor_spawned":[4,5,10],"killed_by":"Slime Boss","ascension_level":2}