{"gold_per_floor":[115,115,115,190,202,237,237,248,248,248,278,331,77,91,91,163,163,175,175,186,33,0,0,0,0,27,27,47,76,76],"floor_reached":30,"playtime":1311,"items_purged":["Regret","Strike_B"],"score":460,"play_id":"3bee231c-1dde-42d3-bd25-a6659d919b2a","local_time":"20190123100328","is_ascension_mode":true,"campfire_choices":[{"data":"Go for the Eyes","floor":7,"key":"SMITH"},{"data":"Zap","floor":10,"key":"SMITH"},{"floor":15,"key":"REST"},{"data":"Seek","floor":23,"key":"SMITH"}],"neow_cost":"NONE","seed_source_timestamp":339965200673746,"circlet_count":0,"master_deck":["AscendersBane","Strike_B","Strike_B","Strike_B","Defend_B","Defend_B","Defend_B","Defend_B","Zap+1","Dualcast","Go for the Eyes+1","Beam Cell","FTL","Compile Driver","Tempest","All For One+1","Gash+1","Glacier","Seek+1","Go for the Eyes+1","Beam Cell+1","Gash+1","Decay","FTL+1","Steam"],"relics":["Cracked Core","NeowsBlessing","Gremlin Horn","Dodecahedron","Molten Egg 2","Singing Bowl","Anchor","Black Star","Happy Flower","Nilry\u0027s Codex","PreservedInsect","Cables","Ginger"],"potions_floor_usage":[16,30],"damage_taken":[{"damage":0,"enemies":"2 Louse","floor":1,"turns":1},{"damage":0,"enemies":"Small Slimes","floor":5,"turns":1},{"damage":0,"enemies":"3 Sentries","floor":6,"turns":1},{"damage":2,"enemies":"Jaw Worm","floor":8,"turns":3},{"damage":17,"enemies":"Gremlin Nob","floor":11,"turns":4},{"damage":0,"enemies":"Exordium Thugs","floor":14,"turns":2},{"damage":25,"enemies":"Hexaghost","floor":16,"turns":9},{"damage":6,"enemies":"Spheric Guardian","floor":18,"turns":3},{"damage":1,"enemies":"3 Byrds","floor":20,"turns":5},{"damage":18,"enemies":"Snake Plant","floor":28,"turns":4},{"damage":5,"enemies":"Book of Stabbing","floor":29,"turns":3},{"damage":20,"enemies":"Centurion and Healer","floor":30,"turns":3}],"seed_played":"6598478877863043316","potions_obtained":[{"floor":1,"key":"Energy Potion"},{"floor":11,"key":"Weak Potion"},{"floor":16,"key":"Weak Potion"}],"is_trial":false,"path_per_floor":["M","?","?","?","M","E","R","M","T","R","E","T","$","M","R","B",null,"M","?","M","$","?","R","?","?","T","?","M","E","M"],"character_chosen":"DEFECT","items_purchased":["All For One+1","Gash+1","Gash+1"],"campfire_rested":1,"item_purchase_floors":[13,13,21],"current_hp_per_floor":[68,68,68,57,57,57,57,55,55,55,38,38,38,38,60,35,65,59,59,58,58,58,58,42,42,42,42,24,19,0],"gold":76,"neow_bonus":"THREE_ENEMY_KILL","is_prod":false,"is_daily":false,"chose_seed":false,"campfire_upgraded":3,"win_rate":0,"timestamp":1548237808,"path_taken":["M","?","?","?","M","E","R","?","T","R","E","?","$","M","R","BOSS","M","?","M","$","?","R","?","?","T","?","M","E","M"],"build_version":"2019-01-17v2","purchased_purges":2,"victory":false,"max_hp_per_floor":[75,75,75,75,75,75,75,75,75,75,75,75,75,75,75,75,75,75,75,75,75,75,75,75,75,75,75,75,75,75],"card_choices":[{"not_picked":["Conserve Battery","Leap"],"picked":"Go for the Eyes","floor":1},{"not_picked":["Rebound","Fusion"],"picked":"Beam Cell","floor":5},{"not_picked":["Ball Lightning","Buffer"],"picked":"FTL","floor":6},{"not_picked":["Stack","Blizzard"],"picked":"Compile Driver","floor":8},{"not_picked":["Darkness","Chill"],"picked":"Tempest","floor":11},{"not_picked":["Beam Cell+1","Barrage+1"],"picked":"Glacier","floor":14},{"not_picked":["Buffer","Meteor Strike+1"],"picked":"Seek","floor":16},{"not_picked":["Turbo","Compile Driver+1"],"picked":"Go for the Eyes+1","floor":18},{"not_picked":["Barrage+1","Leap"],"picked":"Beam Cell+1","floor":20},{"not_picked":["Force Field+1","Conserve Battery"],"picked":"FTL+1","floor":28},{"not_picked":["Ball Lightning+1","Redo"],"picked":"Steam","floor":29}],"player_experience":1225878,"relics_obtained":[{"floor":6,"key":"Dodecahedron"},{"floor":9,"key":"Molten Egg 2"},{"floor":11,"key":"Singing Bowl"},{"floor":12,"key":"Anchor"},{"floor":24,"key":"Nilry\u0027s Codex"},{"floor":26,"key":"PreservedInsect"},{"floor":29,"key":"Cables"},{"floor":29,"key":"Ginger"}],"event_choices":[{"damage_healed":0,"gold_gain":0,"player_choice":"Ignored","damage_taken":0,"max_hp_gain":0,"max_hp_loss":0,"event_name":"Golden Wing","floor":2,"gold_loss":0},{"damage_healed":0,"gold_gain":0,"player_choice":"Box","damage_taken":0,"relics_obtained":["Gremlin Horn"],"max_hp_gain":0,"max_hp_loss":0,"event_name":"Big Fish","floor":3,"gold_loss":0,"cards_obtained":["Regret"]},{"damage_healed":0,"gold_gain":75,"player_choice":"Gather Gold","damage_taken":11,"max_hp_gain":0,"max_hp_loss":0,"event_name":"World of Goop","floor":4,"gold_loss":0},{"damage_healed":0,"gold_gain":0,"player_choice":"Opened","damage_taken":0,"relics_obtained":["Happy Flower"],"max_hp_gain":0,"max_hp_loss":0,"event_name":"The Mausoleum","floor":19,"gold_loss":0},{"damage_healed":0,"gold_gain":0,"player_choice":"Paid Fearfully","damage_taken":0,"max_hp_gain":0,"max_hp_loss":0,"event_name":"Masked Bandits","floor":22,"gold_loss":33},{"damage_healed":0,"gold_gain":0,"player_choice":"Obtained Book","damage_taken":16,"max_hp_gain":0,"max_hp_loss":0,"event_name":"Cursed Tome","floor":24,"gold_loss":0},{"damage_healed":0,"gold_gain":0,"player_choice":"Smashed Altar","damage_taken":0,"max_hp_gain":0,"max_hp_loss":0,"event_name":"Forgotten Altar","floor":25,"gold_loss":0,"cards_obtained":["Decay"]}],"is_beta":false,"boss_relics":[{"not_picked":["Velvet Choker","Pandora\u0027s Box"],"picked":"Black Star"}],"items_purged_floors":[13,21],"is_endless":false,"potions_floor_spawned":[1,11,14,16,18,20],"killed_by":"Centurion and Healer","ascension_level":13}