{"gold_per_floor":[110,125,144,164,164,164,195,213,240,36,36,36,52,72,72,168,168,183,183,201,201],"floor_reached":21,"playtime":1242,"items_purged":[],"score":208,"play_id":"520ca818-447a-4d17-ad03-e72d2274efc3","local_time":"20180629225327","is_ascension_mode":false,"campfire_choices":[{"data":"Flex","floor":6,"key":"SMITH"},{"data":"Metallicize","floor":12,"key":"SMITH"},{"data":"Searing Blow","floor":15,"key":"SMITH"}],"neow_cost":"NONE","seed_source_timestamp":3964489426531,"circlet_count":0,"master_deck":["Strike_R","Strike_R","Strike_R","Strike_R","Strike_R","Defend_R+1","Defend_R+1","Defend_R+1","Defend_R","Bash","Sword Boomerang","Flex+1","Heavy Blade+1","Pommel Strike","Metallicize+1","Inflame","Armaments","Searing Blow+1","Cleave","Juggernaut","Fire Breathing","Writhe","Bash","Anger"],"relics":["Burning Blood","Happy Flower","Toolbox","War Paint","Blood Vial","Eternal Feather"],"potions_floor_usage":[7,16,16,20],"damage_taken":[{"damage":7,"enemies":"2 Louse","floor":1,"turns":3},{"damage":11,"enemies":"Jaw Worm","floor":2,"turns":3},{"damage":0,"enemies":"Small Slimes","floor":3,"turns":2},{"damage":14,"enemies":"Blue Slaver","floor":4,"turns":3},{"damage":0,"enemies":"Lagavulin","floor":7,"turns":2},{"damage":2,"enemies":"Red Slaver","floor":8,"turns":4},{"damage":12,"enemies":"2 Fungi Beasts","floor":13,"turns":3},{"damage":0,"enemies":"Large Slime","floor":14,"turns":5},{"damage":37,"enemies":"The Guardian","floor":16,"turns":8},{"damage":36,"enemies":"2 Thieves","floor":18,"turns":4},{"damage":38,"enemies":"3 Byrds","floor":20,"turns":6},{"damage":29,"enemies":"Centurion and Healer","floor":21,"turns":5}],"seed_played":"1039550279474663850","potions_obtained":[{"floor":3,"key":"Poison Potion"},{"floor":7,"key":"PowerPotion"},{"floor":13,"key":"Block Potion"},{"floor":18,"key":"AttackPotion"}],"is_trial":false,"path_per_floor":["M","M","M","M","?","R","E","M","T","$","?","R","M","M","R","B",null,"M","?","M"],"character_chosen":"IRONCLAD","items_purchased":["Blood Vial","Armaments"],"campfire_rested":0,"item_purchase_floors":[10,10],"current_hp_per_floor":[79,74,80,72,56,56,62,66,66,66,71,71,67,75,75,46,85,55,55,25,0],"gold":201,"neow_bonus":"RANDOM_COMMON_RELIC","is_prod":false,"is_daily":false,"chose_seed":false,"campfire_upgraded":3,"win_rate":0.0,"timestamp":1530338007,"path_taken":["M","M","M","M","?","R","E","M","T","$","?","R","M","M","R","BOSS","M","?","M","M"],"build_version":"2018-06-28","purchased_purges":0,"victory":false,"max_hp_per_floor":[80,80,80,80,80,80,80,80,80,80,85,85,85,85,85,85,85,85,85,85,85],"card_choices":[{"not_picked":["Body Slam","Warcry"],"picked":"Sword Boomerang","floor":1},{"not_picked":["Thunderclap","Body Slam"],"picked":"Flex","floor":2},{"not_picked":["Clash","Body Slam"],"picked":"Heavy Blade","floor":3},{"not_picked":["Infernal Blade","Entrench"],"picked":"Pommel Strike","floor":4},{"not_picked":["Iron Wave","Feel No Pain"],"picked":"Metallicize","floor":7},{"not_picked":["Sword Boomerang","Cleave"],"picked":"Inflame","floor":8},{"not_picked":["Flex","Pummel"],"picked":"Searing Blow","floor":13},{"not_picked":["Infernal Blade","Headbutt"],"picked":"Cleave","floor":14},{"not_picked":["Brutality","Limit Break"],"picked":"Juggernaut","floor":16},{"not_picked":["Rupture","Whirlwind"],"picked":"Fire Breathing","floor":18},{"not_picked":["True Grit","Flex"],"picked":"Anger","floor":20}],"player_experience":26870,"relics_obtained":[{"floor":7,"key":"Toolbox"},{"floor":9,"key":"War Paint"}],"event_choices":[{"event_name":"Shining Light","player_choice":"Entered Light","floor":5,"damage_taken":0},{"event_name":"Big Fish","player_choice":"Donut","floor":11,"damage_taken":0},{"event_name":"Match and Keep!","player_choice":"2 cards matched","floor":19,"damage_taken":0}],"boss_relics":[{"not_picked":["Fusion Hammer","Black Star"],"picked":"Eternal Feather"}],"items_purged_floors":[],"is_endless":false,"potions_floor_spawned":[3,7,13,18],"killed_by":"Centurion and Healer","ascension_level":0}