{"gold_per_floor":[361,361,34,48,48,48,67,95,118,76,95,115,115,135,135,234,234,253,68,68,8],"floor_reached":21,"playtime":957,"items_purged":[],"score":286,"play_id":"bb2504ca-4fa8-4c83-aec9-d7d8b416cefd","local_time":"20190107002112","is_ascension_mode":true,"campfire_choices":[{"floor":6,"key":"REST"},{"floor":13,"key":"REST"},{"floor":15,"key":"REST"}],"neow_cost":"PERCENT_DAMAGE","seed_source_timestamp":1232425973544442,"circlet_count":0,"master_deck":["AscendersBane","Defend_G","Defend_G+1","Defend_G+1","Defend_G","Defend_G+1","Strike_G","Strike_G","Strike_G","Survivor","Neutralize","Tactician+1","Well Laid Plans","Leg Sweep","Infinite Blades","Blade Dance","Footwork","Deflect","Terror","Storm of Steel","Dodge and Roll","Dash","Riddle With Holes"],"relics":["Ring of the Snake","Gremlin Horn","Shuriken","Ginger","Lantern","Empty Cage","War Paint"],"potions_floor_usage":[8,11,11,16],"damage_taken":[{"damage":5,"enemies":"Cultist","floor":1,"turns":6},{"damage":5,"enemies":"Small Slimes","floor":4,"turns":4},{"damage":0,"enemies":"Jaw Worm","floor":7,"turns":5},{"damage":24,"enemies":"Lagavulin","floor":8,"turns":9},{"damage":12,"enemies":"Exordium Thugs","floor":11,"turns":5},{"damage":0,"enemies":"Blue Slaver","floor":12,"turns":3},{"damage":2,"enemies":"3 Louse","floor":14,"turns":5},{"damage":34,"enemies":"The Guardian","floor":16,"turns":10},{"damage":19,"enemies":"Shell Parasite","floor":18,"turns":7},{"damage":0,"enemies":"2 Thieves","floor":21,"turns":4}],"seed_played":"-5854705787500590661","potions_obtained":[{"floor":4,"key":"EntropicBrew"},{"floor":7,"key":"FearPotion"},{"floor":11,"key":"Fire Potion"},{"floor":14,"key":"FearPotion"},{"floor":18,"key":"Energy Potion"}],"is_trial":false,"path_per_floor":["M","T","$","M","?","R","M","E","T","?","M","M","R","M","R","B",null,"M","$","?","M"],"character_chosen":"THE_SILENT","items_purchased":["Shuriken","Well Laid Plans","War Paint","Dash"],"campfire_rested":3,"item_purchase_floors":[3,3,19,19],"current_hp_per_floor":[40,40,40,35,21,42,42,18,18,18,6,6,27,25,46,12,56,37,37,37,37],"gold":8,"neow_bonus":"TWO_FIFTY_GOLD","is_prod":false,"is_daily":false,"chose_seed":false,"campfire_upgraded":0,"win_rate":0,"timestamp":1546838472,"path_taken":["M","?","$","M","?","R","M","E","T","?","M","M","R","?","R","BOSS","M","$","?","M"],"build_version":"2019-01-03v4","purchased_purges":0,"victory":false,"max_hp_per_floor":[70,70,70,70,70,70,70,70,70,70,70,70,70,70,70,70,70,70,70,70,70],"card_choices":[{"not_picked":["Cloak And Dagger","Flying Knee"],"picked":"Tactician","floor":1},{"not_picked":["Slice","Dodge and Roll"],"picked":"Leg Sweep","floor":4},{"not_picked":["Poisoned Stab","Deflect"],"picked":"Infinite Blades","floor":7},{"not_picked":["Reflex","Night Terror"],"picked":"Blade Dance","floor":8},{"not_picked":["Deflect","PiercingWail"],"picked":"Footwork","floor":11},{"not_picked":["Bouncing Flask","Quick Slash"],"picked":"Deflect","floor":12},{"not_picked":["Dodge and Roll","Flying Knee"],"picked":"Terror","floor":14},{"not_picked":["Adrenaline","Tools of the Trade"],"picked":"Storm of Steel","floor":16},{"not_picked":["Slice","Quick Slash"],"picked":"Dodge and Roll","floor":18},{"not_picked":["Crippling Poison","Cloak And Dagger"],"picked":"Riddle With Holes","floor":21}],"player_experience":475246,"relics_obtained":[{"floor":2,"key":"Gremlin Horn"},{"floor":8,"key":"Ginger"},{"floor":9,"key":"Lantern"}],"event_choices":[{"damage_healed":0,"gold_gain":0,"player_choice":"Entered Light","damage_taken":14,"max_hp_gain":0,"max_hp_loss":0,"event_name":"Shining Light","floor":5,"gold_loss":0,"cards_upgraded":["Defend_G","Defend_G"]},{"damage_healed":0,"gold_gain":0,"player_choice":"Left Gold","damage_taken":0,"max_hp_gain":0,"max_hp_loss":0,"event_name":"World of Goop","floor":10,"gold_loss":42}],"is_beta":false,"boss_relics":[{"not_picked":["Ectoplasm","Busted Crown"],"picked":"Empty Cage"}],"items_purged_floors":[],"is_endless":false,"potions_floor_spawned":[4,7,11,14,18],"killed_by":"2 Thieves","ascension_level":12}