{"gold_per_floor":[109,184,199,45,56,56,84,84,84,54,54,65,96,126,126,126],"floor_reached":16,"playtime":456,"items_purged":[],"score":135,"play_id":"0108cbfe-8739-477b-b60f-543239fd9b3f","local_time":"20190101205039","is_ascension_mode":true,"campfire_choices":[{"floor":6,"key":"RECALL"},{"floor":8,"key":"REST"},{"data":"Armaments","floor":11,"key":"SMITH"},{"floor":15,"key":"REST"}],"neow_cost":"NONE","seed_source_timestamp":438357307286600,"circlet_count":0,"master_deck":["Strike_R","Strike_R","Strike_R","Strike_R","Strike_R","Defend_R","Defend_R","Defend_R","Defend_R","Bash","Purity","Armaments+1","Searing Blow","Spot Weakness","Searing Blow","Spot Weakness"],"relics":["Burning Blood","Lantern","Dodecahedron","PreservedInsect","Sundial"],"potions_floor_usage":[7,16],"damage_taken":[{"damage":9,"enemies":"Jaw Worm","floor":1,"turns":4},{"damage":13,"enemies":"Small Slimes","floor":3,"turns":6},{"damage":0,"enemies":"2 Louse","floor":5,"turns":2},{"damage":53,"enemies":"Gremlin Nob","floor":7,"turns":5},{"damage":7,"enemies":"Looter","floor":10,"turns":4},{"damage":0,"enemies":"Large Slime","floor":12,"turns":5},{"damage":25,"enemies":"Lagavulin","floor":13,"turns":6},{"damage":55,"enemies":"Slime Boss","floor":16,"turns":7}],"seed_played":"5835551905755916068","potions_obtained":[{"floor":1,"key":"FearPotion"},{"floor":5,"key":"Ancient Potion"},{"floor":7,"key":"SkillPotion"}],"is_trial":false,"path_per_floor":["M","?","M","$","M","R","E","R","T","M","R","M","E","?","R","B"],"character_chosen":"IRONCLAD","items_purchased":["Lantern"],"campfire_rested":2,"item_purchase_floors":[4],"current_hp_per_floor":[77,66,59,59,65,65,18,42,42,41,41,47,28,28,52,0],"gold":126,"neow_bonus":"RANDOM_COLORLESS","is_prod":false,"is_daily":false,"chose_seed":false,"campfire_upgraded":1,"win_rate":0,"timestamp":1546372239,"path_taken":["M","?","M","$","M","R","E","R","T","M","R","M","E","?","R","BOSS"],"build_version":"2018-12-20","purchased_purges":0,"victory":false,"max_hp_per_floor":[80,80,80,80,80,80,80,80,80,80,80,80,80,80,80,80],"card_choices":[{"not_picked":["Headbutt","Wild Strike"],"picked":"Armaments","floor":1},{"not_picked":["Feel No Pain","Wild Strike"],"picked":"Searing Blow","floor":3},{"not_picked":["Headbutt","Disarm"],"picked":"Spot Weakness","floor":5},{"not_picked":["Pommel Strike","Fiend Fire"],"picked":"Searing Blow","floor":7},{"not_picked":["Anger","Havoc","Twin Strike"],"picked":"SKIP","floor":10},{"not_picked":["Pommel Strike","Cleave"],"picked":"Spot Weakness","floor":12},{"not_picked":["Wild Strike","Burning Pact","Brutality"],"picked":"SKIP","floor":13}],"player_experience":832139,"relics_obtained":[{"floor":7,"key":"Dodecahedron"},{"floor":9,"key":"PreservedInsect"},{"floor":13,"key":"Sundial"}],"event_choices":[{"damage_healed":0,"gold_gain":75,"player_choice":"Gather Gold","damage_taken":11,"max_hp_gain":0,"max_hp_loss":0,"event_name":"World of Goop","floor":2,"gold_loss":0},{"damage_healed":0,"gold_gain":30,"player_choice":"Searched \u00271\u0027 times","damage_taken":0,"max_hp_gain":0,"max_hp_loss":0,"event_name":"Dead Adventurer","floor":14,"gold_loss":0}],"is_beta":false,"boss_relics":[],"items_purged_floors":[],"is_endless":false,"potions_floor_spawned":[1,5,7],"killed_by":"Slime Boss","ascension_level":5}