{"gold_per_floor":[118,118,118,132,150,185,185,109,159,182,182,147,191,210,210,303,303,317,317,338,356,234,278,278,317,344,344,378,397,431,452,452,551,551,571,591,813,358,381,381,45,83,109,109,109,109],"floor_reached":47,"playtime":2152,"items_purged":["Clash+1","Strike_R"],"score":1315,"play_id":"a760d766-2df4-4c2f-b126-4269c93dc539","local_time":"20190102024846","is_ascension_mode":true,"campfire_choices":[{"floor":7,"key":"REST"},{"data":"Corruption","floor":11,"key":"SMITH"},{"data":"Bash","floor":15,"key":"SMITH"},{"floor":24,"key":"REST"},{"floor":27,"key":"REST"},{"data":"Barricade","floor":32,"key":"SMITH"},{"floor":40,"key":"REST"},{"data":"Disarm","floor":44,"key":"SMITH"}],"neow_cost":"NONE","seed_source_timestamp":808060450349192,"circlet_count":0,"master_deck":["AscendersBane","Strike_R","Strike_R","Strike_R+1","Strike_R","Defend_R","Defend_R+1","Defend_R","Defend_R+1","Bash+1","Offering+1","True Grit","Shrug It Off","Perfected Strike","Iron Wave","Corruption+1","Cleave","Shrug It Off+1","Body Slam+1","Barricade+1","Feel No Pain","Shrug It Off","Iron Wave","Disarm+1","Warcry+1","Writhe","Fiend Fire","Evolve","Power Through","Spot Weakness+1","Limit Break","Heavy Blade","Shrug It Off+1","Entrench+1","Whirlwind","Pain"],"relics":["Burning Blood","Golden Idol","Anchor","Dream Catcher","Du-Vu Doll","Cursed Key","Oddly Smooth Stone","War Paint","Regal Pillow","Ice Cream","Red Mask","Mark of Pain","Potion Belt","Sling","Turnip","Whetstone","Boot"],"potions_floor_usage":[6,13,18,23,30,30,42,46],"damage_taken":[{"damage":6,"enemies":"2 Louse","floor":1,"turns":2},{"damage":8,"enemies":"Jaw Worm","floor":4,"turns":3},{"damage":3,"enemies":"Small Slimes","floor":5,"turns":6},{"damage":36,"enemies":"Lagavulin","floor":6,"turns":10},{"damage":1,"enemies":"Looter","floor":10,"turns":3},{"damage":6,"enemies":"3 Sentries","floor":13,"turns":6},{"damage":0,"enemies":"3 Louse","floor":14,"turns":3},{"damage":64,"enemies":"Hexaghost","floor":16,"turns":10},{"damage":13,"enemies":"2 Thieves","floor":18,"turns":4},{"damage":6,"enemies":"Spheric Guardian","floor":20,"turns":4},{"damage":18,"enemies":"Centurion and Healer","floor":21,"turns":6},{"damage":36,"enemies":"Slavers","floor":23,"turns":8},{"damage":15,"enemies":"Book of Stabbing","floor":25,"turns":8},{"damage":26,"enemies":"Gremlin Leader","floor":28,"turns":7},{"damage":0,"enemies":"Cultist and Chosen","floor":29,"turns":8},{"damage":6,"enemies":"Masked Bandits","floor":30,"turns":5},{"damage":6,"enemies":"Shelled Parasite and Fungi","floor":31,"turns":6},{"damage":21,"enemies":"Automaton","floor":33,"turns":9},{"damage":4,"enemies":"3 Shapes","floor":35,"turns":5},{"damage":29,"enemies":"3 Darklings","floor":36,"turns":6},{"damage":10,"enemies":"Jaw Worm Horde","floor":39,"turns":5},{"damage":17,"enemies":"Nemesis","floor":42,"turns":3},{"damage":56,"enemies":"Time Eater","floor":46,"turns":9}],"seed_played":"9044971370352715332","potions_obtained":[{"floor":5,"key":"SteroidPotion"},{"floor":6,"key":"Fire Potion"},{"floor":16,"key":"Fire Potion"},{"floor":21,"key":"Block Potion"},{"floor":25,"key":"SkillPotion"},{"floor":28,"key":"Explosive Potion"},{"floor":33,"key":"SkillPotion"},{"floor":36,"key":"Block Potion"}],"is_trial":false,"path_per_floor":["M","?","?","M","M","E","R","$","T","M","R","?","E","M","R","B",null,"M","?","M","M","$","E","R","E","T","R","E","M","?","M","R","B",null,"M","M","?","$","M","R","$","E","T","R","?","B",null],"character_chosen":"IRONCLAD","items_purchased":["Corruption","Iron Wave","Potion Belt","Sling","Turnip","Whirlwind"],"campfire_rested":4,"item_purchase_floors":[8,22,38,38,41,41],"current_hp_per_floor":[72,56,56,54,57,27,49,49,49,54,54,72,72,74,74,16,60,53,53,53,41,41,11,33,24,24,61,41,47,47,47,47,32,64,66,43,43,43,39,74,74,63,63,63,63,13],"gold":109,"neow_bonus":"ONE_RANDOM_RARE_CARD","is_prod":false,"is_daily":false,"chose_seed":false,"campfire_upgraded":4,"win_rate":0,"timestamp":1546415326,"path_taken":["M","?","?","M","M","E","R","$","T","M","R","?","E","M","R","BOSS","M","?","M","M","$","E","R","E","T","R","E","M","?","M","R","BOSS","M","M","?","$","M","R","$","E","T","R","?","BOSS"],"build_version":"2018-12-20","purchased_purges":2,"victory":true,"max_hp_per_floor":[80,80,74,74,74,74,74,74,74,74,74,74,74,74,74,74,74,74,74,74,74,74,74,74,74,74,74,74,74,74,74,74,74,74,74,74,74,74,74,74,74,74,74,74,74,74],"card_choices":[{"not_picked":["Thunderclap","Iron Wave"],"picked":"True Grit","floor":1},{"not_picked":["Warcry","Clothesline"],"picked":"Shrug It Off","floor":4},{"not_picked":["Body Slam","Cleave"],"picked":"Perfected Strike","floor":5},{"not_picked":["Spot Weakness","Heavy Blade"],"picked":"Iron Wave","floor":6},{"not_picked":["Sword Boomerang","Headbutt"],"picked":"Cleave","floor":10},{"not_picked":["Intimidate","Clash"],"picked":"Shrug It Off","floor":13},{"not_picked":["Fiend Fire","Warcry"],"picked":"Body Slam","floor":14},{"not_picked":["Berserk","Feed"],"picked":"Barricade","floor":16},{"not_picked":["Blood for Blood","Cleave"],"picked":"Clash+1","floor":18},{"not_picked":["Corruption","Cleave"],"picked":"Feel No Pain","floor":20},{"not_picked":["Dropkick","Flex"],"picked":"Shrug It Off","floor":21},{"not_picked":["Corruption+1","Twin Strike"],"picked":"Disarm","floor":23},{"not_picked":["Reckless Charge","Bloodletting+1"],"picked":"Warcry+1","floor":24},{"not_picked":["Sword Boomerang","Blood for Blood","Warcry"],"picked":"SKIP","floor":25},{"not_picked":["Sword Boomerang","Twin Strike+1"],"picked":"Fiend Fire","floor":28},{"not_picked":["True Grit","Twin Strike"],"picked":"Evolve","floor":29},{"not_picked":["Evolve","True Grit"],"picked":"Power Through","floor":30},{"not_picked":["Havoc","Heavy Blade"],"picked":"Spot Weakness+1","floor":31},{"not_picked":["Berserk","Brutality"],"picked":"Limit Break","floor":33},{"not_picked":["Wild Strike","Combust","Cleave"],"picked":"SKIP","floor":35},{"not_picked":["Carnage","Thunderclap"],"picked":"Heavy Blade","floor":36},{"not_picked":["Headbutt","Iron Wave"],"picked":"Shrug It Off+1","floor":39},{"not_picked":["Second Wind","Headbutt+1"],"picked":"Entrench+1","floor":40},{"not_picked":["Anger","Armaments","Twin Strike"],"picked":"SKIP","floor":42}],"player_experience":448487,"relics_obtained":[{"floor":6,"key":"Anchor"},{"floor":9,"key":"Dream Catcher"},{"floor":13,"key":"Du-Vu Doll"},{"floor":23,"key":"Oddly Smooth Stone"},{"floor":25,"key":"War Paint"},{"floor":26,"key":"Regal Pillow"},{"floor":28,"key":"Ice Cream"},{"floor":30,"key":"Red Mask"},{"floor":42,"key":"Whetstone"},{"floor":43,"key":"Boot"}],"event_choices":[{"damage_healed":0,"gold_gain":0,"player_choice":"Entered Light","damage_taken":16,"max_hp_gain":0,"max_hp_loss":0,"event_name":"Shining Light","floor":2,"gold_loss":0,"cards_upgraded":["Offering","Defend_R"]},{"damage_healed":0,"gold_gain":0,"player_choice":"Lose Max HP","damage_taken":0,"relics_obtained":["Golden Idol"],"max_hp_gain":0,"max_hp_loss":6,"event_name":"Golden Idol","floor":3,"gold_loss":0},{"damage_healed":18,"gold_gain":0,"player_choice":"Healed","damage_taken":0,"max_hp_gain":0,"max_hp_loss":0,"event_name":"The Cleric","floor":12,"gold_loss":35},{"damage_healed":0,"gold_gain":0,"player_choice":"Ignored","damage_taken":0,"max_hp_gain":0,"max_hp_loss":0,"event_name":"Vampires","floor":19,"gold_loss":0},{"damage_healed":0,"gold_gain":0,"player_choice":"Fought Bandits","damage_taken":0,"max_hp_gain":0,"max_hp_loss":0,"event_name":"Masked Bandits","floor":30,"gold_loss":0},{"damage_healed":0,"gold_gain":222,"player_choice":"Wore Mask","damage_taken":0,"max_hp_gain":0,"max_hp_loss":0,"event_name":"Tomb of Lord Red Mask","floor":37,"gold_loss":0},{"damage_healed":0,"gold_gain":0,"player_choice":"Took Portal","damage_taken":0,"max_hp_gain":0,"max_hp_loss":0,"event_name":"SecretPortal","floor":45,"gold_loss":0}],"is_beta":false,"boss_relics":[{"not_picked":["White Beast Statue","Empty Cage"],"picked":"Cursed Key"},{"not_picked":["Black Blood","Pandora\u0027s Box"],"picked":"Mark of Pain"}],"items_purged_floors":[22,38],"is_endless":false,"potions_floor_spawned":[5,6,16,21,25,28,33,36],"ascension_level":13}