{"gold_per_floor":[110,120,120,133,88,127,127,158,183,221,221,221,221,254,254,254],"floor_reached":16,"playtime":760,"items_purged":[],"score":176,"play_id":"736bb2fe-5f85-4b48-8dce-489172fe9419","local_time":"20190115164438","is_ascension_mode":true,"campfire_choices":[{"floor":7,"key":"REST"},{"floor":11,"key":"REST"},{"floor":13,"key":"REST"},{"data":"Choke","floor":15,"key":"SMITH"}],"neow_cost":"NONE","seed_source_timestamp":143135113877000,"circlet_count":0,"master_deck":["Defend_G","Defend_G","Defend_G","Defend_G","Defend_G","Strike_G","Strike_G+1","Strike_G","Strike_G","Strike_G+1","Survivor","Neutralize","Dagger Throw","Deflect","Footwork","Choke+1","Deadly Poison","Slice","Footwork","A Thousand Cuts"],"relics":["Ring of the Snake","PreservedInsect","Golden Idol","Ancient Tea Set","Oddly Smooth Stone","Bag of Marbles","Bird Faced Urn","Boot"],"potions_floor_usage":[10],"damage_taken":[{"damage":1,"enemies":"2 Louse","floor":1,"turns":4},{"damage":0,"enemies":"Jaw Worm","floor":2,"turns":4},{"damage":0,"enemies":"Small Slimes","floor":4,"turns":5},{"damage":7,"enemies":"Looter","floor":5,"turns":5},{"damage":28,"enemies":"3 Sentries","floor":6,"turns":8},{"damage":6,"enemies":"Gremlin Nob","floor":8,"turns":3},{"damage":12,"enemies":"Lagavulin","floor":10,"turns":5},{"damage":14,"enemies":"3 Sentries","floor":14,"turns":6},{"damage":49,"enemies":"Hexaghost","floor":16,"turns":12}],"seed_played":"-8482939045972930126","potions_obtained":[{"floor":6,"key":"AttackPotion"},{"floor":10,"key":"PowerPotion"},{"floor":14,"key":"PowerPotion"}],"is_trial":false,"path_per_floor":["M","M","?","M","M","E","R","E","T","E","R","?","R","E","R","B"],"character_chosen":"THE_SILENT","items_purchased":[],"campfire_rested":3,"item_purchase_floors":[],"current_hp_per_floor":[62,62,62,62,55,27,46,40,40,28,47,34,53,43,43,0],"gold":254,"neow_bonus":"RANDOM_COMMON_RELIC","is_prod":false,"is_daily":false,"chose_seed":false,"campfire_upgraded":1,"win_rate":0,"timestamp":1547592278,"path_taken":["M","M","?","M","M","E","R","E","T","E","R","?","R","E","R","BOSS"],"build_version":"2019-01-10","purchased_purges":0,"victory":false,"max_hp_per_floor":[70,70,65,65,65,65,65,65,65,65,65,65,65,65,65,65],"card_choices":[{"not_picked":["Acrobatics","Slice"],"picked":"Dagger Throw","floor":1},{"not_picked":["Acrobatics","Blade Dance"],"picked":"Deflect","floor":2},{"not_picked":["Flechettes","Calculated Gamble"],"picked":"Footwork","floor":4},{"not_picked":["Poisoned Stab","Deflect"],"picked":"Choke","floor":5},{"not_picked":["Outmaneuver","Catalyst"],"picked":"Deadly Poison","floor":6},{"not_picked":["Heel Hook","Blade Dance"],"picked":"Slice","floor":8},{"not_picked":["Quick Slash","Dodge and Roll"],"picked":"Footwork","floor":10},{"not_picked":["Catalyst","Flying Knee"],"picked":"A Thousand Cuts","floor":14}],"player_experience":171688,"relics_obtained":[{"floor":6,"key":"Ancient Tea Set"},{"floor":8,"key":"Oddly Smooth Stone"},{"floor":9,"key":"Bag of Marbles"},{"floor":10,"key":"Bird Faced Urn"},{"floor":14,"key":"Boot"}],"event_choices":[{"damage_healed":0,"gold_gain":0,"player_choice":"Lose Max HP","damage_taken":0,"relics_obtained":["Golden Idol"],"max_hp_gain":0,"max_hp_loss":5,"event_name":"Golden Idol","floor":3,"gold_loss":0},{"damage_healed":0,"gold_gain":0,"player_choice":"Entered Light","damage_taken":13,"max_hp_gain":0,"max_hp_loss":0,"event_name":"Shining Light","floor":12,"gold_loss":0,"cards_upgraded":["Strike_G","Strike_G"]}],"is_beta":false,"boss_relics":[],"items_purged_floors":[],"is_endless":false,"potions_floor_spawned":[6,10,14],"killed_by":"Hexaghost","ascension_level":8}