{"gold_per_floor":[362,21,21,36,56,99,99,168,239,239],"floor_reached":10,"playtime":931,"items_purged":["Survivor"],"score":73,"play_id":"618b04b7-500f-4c27-a6c0-1e8462938aca","local_time":"20190211160545","is_ascension_mode":true,"campfire_choices":[{"data":"Footwork","floor":7,"key":"SMITH"}],"neow_cost":"TEN_PERCENT_HP_LOSS","seed_source_timestamp":1341214346724540,"circlet_count":0,"master_deck":["Defend_G","Defend_G","Defend_G","Defend_G","Defend_G","Strike_G","Strike_G","Strike_G","Strike_G","Strike_G","Neutralize","Backflip","Footwork+1","Deflect","Backflip","Deflect"],"relics":["Ring of the Snake","Toolbox","Golden Idol","Orichalcum","Blood Vial","Mercury Hourglass"],"potions_floor_usage":[6,8],"damage_taken":[{"damage":7,"enemies":"Jaw Worm","floor":1,"turns":4},{"damage":1,"enemies":"2 Louse","floor":4,"turns":4},{"damage":3,"enemies":"Cultist","floor":5,"turns":5},{"damage":9,"enemies":"3 Sentries","floor":6,"turns":12},{"damage":6,"enemies":"3 Sentries","floor":8,"turns":8},{"damage":72,"enemies":"Gremlin Nob","floor":10,"turns":7}],"seed_played":"-7742435232634909384","potions_obtained":[{"floor":5,"key":"Poison Potion"},{"floor":6,"key":"PowerPotion"},{"floor":8,"key":"LiquidBronze"}],"is_trial":false,"path_per_floor":["M","$","?","M","M","E","R","?","T","E"],"character_chosen":"THE_SILENT","items_purchased":["Footwork","Toolbox"],"campfire_rested":0,"item_purchase_floors":[2,2],"current_hp_per_floor":[56,56,56,55,52,43,43,37,37,0],"gold":239,"neow_bonus":"TWO_FIFTY_GOLD","is_prod":false,"is_daily":false,"chose_seed":false,"campfire_upgraded":1,"win_rate":0,"timestamp":1549919145,"path_taken":["M","$","?","M","M","E","R","?","T","E"],"build_version":"2019-01-23","purchased_purges":1,"victory":false,"max_hp_per_floor":[63,63,58,58,58,58,58,58,58,58],"card_choices":[{"not_picked":["All Out Attack","Underhanded Strike"],"picked":"Backflip","floor":1},{"not_picked":["Infinite Blades","Poisoned Stab"],"picked":"Deflect","floor":4},{"not_picked":["Dagger Throw","Dodge and Roll"],"picked":"Backflip","floor":5},{"not_picked":["Choke","Finisher","Infinite Blades"],"picked":"SKIP","floor":6},{"not_picked":["Poisoned Stab","Bane"],"picked":"Deflect","floor":8}],"player_experience":109214,"relics_obtained":[{"floor":6,"key":"Orichalcum"},{"floor":8,"key":"Blood Vial"},{"floor":9,"key":"Mercury Hourglass"}],"event_choices":[{"damage_healed":0,"gold_gain":0,"player_choice":"Lose Max HP","damage_taken":0,"relics_obtained":["Golden Idol"],"max_hp_gain":0,"max_hp_loss":5,"event_name":"Golden Idol","floor":3,"gold_loss":0},{"damage_healed":0,"gold_gain":30,"player_choice":"Searched \u00273\u0027 times","damage_taken":0,"max_hp_gain":0,"max_hp_loss":0,"event_name":"Dead Adventurer","floor":8,"gold_loss":0}],"is_beta":false,"boss_relics":[],"items_purged_floors":[2],"is_endless":false,"potions_floor_spawned":[5,6,8],"killed_by":"Gremlin Nob","ascension_level":2}