{"gold_per_floor":[118,118,45,64,75,75,75,95,121,140,140,152,152,172,172,277,277,288,213,163,177,195,228,228,242,265,265,265,265],"floor_reached":29,"playtime":1411,"items_purged":[],"score":261,"play_id":"35a38c99-7c93-48ce-b7ce-6690104d5c50","local_time":"20190127212239","is_ascension_mode":true,"campfire_choices":[{"data":"Bash","floor":6,"key":"SMITH"},{"data":"Second Wind","floor":11,"key":"SMITH"},{"data":"Disarm","floor":13,"key":"SMITH"},{"data":"Cleave","floor":15,"key":"SMITH"}],"neow_cost":"NONE","seed_source_timestamp":29423483929247,"circlet_count":0,"master_deck":["Defend_R","Defend_R","Defend_R","Defend_R","Bash+1","Second Wind+1","Reaper+1","Feel No Pain","Disarm+1","Cleave+1","Inflame","Seeing Red+1","Anger+1","Doubt"],"relics":["Busted Crown","PreservedInsect","Cursed Key","Centennial Puzzle","Whetstone"],"potions_floor_usage":[4,16,23,23],"damage_taken":[{"damage":7,"enemies":"Jaw Worm","floor":1,"turns":3},{"damage":6,"enemies":"Cultist","floor":4,"turns":4},{"damage":0,"enemies":"Small Slimes","floor":5,"turns":3},{"damage":12,"enemies":"Blue Slaver","floor":8,"turns":5},{"damage":2,"enemies":"Red Slaver","floor":10,"turns":3},{"damage":4,"enemies":"3 Louse","floor":12,"turns":4},{"damage":17,"enemies":"Large Slime","floor":14,"turns":7},{"damage":27,"enemies":"The Guardian","floor":16,"turns":10},{"damage":33,"enemies":"Spheric Guardian","floor":18,"turns":6},{"damage":30,"enemies":"2 Thieves","floor":21,"turns":4},{"damage":27,"enemies":"Snake Plant","floor":22,"turns":5},{"damage":9,"enemies":"Book of Stabbing","floor":23,"turns":4},{"damage":13,"enemies":"Cultist and Chosen","floor":25,"turns":6},{"damage":8,"enemies":"Chosen and Byrds","floor":29,"turns":1}],"seed_played":"-3367808426036425820","potions_obtained":[{"floor":1,"key":"BloodPotion"},{"floor":4,"key":"Strength Potion"},{"floor":5,"key":"Ancient Potion"},{"floor":8,"key":"FearPotion"},{"floor":18,"key":"PowerPotion"},{"floor":23,"key":"Swift Potion"}],"is_trial":false,"path_per_floor":["M","?","$","M","M","R","?","M","T","M","R","M","R","M","R","B",null,"M","?","?","M","M","E","?","M","T","?","?","M"],"character_chosen":"IRONCLAD","items_purchased":["Feel No Pain"],"campfire_rested":0,"item_purchase_floors":[3],"current_hp_per_floor":[73,73,73,79,80,80,80,74,74,72,72,74,74,57,57,36,80,53,53,53,33,7,4,4,3,3,3,3,0],"gold":265,"neow_bonus":"BOSS_RELIC","is_prod":false,"is_daily":false,"chose_seed":false,"campfire_upgraded":4,"win_rate":0,"timestamp":1548591759,"path_taken":["M","?","$","?","M","R","?","M","T","M","R","M","R","M","R","BOSS","M","?","?","?","M","E","?","M","T","?","?","M"],"build_version":"2019-01-23","purchased_purges":0,"victory":false,"max_hp_per_floor":[80,80,80,80,80,80,80,80,80,80,80,80,80,80,80,80,80,80,80,80,80,80,80,80,80,80,80,80,80],"card_choices":[{"not_picked":[],"picked":"Second Wind","floor":1},{"not_picked":["Uppercut"],"picked":"SKIP","floor":4},{"not_picked":["Sword Boomerang"],"picked":"SKIP","floor":5},{"not_picked":["Searing Blow"],"picked":"SKIP","floor":8},{"not_picked":[],"picked":"Cleave","floor":10},{"not_picked":["Corruption"],"picked":"SKIP","floor":12},{"not_picked":["Combust"],"picked":"SKIP","floor":14},{"not_picked":["Twin Strike+1"],"picked":"SKIP","floor":18},{"not_picked":["Twin Strike"],"picked":"SKIP","floor":21},{"not_picked":["Armaments"],"picked":"SKIP","floor":22},{"not_picked":[],"picked":"Inflame","floor":23},{"not_picked":["Flex"],"picked":"SKIP","floor":25}],"player_experience":99900,"relics_obtained":[{"floor":9,"key":"PreservedInsect"},{"floor":23,"key":"Centennial Puzzle"},{"floor":26,"key":"Whetstone"}],"event_choices":[{"damage_healed":0,"gold_gain":0,"cards_transformed":["Strike_R"],"player_choice":"Transformed","damage_taken":0,"max_hp_gain":0,"max_hp_loss":0,"event_name":"Transmorgrifier","floor":2,"gold_loss":0,"cards_obtained":["Reaper"]},{"damage_healed":0,"gold_gain":0,"cards_transformed":["Strike_R"],"player_choice":"Change","damage_taken":0,"max_hp_gain":0,"max_hp_loss":0,"event_name":"Living Wall","floor":7,"gold_loss":0,"cards_obtained":["Disarm"]},{"cards_removed":["Strike_R"],"damage_healed":0,"gold_gain":0,"player_choice":"Gave Gold","damage_taken":0,"max_hp_gain":0,"max_hp_loss":0,"event_name":"Beggar","floor":19,"gold_loss":75},{"damage_healed":0,"gold_gain":0,"player_choice":"Bet on Owner","damage_taken":0,"max_hp_gain":0,"max_hp_loss":0,"event_name":"The Joust","floor":20,"gold_loss":50},{"damage_healed":0,"gold_gain":0,"cards_transformed":["Strike_R","Strike_R"],"player_choice":"Became Test Subject","damage_taken":0,"max_hp_gain":0,"max_hp_loss":0,"event_name":"Drug Dealer","floor":24,"gold_loss":0,"cards_obtained":["Seeing Red","Anger"]},{"damage_healed":0,"gold_gain":0,"player_choice":"Ignored","damage_taken":0,"max_hp_gain":0,"max_hp_loss":0,"event_name":"Vampires","floor":27,"gold_loss":0},{"damage_healed":0,"gold_gain":0,"player_choice":"Forge","damage_taken":0,"max_hp_gain":0,"max_hp_loss":0,"event_name":"Accursed Blacksmith","floor":28,"gold_loss":0,"cards_upgraded":["Seeing Red"]}],"is_beta":false,"boss_relics":[{"not_picked":["Philosopher\u0027s Stone","Snecko Eye"],"picked":"Cursed Key"}],"items_purged_floors":[],"is_endless":false,"potions_floor_spawned":[1,4,5,8,18,22,23],"killed_by":"Chosen and Byrds","ascension_level":2}