{"gold_per_floor":[117,67,67,85,102,136,155,155,155,155,32,51,76,76,76,149,149,169,186,202,10,0,0,14,14],"floor_reached":25,"playtime":1551,"items_purged":["Strike_R"],"score":335,"play_id":"91f9921d-c9c9-4eff-9658-e36d46756f17","local_time":"20181124130559","is_ascension_mode":true,"campfire_choices":[{"floor":8,"key":"REST"},{"floor":15,"key":"REST"}],"neow_cost":"NONE","seed_source_timestamp":49250229077599,"circlet_count":0,"master_deck":["AscendersBane","Defend_R","Defend_R","Defend_R","Defend_R","Bash","Shrug It Off","Anger","Wild Strike","Fiend Fire","Cleave","Flex","Impervious","Disarm","Juggernaut","Shockwave","True Grit","Cleave","Uppercut"],"relics":["Burning Blood","Dream Catcher","Bag of Marbles","Odd Mushroom","Sozu","Medical Kit"],"potions_floor_usage":[6,16],"damage_taken":[{"damage":10,"enemies":"Small Slimes","floor":1,"turns":4},{"damage":15,"enemies":"2 Louse","floor":4,"turns":4},{"damage":2,"enemies":"Cultist","floor":5,"turns":4},{"damage":59,"enemies":"Lagavulin","floor":6,"turns":8},{"damage":0,"enemies":"Large Slime","floor":7,"turns":5},{"damage":13,"enemies":"Blue Slaver","floor":12,"turns":3},{"damage":10,"enemies":"The Mushroom Lair","floor":13,"turns":3},{"damage":31,"enemies":"The Guardian","floor":16,"turns":14},{"damage":18,"enemies":"Chosen","floor":18,"turns":5},{"damage":23,"enemies":"3 Byrds","floor":19,"turns":7},{"damage":12,"enemies":"Snake Plant","floor":20,"turns":5},{"damage":42,"enemies":"3 Cultists","floor":24,"turns":6},{"damage":22,"enemies":"Centurion and Healer","floor":25,"turns":2}],"seed_played":"7217127281324886904","potions_obtained":[{"floor":5,"key":"BloodPotion"},{"floor":12,"key":"Swift Potion"},{"floor":16,"key":"Dexterity Potion"}],"is_trial":false,"path_per_floor":["M","?","$","M","M","E","M","R","T","?","$","M","?","?","R","B",null,"M","M","M","$","?","?","M","M"],"character_chosen":"IRONCLAD","items_purchased":["Flex","Medical Kit"],"campfire_rested":2,"item_purchase_floors":[11,21],"current_hp_per_floor":[68,68,68,59,63,18,24,48,48,41,41,34,30,30,54,29,67,55,38,32,32,32,58,22,0],"gold":14,"neow_bonus":"TRANSFORM_CARD","is_prod":false,"is_daily":false,"chose_seed":false,"campfire_upgraded":0,"win_rate":0,"timestamp":1543064759,"path_taken":["M","?","$","M","M","E","M","R","T","?","$","M","?","?","R","BOSS","M","M","M","$","?","?","M","M"],"build_version":"2018-11-15","purchased_purges":1,"victory":false,"max_hp_per_floor":[80,80,80,80,80,80,80,80,80,80,80,80,80,80,80,80,80,80,80,80,80,80,80,80,80],"card_choices":[{"not_picked":["Wild Strike","Armaments","Intimidate"],"picked":"SKIP","floor":1},{"not_picked":["Combust","Sentinel"],"picked":"Anger","floor":4},{"not_picked":["Armaments","Clothesline"],"picked":"Wild Strike","floor":5},{"not_picked":["Clash","Disarm"],"picked":"Fiend Fire","floor":6},{"not_picked":["Pommel Strike","Combust"],"picked":"Cleave","floor":7},{"not_picked":["Perfected Strike","Havoc","Iron Wave"],"picked":"SKIP","floor":12},{"not_picked":["Hemokinesis","Wild Strike"],"picked":"Impervious","floor":13},{"not_picked":["Clothesline","Combust"],"picked":"Disarm","floor":15},{"not_picked":["Bludgeon","Offering"],"picked":"Juggernaut","floor":16},{"not_picked":["Headbutt+1","Warcry"],"picked":"Shockwave","floor":18},{"not_picked":["Armaments","Headbutt"],"picked":"True Grit","floor":19},{"not_picked":["Havoc","Dropkick+1"],"picked":"Cleave","floor":20},{"not_picked":["Headbutt","Iron Wave+1"],"picked":"Uppercut","floor":24}],"player_experience":877912,"relics_obtained":[{"floor":6,"key":"Dream Catcher"},{"floor":9,"key":"Bag of Marbles"},{"floor":13,"key":"Odd Mushroom"}],"event_choices":[{"cards_removed":["Strike_R"],"damage_healed":0,"gold_gain":0,"player_choice":"Card Removal","damage_taken":0,"max_hp_gain":0,"max_hp_loss":0,"event_name":"The Cleric","floor":2,"gold_loss":50},{"cards_removed":["Strike_R"],"damage_healed":0,"gold_gain":0,"player_choice":"Card Removal","damage_taken":7,"max_hp_gain":0,"max_hp_loss":0,"event_name":"Golden Wing","floor":10,"gold_loss":0},{"damage_healed":0,"gold_gain":0,"player_choice":"Fought Mushrooms","damage_taken":0,"max_hp_gain":0,"max_hp_loss":0,"event_name":"Mushrooms","floor":13,"gold_loss":0},{"cards_removed":["Strike_R"],"damage_healed":0,"gold_gain":0,"player_choice":"Offered Basic","damage_taken":0,"max_hp_gain":0,"max_hp_loss":0,"event_name":"Bonfire Elementals","floor":14,"gold_loss":0},{"damage_healed":0,"gold_gain":0,"player_choice":"Paid Fearfully","damage_taken":0,"max_hp_gain":0,"max_hp_loss":0,"event_name":"Masked Bandits","floor":22,"gold_loss":10},{"damage_healed":26,"gold_gain":0,"player_choice":"Heal","damage_taken":0,"max_hp_gain":0,"max_hp_loss":0,"event_name":"The Library","floor":23,"gold_loss":0}],"is_beta":false,"boss_relics":[{"not_picked":["Eternal Feather","Busted Crown"],"picked":"Sozu"}],"items_purged_floors":[11],"is_endless":false,"potions_floor_spawned":[5,12,16,18,24],"killed_by":"Centurion and Healer","ascension_level":13}