{"gold_per_floor":[112,122,136,150,168,199,199,211,211,211,150,167,197,3,3,107,107,118,118,118,132,145,145,180,37,337,337],"floor_reached":27,"playtime":2301,"items_purged":["Defend_G"],"score":282,"play_id":"67239cd3-25dc-4934-88e1-4fd3d3ada486","local_time":"20181108125650","is_ascension_mode":true,"campfire_choices":[{"floor":7,"key":"REST"},{"floor":10,"key":"REST"},{"data":"Caltrops","floor":15,"key":"SMITH"},{"floor":23,"key":"REST"}],"neow_cost":"NONE","seed_source_timestamp":684466203400433,"circlet_count":0,"master_deck":["Defend_G","Defend_G","Defend_G","Defend_G","Strike_G","Strike_G","Survivor","Neutralize","Caltrops+1","Cloak And Dagger","After Image","Flying Knee","Deadly Poison","Infinite Blades","Deflect","Footwork","Deflect","Envenom","Catalyst","Blade Dance"],"relics":["Empty Cage","The Specimen","Mercury Hourglass","Bag of Marbles","Pantograph","Fusion Hammer","Pear","PreservedInsect","Old Coin"],"potions_floor_usage":[4,5,12,16,24,27,27],"damage_taken":[{"damage":9,"enemies":"Cultist","floor":1,"turns":6},{"damage":5,"enemies":"Small Slimes","floor":2,"turns":6},{"damage":3,"enemies":"2 Louse","floor":3,"turns":3},{"damage":18,"enemies":"Lots of Slimes","floor":4,"turns":3},{"damage":1,"enemies":"Large Slime","floor":5,"turns":9},{"damage":21,"enemies":"3 Sentries","floor":6,"turns":13},{"damage":3,"enemies":"Blue Slaver","floor":8,"turns":5},{"damage":22,"enemies":"Exordium Wildlife","floor":12,"turns":5},{"damage":29,"enemies":"Gremlin Nob","floor":13,"turns":6},{"damage":37,"enemies":"The Guardian","floor":16,"turns":12},{"damage":13,"enemies":"Spheric Guardian","floor":18,"turns":6},{"damage":24,"enemies":"2 Thieves","floor":21,"turns":5},{"damage":20,"enemies":"3 Cultists","floor":22,"turns":5},{"damage":44,"enemies":"Gremlin Leader","floor":24,"turns":7},{"damage":16,"enemies":"Book of Stabbing","floor":27,"turns":1}],"seed_played":"-8414527500137822376","potions_obtained":[{"floor":1,"key":"Fire Potion"},{"floor":2,"key":"LiquidBronze"},{"floor":8,"key":"Regen Potion"},{"floor":13,"key":"Ancient Potion"},{"floor":16,"key":"SteroidPotion"},{"floor":21,"key":"PowerPotion"},{"floor":24,"key":"Ancient Potion"}],"is_trial":false,"path_per_floor":["M","M","M","M","M","E","R","M","T","R","?","M","E","$","R","B",null,"M","?","?","M","M","R","E","$","T","E"],"character_chosen":"THE_SILENT","items_purchased":["Footwork","Deflect","PreservedInsect"],"campfire_rested":3,"item_purchase_floors":[14,14,25],"current_hp_per_floor":[61,56,53,35,34,13,34,31,31,52,52,44,15,15,15,3,70,57,57,70,46,26,47,13,13,13,0],"gold":337,"neow_bonus":"BOSS_RELIC","is_prod":false,"is_daily":false,"chose_seed":false,"campfire_upgraded":1,"win_rate":0,"timestamp":1541699810,"path_taken":["M","M","M","M","M","E","R","M","T","R","?","?","E","$","R","BOSS","M","?","?","?","M","R","E","$","T","E"],"build_version":"2018-11-01","purchased_purges":1,"victory":false,"max_hp_per_floor":[70,70,70,70,70,70,70,70,70,70,70,70,70,70,70,70,70,70,70,70,70,70,70,80,80,80,80],"card_choices":[{"not_picked":["Skewer","Expertise"],"picked":"Caltrops","floor":1},{"not_picked":["Slice","PiercingWail"],"picked":"Cloak And Dagger","floor":2},{"not_picked":["PiercingWail","Bane"],"picked":"After Image","floor":3},{"not_picked":["Blade Dance","Dagger Spray"],"picked":"Distraction","floor":4},{"not_picked":["Outmaneuver","Finisher"],"picked":"Flying Knee","floor":5},{"not_picked":["Cloak And Dagger","Dagger Throw"],"picked":"Deadly Poison","floor":6},{"not_picked":["Deadly Poison","Acrobatics"],"picked":"Infinite Blades","floor":8},{"not_picked":["Dagger Throw","Sucker Punch"],"picked":"Deflect","floor":12},{"not_picked":["Dagger Spray","Heel Hook","Setup"],"picked":"SKIP","floor":13},{"not_picked":["Corpse Explosion","After Image"],"picked":"Envenom","floor":16},{"not_picked":["All Out Attack","Reflex"],"picked":"Catalyst","floor":18},{"not_picked":["Underhanded Strike+1","Heel Hook","All Out Attack+1"],"picked":"SKIP","floor":21},{"not_picked":["Slice","Dagger Throw"],"picked":"Blade Dance","floor":22},{"not_picked":["Wraith Form v2","Quick Slash","Flying Knee"],"picked":"SKIP","floor":24}],"player_experience":239137,"relics_obtained":[{"floor":6,"key":"The Specimen"},{"floor":9,"key":"Mercury Hourglass"},{"floor":13,"key":"Pantograph"},{"floor":24,"key":"Pear"},{"floor":26,"key":"Old Coin"}],"event_choices":[{"damage_healed":0,"gold_gain":0,"player_choice":"Paid Gold","damage_taken":0,"relics_obtained":["Bag of Marbles"],"max_hp_gain":0,"max_hp_loss":0,"event_name":"WeMeetAgain","floor":11,"gold_loss":61},{"cards_removed":["Strike_G"],"damage_healed":0,"gold_gain":0,"player_choice":"Elegance","damage_taken":0,"max_hp_gain":0,"max_hp_loss":0,"event_name":"Back to Basics","floor":19,"gold_loss":0},{"cards_removed":["Distraction"],"damage_healed":13,"gold_gain":0,"player_choice":"Offered Uncommon","damage_taken":0,"max_hp_gain":0,"max_hp_loss":0,"event_name":"Bonfire Elementals","floor":20,"gold_loss":0}],"is_beta":false,"boss_relics":[{"not_picked":["Tiny House","Eternal Feather"],"picked":"Fusion Hammer"}],"items_purged_floors":[14],"is_endless":false,"potions_floor_spawned":[1,2,8,13,16,21,24],"killed_by":"Book of Stabbing","ascension_level":3}