{"gold_per_floor":[115,115,127,127,52,52,79,108,120,150,191,203,215,239,251,364,376,398,410,18,18,18,18,32,32,32,50,50,76,8,25,25,124,124,136,0,0,0,13,48,48,48,71,71,102,102,102,102,102,102],"floor_reached":50,"playtime":3269,"items_purged":["Defend_G","Strike_G"],"score":706,"play_id":"9d3cb087-be1d-4285-9553-468d4dcf177f","local_time":"20181213235556","is_ascension_mode":true,"campfire_choices":[{"data":"Noxious Fumes","floor":6,"key":"SMITH"},{"floor":12,"key":"REST"},{"data":"Leg Sweep","floor":15,"key":"SMITH"},{"floor":23,"key":"RECALL"},{"floor":25,"key":"REST"},{"floor":32,"key":"REST"},{"floor":41,"key":"REST"},{"data":"Ghostly","floor":44,"key":"SMITH"},{"floor":46,"key":"REST"},{"data":"Noxious Fumes","floor":49,"key":"SMITH"}],"neow_cost":"NONE","seed_source_timestamp":2182297716165800,"circlet_count":0,"master_deck":["Defend_G","Defend_G","Defend_G","Defend_G","Strike_G","Strike_G","Survivor","Neutralize","Prepared","Noxious Fumes+1","Venomology","Leg Sweep+1","Night Terror","Distraction","Bane","Ghostly+1","Ghostly","Ghostly","Ghostly","Ghostly+1","Escape Plan+1","Noxious Fumes+1","Blur","Wraith Form v2","Deadly Poison","Distraction+1"],"relics":["Ring of the Snake","NeowsBlessing","MawBank","Gremlin Horn","Orrery","Anchor","Mercury Hourglass","Pocketwatch","Oddly Smooth Stone","Cursed Key","Red Mask","Omamori","Bronze Scales","Ancient Tea Set"],"potions_floor_usage":[10,11,11,16,18,18,27,27,27,27,28,31,31,33,40,40,45],"damage_taken":[{"damage":0,"enemies":"Small Slimes","floor":1,"turns":1},{"damage":0,"enemies":"Cultist","floor":3,"turns":1},{"damage":0,"enemies":"Gremlin Nob","floor":7,"turns":1},{"damage":5,"enemies":"2 Louse","floor":8,"turns":3},{"damage":4,"enemies":"Gremlin Gang","floor":10,"turns":3},{"damage":34,"enemies":"Lagavulin","floor":11,"turns":9},{"damage":5,"enemies":"2 Fungi Beasts","floor":14,"turns":5},{"damage":36,"enemies":"Hexaghost","floor":16,"turns":13},{"damage":16,"enemies":"Spheric Guardian","floor":18,"turns":7},{"damage":15,"enemies":"3 Byrds","floor":24,"turns":5},{"damage":1,"enemies":"Snake Plant","floor":27,"turns":6},{"damage":13,"enemies":"Colosseum Slavers","floor":28,"turns":5},{"damage":4,"enemies":"Gremlin Leader","floor":29,"turns":9},{"damage":2,"enemies":"Centurion and Healer","floor":31,"turns":9},{"damage":33,"enemies":"Automaton","floor":33,"turns":13},{"damage":0,"enemies":"3 Shapes","floor":35,"turns":6},{"damage":4,"enemies":"3 Darklings","floor":39,"turns":6},{"damage":9,"enemies":"Nemesis","floor":40,"turns":11},{"damage":10,"enemies":"Reptomancer","floor":45,"turns":8},{"damage":61,"enemies":"Donu and Deca","floor":50,"turns":10}],"seed_played":"9153017473848841178","potions_obtained":[{"floor":1,"key":"Energy Potion"},{"floor":3,"key":"SkillPotion"},{"floor":10,"key":"Swift Potion"},{"floor":13,"key":"Poison Potion"},{"floor":13,"key":"FairyPotion"},{"floor":29,"key":"Explosive Potion"},{"floor":31,"key":"Block Potion"}],"is_trial":false,"path_per_floor":["M","?","M","?","$","R","E","M","T","M","E","R","?","M","R","B",null,"M","?","$","?","?","R","M","R","T","M","?","E","$","M","R","B",null,"M","?","?","?","M","E","R","$","T","R","E","R","?","$","R","B"],"character_chosen":"THE_SILENT","items_purchased":["Mercury Hourglass","Bane","Noxious Fumes"],"campfire_rested":5,"item_purchase_floors":[20,20,30],"current_hp_per_floor":[70,70,70,70,70,70,70,65,65,61,27,48,48,43,43,7,70,54,54,54,35,35,35,20,30,30,29,16,12,12,10,20,3,35,35,35,35,35,31,22,32,32,32,32,22,32,32,32,32,0],"gold":102,"neow_bonus":"THREE_ENEMY_KILL","is_prod":false,"is_daily":false,"chose_seed":false,"campfire_upgraded":4,"win_rate":0,"timestamp":1544741756,"path_taken":["M","?","M","?","$","R","E","?","T","M","E","R","?","?","R","BOSS","M","?","$","?","?","R","M","R","T","?","?","E","$","M","R","BOSS","M","?","?","?","M","E","R","?","T","R","E","R","?","$","R","BOSS"],"build_version":"2018-12-06","purchased_purges":2,"victory":false,"max_hp_per_floor":[70,70,70,70,70,70,70,70,70,70,70,70,70,70,70,70,70,70,70,70,35,35,35,35,35,35,35,35,35,35,35,35,35,35,35,35,35,35,35,35,35,35,35,35,35,35,35,35,35,35],"card_choices":[{"not_picked":["Deflect","Cloak And Dagger"],"picked":"Prepared","floor":1},{"not_picked":["Tactician","Deadly Poison"],"picked":"Noxious Fumes","floor":3},{"not_picked":["Dodge and Roll","Slice","Tactician"],"picked":"SKIP","floor":7},{"not_picked":["Blade Dance","Dodge and Roll"],"picked":"Venomology","floor":8},{"not_picked":["Prepared","Outmaneuver","Escape Plan"],"picked":"SKIP","floor":10},{"not_picked":["All Out Attack","Dagger Throw"],"picked":"Leg Sweep","floor":11},{"not_picked":["Infinite Blades","Dodge and Roll","Deflect"],"picked":"SKIP","floor":14},{"not_picked":["Wraith Form v2","Venomology"],"picked":"Night Terror","floor":16},{"not_picked":["All Out Attack","Deflect"],"picked":"Distraction","floor":17},{"not_picked":["PiercingWail","Expertise","Sucker Punch"],"picked":"SKIP","floor":18},{"not_picked":["Dodge and Roll","Flechettes+1","Underhanded Strike+1"],"picked":"SKIP","floor":24},{"not_picked":["Accuracy+1","Flying Knee","Deflect"],"picked":"SKIP","floor":27},{"not_picked":["Dagger Throw","Tactician"],"picked":"Escape Plan+1","floor":29},{"not_picked":["Dagger Spray","Bane+1"],"picked":"Blur","floor":31},{"not_picked":["After Image","Die Die Die"],"picked":"Wraith Form v2","floor":33},{"not_picked":["Sucker Punch","Riddle With Holes"],"picked":"Deadly Poison","floor":35},{"not_picked":["Deflect","Dagger Spray","Blade Dance"],"picked":"SKIP","floor":39},{"not_picked":["PiercingWail","Heel Hook"],"picked":"Distraction+1","floor":40},{"not_picked":["Unload","Dodge and Roll","Outmaneuver"],"picked":"SKIP","floor":45}],"player_experience":795325,"relics_obtained":[{"floor":7,"key":"MawBank"},{"floor":11,"key":"Gremlin Horn"},{"floor":26,"key":"Pocketwatch"},{"floor":29,"key":"Oddly Smooth Stone"},{"floor":40,"key":"Omamori"},{"floor":43,"key":"Bronze Scales"},{"floor":45,"key":"Ancient Tea Set"}],"event_choices":[{"damage_healed":0,"gold_gain":0,"player_choice":"Leave","damage_taken":0,"max_hp_gain":0,"max_hp_loss":0,"event_name":"The Cleric","floor":2,"gold_loss":0},{"cards_removed":["Strike_G"],"damage_healed":0,"gold_gain":0,"player_choice":"Offered Basic","damage_taken":0,"max_hp_gain":0,"max_hp_loss":0,"event_name":"Bonfire Elementals","floor":4,"gold_loss":0},{"damage_healed":0,"gold_gain":0,"player_choice":"Got Potions","damage_taken":0,"max_hp_gain":0,"max_hp_loss":0,"event_name":"Lab","floor":13,"gold_loss":0},{"damage_healed":0,"gold_gain":0,"player_choice":"Opened","damage_taken":0,"relics_obtained":["Anchor"],"max_hp_gain":0,"max_hp_loss":0,"event_name":"The Mausoleum","floor":19,"gold_loss":0},{"damage_healed":0,"gold_gain":0,"player_choice":"Became a Ghost","damage_taken":0,"max_hp_gain":0,"max_hp_loss":35,"event_name":"Ghosts","floor":21,"gold_loss":0,"cards_obtained":["Ghostly","Ghostly","Ghostly","Ghostly","Ghostly"]},{"damage_healed":0,"gold_gain":0,"player_choice":"Forge","damage_taken":0,"max_hp_gain":0,"max_hp_loss":0,"event_name":"Accursed Blacksmith","floor":22,"gold_loss":0,"cards_upgraded":["Ghostly"]},{"damage_healed":0,"gold_gain":0,"player_choice":"Fight","damage_taken":0,"max_hp_gain":0,"max_hp_loss":0,"event_name":"Colosseum","floor":28,"gold_loss":0},{"damage_healed":0,"gold_gain":0,"player_choice":"Fled From Nobs","damage_taken":0,"max_hp_gain":0,"max_hp_loss":0,"event_name":"Colosseum","floor":28,"gold_loss":0},{"damage_healed":0,"gold_gain":0,"player_choice":"Paid","damage_taken":0,"relics_obtained":["Red Mask"],"max_hp_gain":0,"max_hp_loss":0,"event_name":"Tomb of Lord Red Mask","floor":36,"gold_loss":136},{"cards_removed":["Strike_G"],"damage_healed":0,"gold_gain":0,"player_choice":"Removed Attack","damage_taken":0,"max_hp_gain":0,"max_hp_loss":0,"event_name":"Falling","floor":37,"gold_loss":0},{"damage_healed":0,"gold_gain":0,"player_choice":"Memory 1","damage_taken":0,"max_hp_gain":0,"max_hp_loss":0,"event_name":"SensoryStone","floor":38,"gold_loss":0},{"damage_healed":0,"gold_gain":0,"player_choice":"Ignored","damage_taken":0,"max_hp_gain":0,"max_hp_loss":0,"event_name":"Mysterious Sphere","floor":47,"gold_loss":0}],"is_beta":false,"boss_relics":[{"not_picked":["Coffee Dripper","Calling Bell"],"picked":"Orrery"},{"not_picked":["Philosopher\u0027s Stone","HoveringKite"],"picked":"Cursed Key"}],"items_purged_floors":[5,20],"is_endless":false,"potions_floor_spawned":[1,3,10,16,24,29,31,39],"killed_by":"Donu and Deca","ascension_level":4}