{"gold_per_floor":[115,115,134,134,158,201,201,201,224,239,239,38,71,71],"floor_reached":14,"playtime":1049,"items_purged":[],"score":152,"play_id":"11ee192c-cd93-4a7e-9e94-a941fddaf9d3","local_time":"20190202121344","is_ascension_mode":true,"campfire_choices":[{"floor":8,"key":"REST"}],"neow_cost":"NONE","seed_source_timestamp":1212064184447058,"circlet_count":0,"master_deck":["AscendersBane","Defend_G","Defend_G","Defend_G","Defend_G","Defend_G","Strike_G","Strike_G","Strike_G","Strike_G","Survivor","Neutralize","Poisoned Stab","Quick Slash","Catalyst","Bouncing Flask","Normality","Dagger Spray","Eviscerate","Dagger Spray"],"relics":["Cursed Key","Golden Idol","Lantern","Strawberry","TwistedFunnel","Dream Catcher"],"potions_floor_usage":[13,14],"damage_taken":[{"damage":4,"enemies":"Small Slimes","floor":1,"turns":4},{"damage":4,"enemies":"Jaw Worm","floor":3,"turns":3},{"damage":3,"enemies":"2 Louse","floor":5,"turns":3},{"damage":37,"enemies":"3 Sentries","floor":6,"turns":11},{"damage":22,"enemies":"Lots of Slimes","floor":10,"turns":4},{"damage":18,"enemies":"Gremlin Nob","floor":13,"turns":4},{"damage":9,"enemies":"Blue Slaver","floor":14,"turns":1}],"seed_played":"777046984094665018","potions_obtained":[{"floor":1,"key":"Poison Potion"},{"floor":5,"key":"SteroidPotion"}],"is_trial":false,"path_per_floor":["M","?","M","?","M","E","?","R","T","M","?","$","E","M"],"character_chosen":"THE_SILENT","items_purchased":["TwistedFunnel"],"campfire_rested":1,"item_purchase_floors":[12],"current_hp_per_floor":[59,59,55,55,52,15,15,34,41,19,19,19,1,0],"gold":71,"neow_bonus":"BOSS_RELIC","is_prod":false,"is_daily":false,"chose_seed":false,"campfire_upgraded":0,"win_rate":0,"timestamp":1549109624,"path_taken":["M","?","M","?","M","E","?","R","T","?","?","$","E","M"],"build_version":"2019-01-23","purchased_purges":0,"victory":false,"max_hp_per_floor":[70,70,70,65,65,65,65,65,72,72,72,72,72,72],"card_choices":[{"not_picked":["Reflex","Outmaneuver"],"picked":"Poisoned Stab","floor":1},{"not_picked":["Outmaneuver","Endless Agony"],"picked":"Quick Slash","floor":3},{"not_picked":["PiercingWail","Setup"],"picked":"Catalyst","floor":5},{"not_picked":["Finisher","Concentrate"],"picked":"Bouncing Flask","floor":6},{"not_picked":["PiercingWail","Riddle With Holes"],"picked":"Dagger Spray","floor":10},{"not_picked":["Deadly Poison","Heel Hook"],"picked":"Dagger Spray","floor":13}],"player_experience":1253462,"relics_obtained":[{"floor":6,"key":"Lantern"},{"floor":9,"key":"Strawberry"},{"floor":13,"key":"Dream Catcher"}],"event_choices":[{"damage_healed":0,"gold_gain":0,"player_choice":"Ignored","damage_taken":0,"max_hp_gain":0,"max_hp_loss":0,"event_name":"Liars Game","floor":2,"gold_loss":0},{"damage_healed":0,"gold_gain":0,"player_choice":"Lose Max HP","damage_taken":0,"relics_obtained":["Golden Idol"],"max_hp_gain":0,"max_hp_loss":5,"event_name":"Golden Idol","floor":4,"gold_loss":0},{"damage_healed":0,"gold_gain":0,"player_choice":"Searched \u00270\u0027 times","damage_taken":0,"max_hp_gain":0,"max_hp_loss":0,"event_name":"Dead Adventurer","floor":7,"gold_loss":0},{"damage_healed":0,"gold_gain":0,"cards_transformed":["Strike_G"],"player_choice":"Change","damage_taken":0,"max_hp_gain":0,"max_hp_loss":0,"event_name":"Living Wall","floor":11,"gold_loss":0,"cards_obtained":["Eviscerate"]}],"is_beta":false,"boss_relics":[],"items_purged_floors":[],"is_endless":false,"potions_floor_spawned":[1,5,10],"killed_by":"Blue Slaver","ascension_level":11}