{"gold_per_floor":[113,74,88,103,28,61,61,136,136,136,186,186,186,186,186,186],"floor_reached":16,"playtime":1304,"items_purged":["Strike_B"],"score":101,"play_id":"f5fff2f4-0f65-4dcf-9e38-e66ccf5494bd","local_time":"20190207094649","is_ascension_mode":true,"campfire_choices":[{"floor":7,"key":"RECALL"},{"data":"Defragment","floor":10,"key":"SMITH"},{"floor":13,"key":"REST"},{"floor":15,"key":"REST"}],"neow_cost":"NONE","seed_source_timestamp":0,"circlet_count":0,"master_deck":["Strike_B","Defend_B","Defend_B","Defend_B","Defend_B","Zap","Dualcast","Go for the Eyes","Defragment+1","Cold Snap","Biased Cognition","Auto Shields"],"special_seed":0,"relics":["Cracked Core","Singing Bowl","Potion Belt","Golden Idol"],"potions_floor_usage":[16],"damage_taken":[{"damage":10.0,"enemies":"Small Slimes","floor":1.0,"turns":4.0},{"damage":0,"enemies":"Jaw Worm","floor":3,"turns":3},{"damage":1,"enemies":"2 Louse","floor":4,"turns":2},{"damage":15,"enemies":"Gremlin Nob","floor":6,"turns":5},{"damage":60,"enemies":"Hexaghost","floor":16,"turns":14}],"seed_played":"-8841222583804292290","potions_obtained":[{"floor":6,"key":"Weak Potion"}],"is_trial":false,"path_per_floor":["M","$","M","M","$","E","R","?","T","R","T","?","R","?","R","B"],"character_chosen":"DEFECT","items_purchased":["Defragment"],"campfire_rested":2,"item_purchase_floors":[2],"current_hp_per_floor":[65,65,65,64,64,49,49,38,38,38,38,31,53,35,57,0],"gold":186,"neow_bonus":"REMOVE_CARD","is_prod":false,"is_daily":false,"chose_seed":false,"campfire_upgraded":1,"win_rate":0,"timestamp":1549529209,"path_taken":["M","$","M","M","$","E","R","?","T","R","?","?","R","?","R","BOSS"],"build_version":"2019-01-23","purchased_purges":1,"victory":false,"max_hp_per_floor":[75,75,75,75,75,75,75,75,75,75,75,75,75,75,75,75],"card_choices":[{"not_picked":["Ball Lightning","Redo"],"picked":"Go for the Eyes","floor":1.0},{"not_picked":["Streamline","Rebound"],"picked":"Cold Snap","floor":3},{"not_picked":["Redo","BootSequence"],"picked":"Biased Cognition","floor":4},{"not_picked":["Rebound","Beam Cell"],"picked":"Auto Shields","floor":6}],"player_experience":206384,"relics_obtained":[{"floor":6,"key":"Singing Bowl"},{"floor":11,"key":"Potion Belt"}],"event_choices":[{"damage_healed":0,"gold_gain":75,"player_choice":"Gather Gold","damage_taken":11,"max_hp_gain":0,"max_hp_loss":0,"event_name":"World of Goop","floor":8,"gold_loss":0},{"cards_removed":["Strike_B"],"damage_healed":0,"gold_gain":0,"player_choice":"Card Removal","damage_taken":7,"max_hp_gain":0,"max_hp_loss":0,"event_name":"Golden Wing","floor":12,"gold_loss":0},{"damage_healed":0,"gold_gain":0,"player_choice":"Take Damage","damage_taken":18,"relics_obtained":["Golden Idol"],"max_hp_gain":0,"max_hp_loss":0,"event_name":"Golden Idol","floor":14,"gold_loss":0}],"is_beta":false,"boss_relics":[],"items_purged_floors":[5],"is_endless":false,"potions_floor_spawned":[6],"killed_by":"Hexaghost","ascension_level":1}