{"gold_per_floor":[116,128,78,78,95,95,105,139,162,162,237,237,412,429,429,526,526,536,198,113,113,125,154,154,188,212,226,226,242,242,273,273,372,372,384,397,797,814,860,860,887,887,887,905,931,931,445,456,456,456],"floor_reached":51,"playtime":2785,"items_purged":["Doubt","Shame"],"score":1099,"play_id":"c49b5e90-efe8-4299-a872-23e67980c9dc","local_time":"20181207191827","is_ascension_mode":true,"campfire_choices":[{"data":"Body Slam","floor":6.0,"key":"SMITH"},{"data":"Flame Barrier","floor":10.0,"key":"SMITH"},{"floor":15.0,"key":"REST"},{"data":"Apotheosis","floor":24.0,"key":"SMITH"},{"data":"Battle Trance","floor":30.0,"key":"SMITH"},{"data":"Battle Trance","floor":32.0,"key":"SMITH"},{"floor":40,"key":"REST"},{"data":"Barricade","floor":42,"key":"SMITH"},{"data":"Master of Strategy","floor":49,"key":"SMITH"}],"neow_cost":"NONE","seed_source_timestamp":0,"circlet_count":0,"master_deck":["Strike_R","Strike_R","Strike_R","Strike_R","Defend_R","Defend_R","Defend_R","Defend_R","Bash","Body Slam+1","Battle Trance+1","Dual Wield","Flame Barrier+1","Battle Trance+1","Shrug It Off","Juggernaut","Shrug It Off","Apotheosis+1","Decay","Rampage+1","Warcry+1","Ghostly Armor","Body Slam+1","J.A.X.","Exhume","Barricade+1","Flame Barrier+1","Pommel Strike","Impervious","Shrug It Off+1","Parasite","Headbutt","Entrench+1","Master of Strategy+1"],"special_seed":0,"relics":["Burning Blood","Vajra","Pen Nib","Bag of Preparation","Charon\u0027s Ashes","Cursed Key","Blue Candle","Dodecahedron","Boot","Oddly Smooth Stone","Anchor","Eternal Feather","Old Coin","Pocketwatch","Meat on the Bone","Pear","Orichalcum","TheAbacus"],"potions_floor_usage":[50,50,50],"damage_taken":[{"damage":10.0,"enemies":"2 Louse","floor":1.0,"turns":3.0},{"damage":14.0,"enemies":"Jaw Worm","floor":2.0,"turns":4.0},{"damage":4.0,"enemies":"Small Slimes","floor":5.0,"turns":4.0},{"damage":2.0,"enemies":"2 Fungi Beasts","floor":7.0,"turns":4.0},{"damage":35.0,"enemies":"Lagavulin","floor":8.0,"turns":7.0},{"damage":0.0,"enemies":"3 Louse","floor":14.0,"turns":3.0},{"damage":42.0,"enemies":"Hexaghost","floor":16.0,"turns":10.0},{"damage":0.0,"enemies":"Chosen","floor":18.0,"turns":4.0},{"damage":3.0,"enemies":"Shell Parasite","floor":22.0,"turns":6.0},{"damage":16.0,"enemies":"Slavers","floor":23.0,"turns":5.0},{"damage":3.0,"enemies":"Gremlin Leader","floor":25.0,"turns":5.0},{"damage":12.0,"enemies":"Sentry and Sphere","floor":27.0,"turns":5.0},{"damage":7.0,"enemies":"Cultist and Chosen","floor":29.0,"turns":4.0},{"damage":12.0,"enemies":"Book of Stabbing","floor":31.0,"turns":3.0},{"damage":26.0,"enemies":"Champ","floor":33.0,"turns":6.0},{"damage":4,"enemies":"Orb Walker","floor":35,"turns":2},{"damage":3,"enemies":"3 Shapes","floor":36,"turns":3},{"damage":21,"enemies":"Mind Bloom Boss Battle","floor":37,"turns":6},{"damage":4,"enemies":"Jaw Worm Horde","floor":38,"turns":2},{"damage":57,"enemies":"2 Orb Walkers","floor":39,"turns":7},{"damage":5,"enemies":"Giant Head","floor":41,"turns":6},{"damage":15,"enemies":"4 Shapes","floor":44,"turns":6},{"damage":5,"enemies":"Nemesis","floor":45,"turns":3},{"damage":0,"enemies":"3 Darklings","floor":48,"turns":2},{"damage":22,"enemies":"Time Eater","floor":50,"turns":7}],"seed_played":"-5207999413783799206","potions_obtained":[{"floor":5.0,"key":"PowerPotion"},{"floor":7.0,"key":"LiquidBronze"},{"floor":8.0,"key":"Explosive Potion"},{"floor":14.0,"key":"Strength Potion"},{"floor":22.0,"key":"Dexterity Potion"},{"floor":27.0,"key":"BloodPotion"},{"floor":31.0,"key":"EssenceOfSteel"},{"floor":33.0,"key":"Regen Potion"},{"floor":36,"key":"Ancient Potion"},{"floor":39,"key":"Dexterity Potion"}],"is_trial":false,"path_per_floor":["M","M","?","?","M","R","M","E","T","R","?","?","?","M","R","B",null,"M","$","?","?","M","E","R","E","T","M","?","M","R","E","R","B",null,"M","M","?","M","?","R","E","R","T","M","E","?","$","M","R","B",null],"character_chosen":"IRONCLAD","items_purchased":["Apotheosis","LiquidBronze","Master of Strategy","TheAbacus"],"campfire_rested":2,"item_purchase_floors":[19,19,47,47],"current_hp_per_floor":[76,68,68,65,67,67,71,42,42,42,31,31,31,37,63,27,73,79,79,79,79,82,72,72,75,75,69,69,68,68,70,70,50,79,81,84,69,71,20,64,65,83,93,84,85,76,76,82,98,82],"gold":456,"neow_bonus":"TEN_PERCENT_HP_BONUS","is_prod":false,"is_daily":false,"chose_seed":false,"campfire_upgraded":7,"win_rate":0,"timestamp":1544228307,"path_taken":["M","M","?","?","M","R","M","E","T","R","?","?","?","M","R","BOSS","M","$","?","?","?","E","R","E","T","?","?","M","R","E","R","BOSS","M","M","?","M","?","R","E","R","T","M","E","?","$","M","R","BOSS"],"build_version":"2018-12-06","purchased_purges":2,"victory":true,"max_hp_per_floor":[88,88,88,88,88,88,88,88,88,88,88,88,88,88,88,88,88,88,88,88,88,88,88,88,88,88,88,88,88,88,88,88,88,88,88,88,88,88,88,88,88,88,98,98,98,98,98,98,98,98],"card_choices":[{"not_picked":["Thunderclap","Pummel"],"picked":"Body Slam","floor":1.0},{"not_picked":["Flex","Inflame"],"picked":"Battle Trance","floor":2.0},{"not_picked":["Metallicize","Cleave"],"picked":"Dual Wield","floor":5.0},{"not_picked":["Warcry","Body Slam"],"picked":"Flame Barrier","floor":7.0},{"not_picked":["Reaper","Anger"],"picked":"Battle Trance","floor":8.0},{"not_picked":["Hemokinesis","Perfected Strike"],"picked":"Shrug It Off","floor":14.0},{"not_picked":["Impervious","Double Tap"],"picked":"Juggernaut","floor":16.0},{"not_picked":["Warcry","Heavy Blade"],"picked":"Shrug It Off","floor":18.0},{"not_picked":["Reckless Charge","Flex"],"picked":"Rampage+1","floor":22.0},{"not_picked":["Sword Boomerang","Shrug It Off"],"picked":"Warcry+1","floor":23.0},{"not_picked":["Flex","Perfected Strike"],"picked":"Ghostly Armor","floor":25.0},{"not_picked":["Perfected Strike","Sword Boomerang"],"picked":"Body Slam+1","floor":27.0},{"not_picked":["Iron Wave","Clash","Reckless Charge"],"picked":"SKIP","floor":29.0},{"not_picked":["Pummel","Rage"],"picked":"Exhume","floor":31.0},{"not_picked":["Demon Form","Fiend Fire"],"picked":"Barricade","floor":33.0},{"not_picked":["Twin Strike+1","Sword Boomerang+1","Rupture+1"],"picked":"SKIP","floor":35},{"not_picked":["Second Wind+1","Havoc"],"picked":"Flame Barrier+1","floor":36},{"not_picked":["Flex","Dual Wield+1"],"picked":"Pommel Strike","floor":37},{"not_picked":["Clothesline+1","Rupture+1"],"picked":"Impervious","floor":38},{"not_picked":["Havoc+1","Feel No Pain+1"],"picked":"Shrug It Off+1","floor":39},{"not_picked":["Heavy Blade+1","Rupture+1","Rage"],"picked":"SKIP","floor":41},{"not_picked":["Armaments","Clothesline"],"picked":"Headbutt","floor":44},{"not_picked":["Iron Wave+1","Pommel Strike"],"picked":"Entrench+1","floor":45},{"not_picked":["Disarm","Twin Strike","Perfected Strike+1"],"picked":"SKIP","floor":48}],"player_experience":360748,"relics_obtained":[{"floor":8.0,"key":"Pen Nib"},{"floor":9.0,"key":"Bag of Preparation"},{"floor":23.0,"key":"Dodecahedron"},{"floor":25.0,"key":"Boot"},{"floor":26.0,"key":"Oddly Smooth Stone"},{"floor":31.0,"key":"Anchor"},{"floor":37,"key":"Old Coin"},{"floor":39,"key":"Pocketwatch"},{"floor":41,"key":"Meat on the Bone"},{"floor":43,"key":"Pear"},{"floor":45,"key":"Orichalcum"}],"event_choices":[{"cards_removed":["Strike_R"],"damage_healed":0.0,"max_hp_gain":0.0,"max_hp_loss":0.0,"gold_gain":0.0,"event_name":"The Cleric","player_choice":"Card Removal","floor":3.0,"gold_loss":50.0,"damage_taken":0.0},{"damage_healed":0.0,"max_hp_gain":0.0,"max_hp_loss":0.0,"gold_gain":0.0,"event_name":"Scrap Ooze","player_choice":"Success","floor":4.0,"gold_loss":0.0,"damage_taken":3.0,"relics_obtained":["Vajra"]},{"damage_healed":0.0,"max_hp_gain":0.0,"max_hp_loss":0.0,"gold_gain":75.0,"event_name":"World of Goop","player_choice":"Gather Gold","floor":11.0,"gold_loss":0.0,"damage_taken":11.0},{"damage_healed":0.0,"max_hp_gain":0.0,"max_hp_loss":0.0,"gold_gain":0.0,"event_name":"Dead Adventurer","player_choice":"Searched \u00272\u0027 times","floor":12.0,"gold_loss":0.0,"damage_taken":0.0,"relics_obtained":["Charon\u0027s Ashes"]},{"damage_healed":0.0,"max_hp_gain":0.0,"max_hp_loss":0.0,"gold_gain":175.0,"event_name":"Liars Game","player_choice":"AGREE","floor":13.0,"gold_loss":0.0,"damage_taken":0.0,"cards_obtained":["Doubt"]},{"damage_healed":0.0,"max_hp_gain":0.0,"max_hp_loss":0.0,"gold_gain":0.0,"event_name":"Addict","player_choice":"Obtained Relic","floor":20.0,"gold_loss":85.0,"damage_taken":0.0,"relics_obtained":["Blue Candle"]},{"damage_healed":0.0,"max_hp_gain":0.0,"max_hp_loss":0.0,"gold_gain":0.0,"event_name":"Wheel of Change","player_choice":"Cursed","floor":21.0,"gold_loss":0.0,"damage_taken":0.0,"cards_obtained":["Decay"]},{"damage_healed":0.0,"max_hp_gain":0.0,"max_hp_loss":0.0,"gold_gain":0.0,"event_name":"Drug Dealer","player_choice":"Obtain J.A.X.","floor":28.0,"gold_loss":0.0,"damage_taken":0.0,"cards_obtained":["J.A.X."]},{"damage_healed":0,"gold_gain":0,"player_choice":"Fight","damage_taken":0,"max_hp_gain":0,"max_hp_loss":0,"event_name":"MindBloom","floor":37,"gold_loss":0},{"damage_healed":0,"gold_gain":0,"player_choice":"Fight","damage_taken":0,"max_hp_gain":0,"max_hp_loss":0,"event_name":"Mysterious Sphere","floor":39,"gold_loss":0},{"damage_healed":0,"gold_gain":0,"player_choice":"Damaged","damage_taken":9,"max_hp_gain":0,"max_hp_loss":0,"event_name":"Wheel of Change","floor":46,"gold_loss":0}],"is_beta":false,"boss_relics":[{"not_picked":["Lizard Tail","Empty Cage"],"picked":"Cursed Key"},{"not_picked":["Runic Cube","Astrolabe"],"picked":"Eternal Feather"}],"items_purged_floors":[19,47],"is_endless":false,"potions_floor_spawned":[5,7,8,14,22,27,31,33,36,38,39,45,48],"ascension_level":6}