{"gold_per_floor":[119,134,209,224,8,8,37,37,82,82,94,111,111,42,42,146,146,132,132,142,155,155,155],"floor_reached":23,"playtime":1380,"items_purged":[],"score":289,"play_id":"e7abe7c8-60e7-4837-ab5d-f6d46b7032a9","local_time":"20190103184108","is_ascension_mode":true,"campfire_choices":[{"data":"Zap","floor":6,"key":"SMITH"},{"floor":8,"key":"REST"},{"floor":15,"key":"REST"}],"neow_cost":"PERCENT_DAMAGE","seed_source_timestamp":1130633842683143,"circlet_count":0,"master_deck":["Strike_B","Defend_B","Defend_B","Defend_B","Zap+1","Dualcast","Creative AI","Creative AI","Ball Lightning","Auto Shields","Defragment","Self Repair","Reinforced Body"],"relics":["Cracked Core","Anchor","Bronze Scales","DataDisk","Sozu","Bag of Marbles"],"potions_floor_usage":[16,16],"damage_taken":[{"damage":3,"enemies":"Jaw Worm","floor":1,"turns":5},{"damage":0,"enemies":"2 Louse","floor":2,"turns":2},{"damage":12,"enemies":"Small Slimes","floor":4,"turns":4},{"damage":25,"enemies":"3 Sentries","floor":7,"turns":5},{"damage":0,"enemies":"Red Slaver","floor":11,"turns":3},{"damage":0,"enemies":"3 Louse","floor":12,"turns":2},{"damage":0,"enemies":"Slime Boss","floor":16,"turns":7},{"damage":19,"enemies":"2 Thieves","floor":18,"turns":4},{"damage":2,"enemies":"3 Byrds","floor":20,"turns":2},{"damage":30,"enemies":"Centurion and Healer","floor":21,"turns":6},{"damage":56,"enemies":"Slavers","floor":23,"turns":3}],"seed_played":"459502597056101991","potions_obtained":[{"floor":11,"key":"EssenceOfSteel"},{"floor":12,"key":"Fire Potion"},{"floor":16,"key":"FearPotion"}],"is_trial":false,"path_per_floor":["M","M","?","M","$","R","E","R","T","$","M","M","?","$","R","B",null,"M","?","M","M","?","E"],"character_chosen":"DEFECT","items_purchased":["Anchor","Defragment","Self Repair"],"campfire_rested":2,"item_purchase_floors":[5,5,14],"current_hp_per_floor":[51,51,40,28,28,28,3,25,25,25,25,25,18,18,40,47,75,63,63,68,45,45,0],"gold":155,"neow_bonus":"TRANSFORM_TWO_CARDS","is_prod":false,"is_daily":false,"chose_seed":false,"campfire_upgraded":1,"win_rate":0,"timestamp":1546562468,"path_taken":["M","M","?","M","$","R","E","R","T","$","M","M","?","?","R","BOSS","M","?","?","M","?","E"],"build_version":"2018-12-20","purchased_purges":0,"victory":false,"max_hp_per_floor":[75,75,75,75,75,75,75,75,75,75,75,75,75,75,75,75,75,75,75,75,75,75,75],"card_choices":[{"not_picked":["Compile Driver","Conserve Battery","Gash"],"picked":"SKIP","floor":1},{"not_picked":["Redo","Rebound"],"picked":"Ball Lightning","floor":2},{"not_picked":["Chill","Stack"],"picked":"Auto Shields","floor":4},{"not_picked":["Thunder Strike","Steam","Recycle"],"picked":"SKIP","floor":7},{"not_picked":["Doom and Gloom","Stack","Turbo"],"picked":"SKIP","floor":11},{"not_picked":["Go for the Eyes","Reprogram","Sweeping Beam"],"picked":"SKIP","floor":12},{"not_picked":["Stack","Redo","Streamline"],"picked":"SKIP","floor":18},{"not_picked":["Steam","Lockon","Compile Driver+1"],"picked":"SKIP","floor":20},{"not_picked":["Genetic Algorithm","Chill","Defragment"],"picked":"SKIP","floor":21}],"player_experience":208586,"relics_obtained":[{"floor":7,"key":"Bronze Scales"},{"floor":9,"key":"DataDisk"}],"event_choices":[{"damage_healed":0,"gold_gain":75,"player_choice":"Gather Gold","damage_taken":11,"max_hp_gain":0,"max_hp_loss":0,"event_name":"World of Goop","floor":3,"gold_loss":0},{"cards_removed":["Strike_B"],"damage_healed":0,"gold_gain":0,"player_choice":"Card Removal","damage_taken":7,"max_hp_gain":0,"max_hp_loss":0,"event_name":"Golden Wing","floor":13,"gold_loss":0},{"damage_healed":0,"gold_gain":0,"cards_transformed":["Defend_B"],"player_choice":"Transformed","damage_taken":0,"max_hp_gain":0,"max_hp_loss":0,"event_name":"Transmorgrifier","floor":19,"gold_loss":0,"cards_obtained":["Reinforced Body"]},{"damage_healed":0,"gold_gain":0,"player_choice":"Gave Potion","damage_taken":0,"relics_obtained":["Bag of Marbles"],"max_hp_gain":0,"max_hp_loss":0,"event_name":"WeMeetAgain","floor":22,"gold_loss":0}],"is_beta":false,"boss_relics":[{"not_picked":["Velvet Choker","Calling Bell"],"picked":"Sozu"}],"items_purged_floors":[],"is_endless":false,"potions_floor_spawned":[11,12,16,18,20],"killed_by":"Slavers","ascension_level":4}