{"gold_per_floor":[117,117,136,116,127,155,5,19,19,19,34,50,16,29,29,131,131,142,155,155,70,96,96,116,116,116,58,87,87],"floor_reached":29,"playtime":1718,"items_purged":[],"score":245,"play_id":"36697877-c114-4cc9-8754-3c369c8e687f","local_time":"20190116183926","is_ascension_mode":false,"campfire_choices":[{"floor":10,"key":"REST"},{"floor":15,"key":"RECALL"},{"floor":23,"key":"REST"},{"floor":25,"key":"REST"}],"neow_cost":"NONE","seed_source_timestamp":22753268852843,"circlet_count":0,"master_deck":["Zap+1","Dualcast","Turbo","Undo","Conserve Battery","Turbo","Static Discharge","White Noise","Heatsinks","FTL","Redo","Machine Learning","Aggregate","Rip and Tear","Conserve Battery","Aggregate","Chaos","Sunder","Undo","Double Energy","Chaos","Auto Shields","Defragment"],"relics":["Cracked Core","Pen Nib","DataDisk","PreservedInsect","Pandora\u0027s Box","Letter Opener","The Courier","Du-Vu Doll"],"potions_floor_usage":[6,16,16,16],"damage_taken":[{"damage":6,"enemies":"Cultist","floor":1,"turns":3},{"damage":0,"enemies":"2 Louse","floor":3,"turns":2},{"damage":0,"enemies":"Jaw Worm","floor":5,"turns":3},{"damage":52,"enemies":"3 Sentries","floor":6,"turns":10},{"damage":0,"enemies":"Blue Slaver","floor":8,"turns":3},{"damage":0,"enemies":"3 Louse","floor":11,"turns":5},{"damage":0,"enemies":"Large Slime","floor":12,"turns":4},{"damage":10,"enemies":"Exordium Wildlife","floor":14,"turns":3},{"damage":15,"enemies":"The Guardian","floor":16,"turns":11},{"damage":0,"enemies":"Chosen","floor":18,"turns":4},{"damage":27,"enemies":"2 Thieves","floor":19,"turns":3},{"damage":38,"enemies":"Colosseum Slavers","floor":20,"turns":4},{"damage":15,"enemies":"Snake Plant","floor":24,"turns":4},{"damage":34,"enemies":"Gremlin Leader","floor":28,"turns":5},{"damage":7,"enemies":"Shelled Parasite and Fungi","floor":29,"turns":2}],"seed_played":"-7702296001323846948","potions_obtained":[{"floor":3,"key":"Weak Potion"},{"floor":4,"key":"EssenceOfSteel"},{"floor":8,"key":"Strength Potion"},{"floor":11,"key":"Poison Potion"},{"floor":16,"key":"SpeedPotion"},{"floor":28,"key":"Weak Potion"}],"is_trial":false,"path_per_floor":["M","?","M","?","M","E","$","M","T","R","M","M","$","M","R","B",null,"M","M","?","?","T","R","M","R","T","$","E","M"],"character_chosen":"DEFECT","items_purchased":["DataDisk","FTL","Defragment"],"campfire_rested":3,"item_purchase_floors":[7,13,27],"current_hp_per_floor":[69,69,69,69,69,17,17,17,17,39,39,39,39,29,29,14,75,75,48,10,10,10,32,17,39,39,39,5,0],"gold":87,"neow_bonus":"UPGRADE_CARD","is_prod":false,"is_daily":false,"chose_seed":false,"campfire_upgraded":0,"win_rate":0,"timestamp":1547671166,"path_taken":["M","?","M","?","?","E","?","?","T","R","M","M","?","M","R","BOSS","M","M","?","?","?","R","M","R","T","$","E","M"],"build_version":"2019-01-10","purchased_purges":0,"victory":false,"max_hp_per_floor":[75,75,75,75,75,75,75,75,75,75,75,75,75,75,75,75,75,75,75,75,75,75,75,75,75,75,75,75,75],"card_choices":[{"not_picked":["Go for the Eyes","Steam"],"picked":"Turbo","floor":1},{"not_picked":["Turbo","Auto Shields"],"picked":"Undo","floor":3},{"not_picked":["Force Field","Aggregate"],"picked":"Conserve Battery","floor":5},{"not_picked":["Aggregate","Scrape"],"picked":"Turbo","floor":6},{"not_picked":["Consume","Fusion"],"picked":"Static Discharge","floor":8},{"not_picked":["Coolheaded","Compile Driver"],"picked":"White Noise","floor":11},{"not_picked":["Sunder","Rebound"],"picked":"Heatsinks","floor":12},{"not_picked":["Scrape","Hologram"],"picked":"Redo","floor":14},{"not_picked":["Multi-Cast","All For One"],"picked":"Machine Learning","floor":16},{"not_picked":["Recycle+1","Turbo","Coolheaded"],"picked":"SKIP","floor":18},{"not_picked":["Cold Snap","Beam Cell"],"picked":"Chaos","floor":19},{"not_picked":["Barrage","Rebound"],"picked":"Auto Shields","floor":24},{"not_picked":["Coolheaded","Blizzard","Biased Cognition"],"picked":"SKIP","floor":28}],"player_experience":308540,"relics_obtained":[{"floor":6,"key":"Pen Nib"},{"floor":9,"key":"PreservedInsect"},{"floor":26,"key":"The Courier"},{"floor":28,"key":"Du-Vu Doll"}],"event_choices":[{"damage_healed":0,"gold_gain":0,"player_choice":"Leave","damage_taken":0,"max_hp_gain":0,"max_hp_loss":0,"event_name":"The Cleric","floor":2,"gold_loss":0},{"damage_healed":0,"gold_gain":0,"player_choice":"Bought 1 Potion","damage_taken":0,"max_hp_gain":0,"max_hp_loss":0,"event_name":"The Woman in Blue","floor":4,"gold_loss":0},{"damage_healed":0,"gold_gain":0,"player_choice":"Fight","damage_taken":0,"max_hp_gain":0,"max_hp_loss":0,"event_name":"Colosseum","floor":20,"gold_loss":0},{"damage_healed":0,"gold_gain":0,"player_choice":"Fled From Nobs","damage_taken":0,"max_hp_gain":0,"max_hp_loss":0,"event_name":"Colosseum","floor":20,"gold_loss":0},{"damage_healed":0,"gold_gain":0,"player_choice":"Obtained Relic","damage_taken":0,"relics_obtained":["Letter Opener"],"max_hp_gain":0,"max_hp_loss":0,"event_name":"Addict","floor":21,"gold_loss":85}],"is_beta":false,"boss_relics":[{"not_picked":["Velvet Choker","Coffee Dripper"],"picked":"Pandora\u0027s Box"}],"items_purged_floors":[],"is_endless":false,"potions_floor_spawned":[3,8,11,12,16,20,28],"killed_by":"Shelled Parasite and Fungi","ascension_level":0}