{"gold_per_floor":[116,116,66,141,157,157,157,192,262,275,5,17,50,63,63,162,162,176,126,145,95,115,115,130,130,130,130,29,29,44,64,64,160,160,171,185,29,42,42,42,55,55,136,136,148,166,166,186,186,186],"floor_reached":51,"playtime":5072,"items_purged":["Parasite","Strike_G","Strike_G","Defend_G"],"score":823,"play_id":"a0272493-0249-401a-9324-03a7fe55f52e","local_time":"20180905134240","is_ascension_mode":true,"campfire_choices":[{"data":"Neutralize","floor":6,"key":"SMITH"},{"data":"Footwork","floor":15,"key":"SMITH"},{"data":"Well Laid Plans","floor":23,"key":"SMITH"},{"data":"Malaise","floor":25,"key":"SMITH"},{"data":"Catalyst","floor":29,"key":"SMITH"},{"floor":32,"key":"REST"},{"data":"Dodge and Roll","floor":40,"key":"SMITH"},{"data":"Backflip","floor":42,"key":"SMITH"},{"data":"Die Die Die","floor":44,"key":"SMITH"},{"floor":47,"key":"REST"},{"floor":49,"key":"REST"}],"neow_cost":"NONE","seed_source_timestamp":1311030112902756,"circlet_count":0,"master_deck":["Defend_G","Defend_G","Strike_G","Survivor","Neutralize+1","Backflip+1","Die Die Die+1","Backstab","Dagger Spray","Footwork+1","Riddle With Holes","Catalyst+1","Dagger Spray","Dagger Spray","Malaise+1","Well Laid Plans+1","Predator+1","Crippling Poison+1","Dodge and Roll+1","Acrobatics+1","A Thousand Cuts+1","Bullet Time+1","Masterful Stab+1","Tools of the Trade+1","Catalyst+1","Escape Plan+1","Distraction+1","Infinite Blades+1","Crippling Poison"],"relics":["Ring of the Snake","NeowsBlessing","Orichalcum","Vajra","Singing Bowl","Smiling Mask","Runic Dome","Frozen Egg 2","Astrolabe","Lantern","Meat on the Bone"],"potions_floor_usage":[16,24,24,33,33,33,36,48,48],"damage_taken":[{"damage":0,"enemies":"Jaw Worm","floor":1,"turns":1},{"damage":0,"enemies":"2 Louse","floor":5,"turns":1},{"damage":0,"enemies":"Lagavulin","floor":8,"turns":1},{"damage":0,"enemies":"Small Slimes","floor":10,"turns":1},{"damage":1,"enemies":"Looter","floor":12,"turns":3},{"damage":5,"enemies":"3 Sentries","floor":13,"turns":5},{"damage":0,"enemies":"Red Slaver","floor":14,"turns":1},{"damage":0,"enemies":"Slime Boss","floor":16,"turns":7},{"damage":11,"enemies":"Shell Parasite","floor":18,"turns":4},{"damage":14,"enemies":"Spheric Guardian","floor":20,"turns":4},{"damage":3,"enemies":"Snecko","floor":22,"turns":6},{"damage":2,"enemies":"Sentry and Sphere","floor":24,"turns":4},{"damage":8,"enemies":"Shelled Parasite and Fungi","floor":30,"turns":4},{"damage":0,"enemies":"Snecko","floor":31,"turns":4},{"damage":9,"enemies":"Collector","floor":33,"turns":5},{"damage":1,"enemies":"3 Shapes","floor":35,"turns":4},{"damage":6,"enemies":"Orb Walker","floor":36,"turns":2},{"damage":3,"enemies":"4 Shapes","floor":38,"turns":3},{"damage":9,"enemies":"Sphere and 2 Shapes","floor":41,"turns":5},{"damage":0,"enemies":"Reptomancer","floor":45,"turns":2},{"damage":23,"enemies":"Spire Growth","floor":46,"turns":4},{"damage":10,"enemies":"3 Darklings","floor":48,"turns":2},{"damage":61,"enemies":"Donu and Deca","floor":50,"turns":10}],"seed_played":"-3684283568090585555","potions_obtained":[{"floor":8,"key":"Ancient Potion"},{"floor":10,"key":"GhostInAJar"},{"floor":13,"key":"Regen Potion"},{"floor":16,"key":"PowerPotion"},{"floor":24,"key":"FearPotion"},{"floor":30,"key":"PowerPotion"},{"floor":31,"key":"PowerPotion"},{"floor":35,"key":"Weak Potion"},{"floor":41,"key":"Fire Potion"},{"floor":45,"key":"SteroidPotion"}],"is_trial":false,"path_per_floor":["M","?","?","?","M","R","?","E","T","M","$","M","E","M","R","B",null,"M","$","M","$","M","R","M","R","T","?","$","R","M","M","R","B",null,"M","M","$","M","?","R","M","R","T","R","M","M","R","M","R","B"],"character_chosen":"THE_SILENT","items_purchased":["Footwork","Riddle With Holes","AttackPotion","Dodge and Roll","Lantern"],"campfire_rested":3,"item_purchase_floors":[11,11,11,28,37],"current_hp_per_floor":[70,63,63,52,52,52,69,69,69,69,67,66,61,61,61,61,67,56,56,42,42,39,39,51,51,51,51,51,51,45,45,66,57,71,70,66,66,63,65,65,58,58,58,58,58,47,70,60,77,28],"gold":186,"neow_bonus":"THREE_ENEMY_KILL","is_prod":false,"is_daily":false,"chose_seed":false,"campfire_upgraded":8,"win_rate":0,"timestamp":1536169360,"path_taken":["M","?","?","?","?","R","?","E","T","?","$","M","E","M","R","BOSS","M","$","M","$","M","R","M","R","T","?","$","R","M","M","R","BOSS","M","M","$","M","?","R","M","R","T","R","M","M","R","M","R","BOSS"],"build_version":"2018-08-30","purchased_purges":4,"victory":true,"max_hp_per_floor":[70,70,70,70,70,70,70,70,70,70,67,67,67,67,67,67,67,67,67,67,67,67,67,69,69,69,69,69,69,71,71,71,71,71,71,73,73,73,75,75,77,77,77,77,77,77,77,77,77,77],"card_choices":[{"not_picked":["Poisoned Stab","Bane"],"picked":"Backflip","floor":1},{"not_picked":["Dodge and Roll","Prepared"],"picked":"Die Die Die","floor":5},{"not_picked":["Finisher","Setup"],"picked":"Backstab","floor":8},{"not_picked":["Blade Dance","All Out Attack"],"picked":"Dagger Spray","floor":10},{"not_picked":["Flying Knee","Setup"],"picked":"Catalyst","floor":12},{"not_picked":["Flying Knee","Infinite Blades"],"picked":"Dagger Spray","floor":13},{"not_picked":["Cloak And Dagger","Tactician"],"picked":"Dagger Spray","floor":14},{"not_picked":["Venomology","Storm of Steel"],"picked":"Malaise","floor":16},{"not_picked":["Flying Knee","Leg Sweep"],"picked":"Well Laid Plans","floor":18},{"not_picked":["Underhanded Strike","Cloak And Dagger"],"picked":"Predator+1","floor":20},{"not_picked":["Outmaneuver","Backflip"],"picked":"Crippling Poison+1","floor":22},{"not_picked":["Predator","PiercingWail","Flechettes"],"picked":"Singing Bowl","floor":24},{"not_picked":["Outmaneuver","Acrobatics","Tactician"],"picked":"Singing Bowl","floor":30},{"not_picked":["Slice","Backflip"],"picked":"Acrobatics+1","floor":31},{"not_picked":["Unload","Die Die Die"],"picked":"A Thousand Cuts+1","floor":33},{"not_picked":["Concentrate+1","Outmaneuver"],"picked":"Catalyst+1","floor":35},{"not_picked":["PiercingWail","Outmaneuver","Flying Knee+1"],"picked":"Singing Bowl","floor":36},{"not_picked":["Calculated Gamble+1","Blade Dance"],"picked":"Escape Plan+1","floor":38},{"not_picked":["Madness","Panacea","Finesse"],"picked":"Singing Bowl","floor":39},{"not_picked":["Sucker Punch","Calculated Gamble+1","Quick Slash"],"picked":"Singing Bowl","floor":41},{"not_picked":["Flechettes","Eviscerate+1"],"picked":"Distraction+1","floor":45},{"not_picked":["Slice","Acrobatics"],"picked":"Infinite Blades+1","floor":46},{"not_picked":["Cloak And Dagger+1","Prepared+1"],"picked":"Crippling Poison","floor":48}],"player_experience":2631388,"relics_obtained":[{"floor":8,"key":"Vajra"},{"floor":9,"key":"Singing Bowl"},{"floor":13,"key":"Smiling Mask"},{"floor":26,"key":"Frozen Egg 2"},{"floor":43,"key":"Meat on the Bone"}],"event_choices":[{"event_name":"Scrap Ooze","player_choice":"success","floor":2,"damage_taken":7},{"event_name":"The Cleric","player_choice":"Card Removal","floor":3,"damage_taken":0},{"event_name":"World of Goop","player_choice":"Gather Gold","floor":4,"damage_taken":0},{"event_name":"Mushrooms","player_choice":"Healed and dodged fight","floor":7,"damage_taken":0},{"event_name":"Beggar","player_choice":"Ignored","floor":27,"damage_taken":0},{"event_name":"SensoryStone","player_choice":"Memory 1","floor":39,"damage_taken":0}],"is_beta":false,"boss_relics":[{"not_picked":["Ring of the Serpent","Black Star"],"picked":"Runic Dome"},{"not_picked":["Lizard Tail","Empty Cage"],"picked":"Astrolabe"}],"items_purged_floors":[11,19,21,28],"is_endless":false,"potions_floor_spawned":[8,10,13,16,22,24,30,31,35,41,45],"ascension_level":4}