{"gold_per_floor":[209,224,235,235,10,35,35,67,114,114],"floor_reached":10,"playtime":1121,"items_purged":[],"score":95,"play_id":"37ae275e-d72b-40a8-b45d-a6bbf17198c9","local_time":"20190106210150","is_ascension_mode":true,"campfire_choices":[],"neow_cost":"NONE","seed_source_timestamp":413400535360400,"circlet_count":0,"master_deck":["Defend_G","Defend_G","Defend_G","Defend_G","Defend_G","Strike_G","Strike_G","Strike_G","Strike_G","Strike_G","Survivor","Neutralize","Adrenaline","Burst","Backstab","Catalyst"],"relics":["Ring of the Snake","Meat on the Bone","Dream Catcher","Pocketwatch","Prayer Wheel","Boot"],"potions_floor_usage":[6,8,10],"damage_taken":[{"damage":2,"enemies":"2 Louse","floor":1,"turns":4},{"damage":1,"enemies":"Jaw Worm","floor":2,"turns":6},{"damage":0,"enemies":"Cultist","floor":3,"turns":4},{"damage":15,"enemies":"3 Sentries","floor":6,"turns":13},{"damage":34,"enemies":"Gremlin Nob","floor":8,"turns":5},{"damage":43,"enemies":"Lagavulin","floor":10,"turns":9}],"seed_played":"-5027420234105590384","potions_obtained":[{"floor":2,"key":"Explosive Potion"},{"floor":3,"key":"AttackPotion"},{"floor":8,"key":"Weak Potion"}],"is_trial":false,"path_per_floor":["M","M","M","?","$","E","?","E","T","E"],"character_chosen":"THE_SILENT","items_purchased":["Burst","Backstab"],"campfire_rested":0,"item_purchase_floors":[5,5],"current_hp_per_floor":[68,67,67,64,64,49,49,27,27,0],"gold":114,"neow_bonus":"HUNDRED_GOLD","is_prod":false,"is_daily":false,"chose_seed":false,"campfire_upgraded":0,"win_rate":0,"timestamp":1546804910,"path_taken":["M","M","M","?","$","E","?","E","T","E"],"build_version":"2019-01-03v4","purchased_purges":0,"victory":false,"max_hp_per_floor":[70,70,70,70,70,70,70,70,70,70],"card_choices":[{"not_picked":["Backflip","Dagger Spray","Bouncing Flask"],"picked":"SKIP","floor":1},{"not_picked":["Bane","Acrobatics","Outmaneuver"],"picked":"SKIP","floor":2},{"not_picked":["All Out Attack","Backflip"],"picked":"Adrenaline","floor":3},{"not_picked":["Deflect","Glass Knife"],"picked":"Catalyst","floor":6},{"not_picked":["Bane","Backflip","Outmaneuver"],"picked":"SKIP","floor":8}],"player_experience":837063,"relics_obtained":[{"floor":6,"key":"Dream Catcher"},{"floor":8,"key":"Prayer Wheel"},{"floor":9,"key":"Boot"}],"event_choices":[{"damage_healed":0,"gold_gain":0,"player_choice":"Success","damage_taken":3,"relics_obtained":["Meat on the Bone"],"max_hp_gain":0,"max_hp_loss":0,"event_name":"Scrap Ooze","floor":4,"gold_loss":0},{"damage_healed":0,"gold_gain":0,"player_choice":"Searched \u00271\u0027 times","damage_taken":0,"relics_obtained":["Pocketwatch"],"max_hp_gain":0,"max_hp_loss":0,"event_name":"Dead Adventurer","floor":7,"gold_loss":0}],"is_beta":false,"boss_relics":[],"items_purged_floors":[],"is_endless":false,"potions_floor_spawned":[2,3,8],"killed_by":"Lagavulin","ascension_level":5}