{"gold_per_floor":[13,13,27,37,48,48,67,67,67,99,99,124,135,155,155,254,254,272,286,259,278,296,296,324,122,145,156,156,106,106],"floor_reached":30,"playtime":1503,"items_purged":["Strike_R","Strike_R"],"score":277,"play_id":"dab07fb6-1218-4d6d-b876-fea01022bb06","local_time":"20190107174416","is_ascension_mode":true,"campfire_choices":[{"data":"Armaments","floor":6,"key":"SMITH"},{"data":"Warcry","floor":8,"key":"SMITH"},{"data":"Disarm","floor":15,"key":"SMITH"},{"data":"Exhume","floor":23,"key":"SMITH"}],"neow_cost":"NO_GOLD","seed_source_timestamp":1294467325171388,"circlet_count":0,"master_deck":["Strike_R","Defend_R","Defend_R","Defend_R","Defend_R","Bash","Pommel Strike","Warcry+1","Armaments+1","Seeing Red","Exhume","Burning Pact","Seeing Red","Disarm+1","Exhume+1","Sentinel+1","Intimidate","Dual Wield","True Grit","Intimidate","Seeing Red+1","Warcry"],"relics":["Burning Blood","Blood Vial","Meat on the Bone","The Courier","Orichalcum","Philosopher\u0027s Stone","Red Skull","Membership Card","Dream Catcher"],"potions_floor_usage":[10,27],"damage_taken":[{"damage":6,"enemies":"Jaw Worm","floor":1,"turns":4},{"damage":0,"enemies":"Small Slimes","floor":3,"turns":3},{"damage":6,"enemies":"Cultist","floor":4,"turns":3},{"damage":17,"enemies":"Looter","floor":5,"turns":4},{"damage":1,"enemies":"2 Fungi Beasts","floor":7,"turns":4},{"damage":16,"enemies":"Gremlin Nob","floor":10,"turns":4},{"damage":40,"enemies":"Lagavulin","floor":12,"turns":9},{"damage":4,"enemies":"Blue Slaver","floor":13,"turns":4},{"damage":5,"enemies":"Exordium Thugs","floor":14,"turns":4},{"damage":27,"enemies":"The Guardian","floor":16,"turns":19},{"damage":31,"enemies":"Spheric Guardian","floor":18,"turns":9},{"damage":0,"enemies":"Chosen","floor":19,"turns":5},{"damage":14,"enemies":"Centurion and Healer","floor":21,"turns":10},{"damage":27,"enemies":"Snecko","floor":22,"turns":10},{"damage":4,"enemies":"Book of Stabbing","floor":24,"turns":9},{"damage":31,"enemies":"Shelled Parasite and Fungi","floor":27,"turns":12},{"damage":10,"enemies":"Sentry and Sphere","floor":30,"turns":3}],"seed_played":"2549572658523099121","potions_obtained":[{"floor":4,"key":"AttackPotion"},{"floor":5,"key":"Fire Potion"},{"floor":10,"key":"Regen Potion"},{"floor":13,"key":"Energy Potion"},{"floor":28,"key":"Strength Potion"}],"is_trial":false,"path_per_floor":["M","?","M","M","M","R","M","R","T","E","?","E","M","M","R","B",null,"M","M","$","M","M","R","E","$","T","M","?","$","M"],"character_chosen":"IRONCLAD","items_purchased":["Dual Wield","Membership Card"],"campfire_rested":0,"item_purchase_floors":[20,25],"current_hp_per_floor":[80,55,63,65,56,56,63,63,63,55,80,58,62,65,65,58,80,55,63,63,57,50,50,54,54,54,58,58,58,50],"gold":106,"neow_bonus":"REMOVE_TWO","is_prod":false,"is_daily":false,"chose_seed":false,"campfire_upgraded":4,"win_rate":0,"timestamp":1546901056,"path_taken":["M","?","M","M","M","R","M","R","T","E","?","E","M","M","R","BOSS","M","M","$","M","M","R","E","$","T","M","?","$","?"],"build_version":"2019-01-03v4","purchased_purges":2,"victory":false,"max_hp_per_floor":[80,80,80,80,80,80,80,80,80,80,80,80,80,80,80,80,80,80,80,80,80,80,80,80,80,80,80,80,80,80],"card_choices":[{"not_picked":["Hemokinesis","Reckless Charge"],"picked":"Pommel Strike","floor":1},{"not_picked":["Reckless Charge","Clothesline","Anger"],"picked":"SKIP","floor":3},{"not_picked":["Battle Trance","Iron Wave"],"picked":"Warcry","floor":4},{"not_picked":["Anger","Dual Wield"],"picked":"Armaments","floor":5},{"not_picked":["Shrug It Off","Rampage"],"picked":"Seeing Red","floor":7},{"not_picked":["Rampage","Pommel Strike"],"picked":"Exhume","floor":10},{"not_picked":["Demon Form","Reckless Charge"],"picked":"Burning Pact","floor":12},{"not_picked":["Shrug It Off","Thunderclap"],"picked":"Seeing Red","floor":13},{"not_picked":["Havoc","Armaments"],"picked":"Disarm","floor":14},{"not_picked":["Brutality","Feed"],"picked":"Exhume","floor":16},{"not_picked":["Battle Trance","Warcry"],"picked":"Sentinel+1","floor":18},{"not_picked":["Metallicize","Infernal Blade"],"picked":"Intimidate","floor":19},{"not_picked":["Seeing Red","Heavy Blade"],"picked":"True Grit","floor":21},{"not_picked":["Heavy Blade","Cleave+1"],"picked":"Intimidate","floor":22},{"not_picked":["Intimidate+1","Combust"],"picked":"Seeing Red+1","floor":24},{"not_picked":["Infernal Blade","Wild Strike"],"picked":"Warcry","floor":27}],"player_experience":482268,"relics_obtained":[{"floor":9,"key":"Meat on the Bone"},{"floor":10,"key":"The Courier"},{"floor":12,"key":"Orichalcum"},{"floor":24,"key":"Red Skull"},{"floor":26,"key":"Dream Catcher"}],"event_choices":[{"damage_healed":0,"gold_gain":0,"player_choice":"Success","damage_taken":25,"relics_obtained":["Blood Vial"],"max_hp_gain":0,"max_hp_loss":0,"event_name":"Scrap Ooze","floor":2,"gold_loss":0},{"damage_healed":26,"gold_gain":0,"player_choice":"Banana","damage_taken":0,"max_hp_gain":0,"max_hp_loss":0,"event_name":"Big Fish","floor":11,"gold_loss":0},{"damage_healed":0,"gold_gain":0,"player_choice":"Got Potions","damage_taken":0,"max_hp_gain":0,"max_hp_loss":0,"event_name":"Lab","floor":28,"gold_loss":0}],"is_beta":false,"boss_relics":[{"not_picked":["White Beast Statue","Sozu"],"picked":"Philosopher\u0027s Stone"}],"items_purged_floors":[25,29],"is_endless":false,"potions_floor_spawned":[4,5,10,13,16,18,24],"killed_by":"Sentry and Sphere","ascension_level":1}