{"gold_per_floor":[369,387,387,15,27,27,43,103,155,55,68,68,68],"floor_reached":13,"playtime":494,"items_purged":["Strike_R","Strike_R"],"score":131,"play_id":"a0674cf1-2bb1-47b1-a46c-42f4f278872f","local_time":"20190204032827","is_ascension_mode":true,"campfire_choices":[{"data":"Searing Blow+1","floor":6,"key":"SMITH"},{"data":"Searing Blow+2","floor":12,"key":"SMITH"}],"neow_cost":"TEN_PERCENT_HP_LOSS","seed_source_timestamp":2021791639663671,"circlet_count":0,"master_deck":["AscendersBane","Strike_R+1","Strike_R+1","Strike_R","Defend_R","Defend_R+1","Defend_R","Defend_R","Bash","Combust","Searing Blow+3","Armaments+1","Bandage Up","Armaments","Shrug It Off","Shrug It Off"],"relics":["Burning Blood","War Paint","Lantern","Whetstone"],"potions_floor_usage":[2,13],"damage_taken":[{"damage":5,"enemies":"Small Slimes","floor":1,"turns":4},{"damage":10,"enemies":"Jaw Worm","floor":2,"turns":3},{"damage":3,"enemies":"Cultist","floor":5,"turns":3},{"damage":15,"enemies":"Exordium Wildlife","floor":7,"turns":3},{"damage":32,"enemies":"Lagavulin Event","floor":8,"turns":5},{"damage":21,"enemies":"2 Fungi Beasts","floor":11,"turns":5},{"damage":55,"enemies":"Gremlin Nob","floor":13,"turns":5}],"seed_played":"-6958338173167918964","potions_obtained":[{"floor":1,"key":"Poison Potion"},{"floor":2,"key":"SpeedPotion"}],"is_trial":false,"path_per_floor":["M","M","?","$","M","R","M","?","T","$","M","R","E"],"character_chosen":"IRONCLAD","items_purchased":["Armaments","War Paint","Bandage Up"],"campfire_rested":0,"item_purchase_floors":[4,4,4],"current_hp_per_floor":[68,64,64,64,68,68,63,41,41,41,30,30,0],"gold":68,"neow_bonus":"TWO_FIFTY_GOLD","is_prod":false,"is_daily":false,"chose_seed":false,"campfire_upgraded":2,"win_rate":0,"timestamp":1549268907,"path_taken":["M","M","?","$","M","R","M","?","T","$","M","R","E"],"build_version":"2019-01-23","purchased_purges":2,"victory":false,"max_hp_per_floor":[68,68,68,68,68,68,68,68,68,68,68,68,68],"card_choices":[{"not_picked":["Uppercut","Flex"],"picked":"Combust","floor":1},{"not_picked":["Battle Trance","Body Slam"],"picked":"Searing Blow","floor":2},{"not_picked":["Iron Wave","Reckless Charge","True Grit"],"picked":"SKIP","floor":5},{"not_picked":["Clash","Blood for Blood"],"picked":"Armaments","floor":7},{"not_picked":["Havoc","True Grit"],"picked":"Shrug It Off","floor":8},{"not_picked":["Shockwave","Warcry"],"picked":"Shrug It Off","floor":11}],"player_experience":522101,"relics_obtained":[{"floor":8,"key":"Lantern"},{"floor":9,"key":"Whetstone"}],"event_choices":[{"damage_healed":0,"gold_gain":0,"player_choice":"Grow","damage_taken":0,"max_hp_gain":0,"max_hp_loss":0,"event_name":"Living Wall","floor":3,"gold_loss":0,"cards_upgraded":["Searing Blow"]},{"damage_healed":0,"gold_gain":0,"player_choice":"Searched \u00271\u0027 times","damage_taken":0,"max_hp_gain":0,"max_hp_loss":0,"event_name":"Dead Adventurer","floor":8,"gold_loss":0}],"is_beta":false,"boss_relics":[],"items_purged_floors":[4,10],"is_endless":false,"potions_floor_spawned":[1,2],"killed_by":"Gremlin Nob","ascension_level":15}