{"gold_per_floor":[109,128,140,215,64,64,78,78,105,119,119,132,147,56,56,158,158,169,169,187,187,187,187,43,54,81,106,106,21,21,32,32,128,128,138,360,370,384,398,398,1,1,1,18,18,38,38,57,57,57],"floor_reached":51,"playtime":1553,"items_purged":["Shame"],"score":716,"play_id":"ed252759-0ba0-421d-98f3-4bb2bf78f3e5","local_time":"20190204085453","is_ascension_mode":false,"campfire_choices":[{"data":"Defragment","floor":6,"key":"SMITH"},{"data":"Zap","floor":8,"key":"SMITH"},{"data":"Defragment","floor":15,"key":"SMITH"},{"data":"Lockon","floor":23,"key":"SMITH"},{"data":"Go for the Eyes","floor":30,"key":"SMITH"},{"data":"Hologram","floor":32,"key":"SMITH"},{"data":"Fission","floor":40,"key":"SMITH"},{"data":"Dualcast","floor":42,"key":"SMITH"},{"floor":47,"key":"REST"},{"floor":49,"key":"REST"}],"neow_cost":"NONE","seed_source_timestamp":17363578994937,"circlet_count":0,"master_deck":["Strike_B+1","Strike_B+1","Strike_B+1","Strike_B+1","Defend_B+1","Defend_B+1","Defend_B+1","Defend_B+1","Zap+1","Dualcast+1","Coolheaded","Defragment+1","Conserve Battery","Conserve Battery","Lockon+1","Go for the Eyes+1","Defragment+1","Hologram+1","Biased Cognition","Compile Driver+1","Storm+1","Ghostly","Ghostly","Ghostly","Ghostly","Ghostly","Capacitor","Conserve Battery","Conserve Battery","Melter+1","Fission+1","Skim+1","Stack+1","Cold Snap+1","Stack","Strike_R","Stack+1","Echo Form"],"relics":["Cracked Core","NeowsBlessing","DataDisk","Dream Catcher","Busted Crown","Nilry\u0027s Codex","Happy Flower","Orichalcum","Red Mask","Philosopher\u0027s Stone","OrangePellets","Whetstone","Molten Egg 2"],"potions_floor_usage":[7,20,27,44,46,50,50,50],"damage_taken":[{"damage":0,"enemies":"2 Louse","floor":1,"turns":1},{"damage":0,"enemies":"Small Slimes","floor":2,"turns":1},{"damage":0,"enemies":"Jaw Worm","floor":3,"turns":1},{"damage":0,"enemies":"3 Louse","floor":7,"turns":1},{"damage":0,"enemies":"Large Slime","floor":10,"turns":7},{"damage":5,"enemies":"Looter","floor":12,"turns":3},{"damage":0,"enemies":"Red Slaver","floor":13,"turns":3},{"damage":7,"enemies":"The Guardian","floor":16,"turns":10},{"damage":7,"enemies":"Shell Parasite","floor":18,"turns":5},{"damage":0,"enemies":"3 Byrds","floor":20,"turns":1},{"damage":0,"enemies":"3 Cultists","floor":25,"turns":5},{"damage":0,"enemies":"Masked Bandits","floor":27,"turns":5},{"damage":4,"enemies":"Shelled Parasite and Fungi","floor":31,"turns":4},{"damage":20,"enemies":"Automaton","floor":33,"turns":10},{"damage":0,"enemies":"3 Darklings","floor":35,"turns":5},{"damage":0,"enemies":"Orb Walker","floor":37,"turns":4},{"damage":21,"enemies":"Maw","floor":38,"turns":6},{"damage":0,"enemies":"Spire Growth","floor":39,"turns":3},{"damage":5,"enemies":"Writhing Mass","floor":44,"turns":3},{"damage":15,"enemies":"4 Shapes","floor":46,"turns":5},{"damage":0,"enemies":"Transient","floor":48,"turns":5},{"damage":10,"enemies":"Time Eater","floor":50,"turns":10}],"seed_played":"3631330739043448513","potions_obtained":[{"floor":1,"key":"FocusPotion"},{"floor":3,"key":"Explosive Potion"},{"floor":10,"key":"Explosive Potion"},{"floor":13,"key":"PowerPotion"},{"floor":18,"key":"FocusPotion"},{"floor":20,"key":"Swift Potion"},{"floor":27,"key":"Regen Potion"},{"floor":44,"key":"Explosive Potion"},{"floor":48,"key":"Swift Potion"}],"is_trial":false,"path_per_floor":["M","M","M","?","$","R","M","R","T","M","?","M","M","$","R","B",null,"M","?","M","?","?","R","$","M","T","?","?","$","R","M","R","B",null,"M","?","M","M","M","R","$","R","T","M","?","M","R","M","R","B",null],"character_chosen":"DEFECT","items_purchased":["DataDisk","Defragment","Hologram","Capacitor","Conserve Battery","Melter","OrangePellets","Whetstone","Stack"],"campfire_rested":2,"item_purchase_floors":[5,14,14,24,29,29,41,41,41],"current_hp_per_floor":[75,75,75,64,64,64,64,64,64,64,64,59,59,59,59,52,75,68,52,52,52,37,37,37,37,37,37,37,37,37,33,33,13,37,37,37,37,16,16,16,16,16,16,16,16,1,12,12,23,13],"gold":57,"neow_bonus":"THREE_ENEMY_KILL","is_prod":false,"is_daily":false,"chose_seed":false,"campfire_upgraded":8,"win_rate":0,"timestamp":1549292093,"path_taken":["M","M","M","?","$","R","M","R","T","M","?","M","M","$","R","BOSS","M","?","M","?","?","R","$","M","T","?","?","$","R","M","R","BOSS","M","?","M","M","M","R","$","R","T","M","?","M","R","M","R","BOSS"],"build_version":"2019-01-23","purchased_purges":1,"victory":true,"max_hp_per_floor":[75,75,75,75,75,75,75,75,75,75,75,75,75,75,75,75,75,75,75,75,75,37,37,37,37,37,37,37,37,37,37,37,37,37,37,37,37,37,37,37,37,37,37,37,37,37,37,37,37,37],"card_choices":[{"not_picked":["Steam","Double Energy"],"picked":"Coolheaded","floor":1},{"not_picked":["Rebound","White Noise"],"picked":"Defragment","floor":2},{"not_picked":["Compile Driver","Auto Shields"],"picked":"Conserve Battery","floor":3},{"not_picked":["BootSequence","Compile Driver"],"picked":"Conserve Battery","floor":7},{"not_picked":["Beam Cell","Recycle"],"picked":"Lockon","floor":10},{"not_picked":["Stack","FTL"],"picked":"Go for the Eyes","floor":12},{"not_picked":["Steam","Barrage","Redo"],"picked":"SKIP","floor":13},{"not_picked":["Reboot","All For One"],"picked":"Biased Cognition","floor":16},{"not_picked":[],"picked":"Compile Driver","floor":18},{"not_picked":[],"picked":"Storm+1","floor":20},{"not_picked":[],"picked":"Conserve Battery","floor":25},{"not_picked":[],"picked":"Beam Cell+1","floor":31},{"not_picked":[],"picked":"Fission","floor":33},{"not_picked":["Steam"],"picked":"SKIP","floor":35},{"not_picked":[],"picked":"Skim+1","floor":37},{"not_picked":[],"picked":"Stack+1","floor":38},{"not_picked":[],"picked":"Cold Snap+1","floor":39},{"not_picked":["Barrage+1"],"picked":"SKIP","floor":44},{"not_picked":[],"picked":"Stack+1","floor":46},{"not_picked":[],"picked":"Echo Form","floor":48}],"player_experience":745121,"relics_obtained":[{"floor":9,"key":"Dream Catcher"},{"floor":19,"key":"Nilry\u0027s Codex"},{"floor":26,"key":"Orichalcum"},{"floor":27,"key":"Red Mask"},{"floor":43,"key":"Molten Egg 2"}],"event_choices":[{"damage_healed":0,"gold_gain":75,"player_choice":"Gather Gold","damage_taken":11,"max_hp_gain":0,"max_hp_loss":0,"event_name":"World of Goop","floor":4,"gold_loss":0},{"damage_healed":0,"gold_gain":0,"player_choice":"Leave","damage_taken":0,"max_hp_gain":0,"max_hp_loss":0,"event_name":"The Cleric","floor":11,"gold_loss":0},{"damage_healed":0,"gold_gain":0,"player_choice":"Obtained Book","damage_taken":16,"max_hp_gain":0,"max_hp_loss":0,"event_name":"Cursed Tome","floor":19,"gold_loss":0},{"damage_healed":0,"gold_gain":0,"player_choice":"Stole Relic","damage_taken":0,"relics_obtained":["Happy Flower"],"max_hp_gain":0,"max_hp_loss":0,"event_name":"Addict","floor":21,"gold_loss":0,"cards_obtained":["Shame"]},{"damage_healed":0,"gold_gain":0,"player_choice":"Became a Ghost","damage_taken":0,"max_hp_gain":0,"max_hp_loss":38,"event_name":"Ghosts","floor":22,"gold_loss":0,"cards_obtained":["Ghostly","Ghostly","Ghostly","Ghostly","Ghostly"]},{"damage_healed":0,"gold_gain":0,"player_choice":"Fought Bandits","damage_taken":0,"max_hp_gain":0,"max_hp_loss":0,"event_name":"Masked Bandits","floor":27,"gold_loss":0},{"damage_healed":0,"gold_gain":0,"player_choice":"Simplicity","damage_taken":0,"max_hp_gain":0,"max_hp_loss":0,"event_name":"Back to Basics","floor":28,"gold_loss":0,"cards_upgraded":["Strike_B","Strike_B","Strike_B","Strike_B","Defend_B","Defend_B","Defend_B","Defend_B"]},{"damage_healed":0,"gold_gain":222,"player_choice":"Wore Mask","damage_taken":0,"max_hp_gain":0,"max_hp_loss":0,"event_name":"Tomb of Lord Red Mask","floor":36,"gold_loss":0},{"cards_removed":["Beam Cell"],"damage_healed":0,"gold_gain":0,"player_choice":"Took Card","damage_taken":0,"max_hp_gain":0,"max_hp_loss":0,"event_name":"NoteForYourself","floor":45,"gold_loss":0,"cards_obtained":["Strike_R"]}],"is_beta":false,"boss_relics":[{"not_picked":["Black Star","White Beast Statue"],"picked":"Busted Crown"},{"not_picked":["Nuclear Battery","Pandora\u0027s Box"],"picked":"Philosopher\u0027s Stone"}],"items_purged_floors":[24],"is_endless":false,"potions_floor_spawned":[1,3,10,13,18,20,27,31,39,44,48],"ascension_level":0}