{"path_per_floor":["M","?","?","?","M","R","E","R","T","M","M","M","M","?","R","B",null,"M","?","?","M","M","R","E","R","T","?","?","E","T","E","R"],"character_chosen":"DEFECT","items_purchased":[],"gold_per_floor":[113,113,113,113,132,132,163,163,163,175,187,207,219,219,219,316,316,329,254,254,271,282,282,311,311,311,311,311,337,362,388,388,388],"floor_reached":33,"campfire_rested":0,"playtime":3544,"item_purchase_floors":[],"current_hp_per_floor":[74,74,59,52,52,52,43,43,43,43,43,33,33,33,33,5,75,71,71,71,57,57,57,55,55,55,55,55,15,15,15,15,0],"items_purged":[],"gold":388,"score":344,"play_id":"eb9f866f-9550-4c6b-95a1-5b52856740f7","local_time":"20180608212127","is_prod":false,"is_daily":false,"chose_seed":false,"is_ascension_mode":true,"campfire_upgraded":6,"win_rate":0,"timestamp":1528514487,"campfire_choices":[{"data":"Zap","floor":6,"key":"SMITH"},{"data":"Conserve Battery","floor":8,"key":"SMITH"},{"data":"Dualcast","floor":15,"key":"SMITH"},{"data":"White Noise","floor":23,"key":"SMITH"},{"data":"Echo Form","floor":25,"key":"SMITH"},{"data":"BootSequence","floor":32,"key":"SMITH"}],"path_taken":["M","?","?","?","M","R","E","R","T","?","M","M","M","?","R","BOSS","M","?","?","M","M","R","E","R","T","?","?","E","?","E","R","BOSS"],"build_version":"2018-06-07v3","seed_source_timestamp":533501498199708,"purchased_purges":0,"victory":false,"master_deck":["Strike_B","Defend_B+1","Defend_B+1","Zap+1","Dualcast+1","Auto Shields","Conserve Battery+1","Barrage","Machine Learning","Cold Snap","Glacier","Echo Form+1","BootSequence+1","White Noise+1","Reboot","Loop+1"],"max_hp_per_floor":[75,75,75,75,75,75,75,75,75,75,75,75,75,75,75,75,75,75,75,75,75,75,75,75,75,75,75,75,77,77,77,77,77],"relics":["Cracked Core","The Courier","Toolbox","Potion Belt","Nuclear Battery","Art of War","Singing Bowl","Shuriken","Orichalcum","Omamori"],"card_choices":[{"not_picked":["Sweeping Beam","Storm","Steam"],"picked":"SKIP","floor":1},{"not_picked":["Darkness","Storm"],"picked":"Conserve Battery","floor":5},{"not_picked":["Redo","Go for the Eyes"],"picked":"Barrage","floor":7},{"not_picked":["Hello World","Compile Driver","Rebound"],"picked":"SKIP","floor":10},{"not_picked":["Stack","Conserve Battery"],"picked":"Machine Learning","floor":11},{"not_picked":["Darkness","Ball Lightning"],"picked":"Cold Snap","floor":12},{"not_picked":["Force Field","Sweeping Beam"],"picked":"Glacier","floor":13},{"not_picked":["Thunder Strike","Electrodynamics"],"picked":"Echo Form","floor":16},{"not_picked":["Reprogram","Beam Cell+1"],"picked":"BootSequence","floor":18},{"not_picked":["Cold Snap","Ball Lightning","Tempest+1"],"picked":"SKIP","floor":21},{"not_picked":["Aggregate","Steam+1"],"picked":"White Noise","floor":22},{"not_picked":["Auto Shields+1","Hologram+1"],"picked":"Reboot","floor":24},{"not_picked":["Coolheaded","Sweeping Beam","Undo+1"],"picked":"Singing Bowl","floor":29},{"not_picked":["Hologram+1","Reinforced Body+1"],"picked":"Loop+1","floor":31}],"player_experience":135434,"potions_floor_usage":[13,16,29,29],"damage_taken":[{"damage":1,"enemies":"Cultist","floor":1,"turns":4},{"damage":0,"enemies":"Small Slimes","floor":5,"turns":4},{"damage":9,"enemies":"3 Sentries","floor":7,"turns":9},{"damage":0,"enemies":"2 Louse","floor":10,"turns":3},{"damage":0,"enemies":"Looter","floor":11,"turns":3},{"damage":10,"enemies":"Exordium Thugs","floor":12,"turns":6},{"damage":0,"enemies":"Lots of Slimes","floor":13,"turns":2},{"damage":28,"enemies":"Slime Boss","floor":16,"turns":15},{"damage":6,"enemies":"Chosen","floor":18,"turns":8},{"damage":14,"enemies":"3 Byrds","floor":21,"turns":5},{"damage":0,"enemies":"3 Cultists","floor":22,"turns":6},{"damage":2,"enemies":"Book of Stabbing","floor":24,"turns":7},{"damage":42,"enemies":"Gremlin Leader","floor":29,"turns":13},{"damage":0,"enemies":"Book of Stabbing","floor":31,"turns":7},{"damage":18,"enemies":"Automaton","floor":33,"turns":10}],"relics_obtained":[{"floor":7,"key":"The Courier"},{"floor":9,"key":"Toolbox"},{"floor":24,"key":"Art of War"},{"floor":26,"key":"Singing Bowl"},{"floor":29,"key":"Shuriken"},{"floor":30,"key":"Orichalcum"},{"floor":31,"key":"Omamori"}],"event_choices":[{"event_name":"Transmorgrifier","player_choice":"Transform","floor":2,"damage_taken":0},{"event_name":"Shining Light","player_choice":"Entered Light","floor":3,"damage_taken":0},{"event_name":"Golden Wing","player_choice":"Card Removal","floor":4,"damage_taken":0},{"event_name":"Big Fish","player_choice":"Box","floor":14,"damage_taken":0},{"event_name":"Beggar","player_choice":"Gave Gold","floor":19,"damage_taken":0},{"event_name":"Back to Basics","player_choice":"Elegance","floor":20,"damage_taken":0},{"event_name":"Bonfire Elementals","player_choice":"BASIC","floor":27,"damage_taken":0},{"event_name":"Purifier","player_choice":"One Purge","floor":28,"damage_taken":0}],"boss_relics":[{"not_picked":["Philosopher\u0027s Stone","Sozu"],"picked":"Nuclear Battery"}],"items_purged_floors":[],"potions_floor_spawned":[7,10,11,12,13,22],"seed_played":"-7639182617974790785","killed_by":"Automaton","ascension_level":1,"potions_obtained":[{"floor":7,"key":"GamblersBrew"},{"floor":10,"key":"Energy Potion"},{"floor":11,"key":"Energy Potion"},{"floor":12,"key":"Energy Potion"},{"floor":13,"key":"Strength Potion"},{"floor":22,"key":"GamblersBrew"}],"is_trial":false}