{"gold_per_floor":[112,112,112,130,130,162,162,11,311,346,365,365,365,383,383,480,480,494,188,43,56,66,96,96,96,96,96,128,139,172,182,182,284,284,302,318,318,318,336,336,355,387,387,422,422,422,422,455,455,455,455,455,32,58,58],"floor_reached":55,"playtime":5372,"items_purged":["Strike_B"],"score":1096,"play_id":"94f67118-2224-4477-91c7-318aa9cc5ade","local_time":"20190121155006","is_ascension_mode":true,"campfire_choices":[{"data":"Zap","floor":7,"key":"SMITH"},{"data":"White Noise","floor":12,"key":"SMITH"},{"floor":15,"key":"REST"},{"data":"Buffer","floor":24,"key":"SMITH"},{"data":"Defragment","floor":27,"key":"SMITH"},{"data":"Buffer","floor":32,"key":"SMITH"},{"data":"Conserve Battery","floor":40,"key":"SMITH"},{"floor":47,"key":"RECALL"},{"data":"Coolheaded","floor":49,"key":"SMITH"},{"data":"White Noise","floor":52,"key":"SMITH"}],"neow_cost":"TEN_PERCENT_HP_LOSS","seed_source_timestamp":1016934034675595,"circlet_count":0,"master_deck":["Strike_B","Strike_B+1","Defend_B","Defend_B","Defend_B","Zap+1","Dualcast","Coolheaded+1","Ball Lightning+1","BootSequence","FTL","White Noise+1","Conserve Battery+1","Buffer+1","Conserve Battery+1","Defragment+1","Core Surge","Buffer+1","Melter","White Noise+1","Force Field+1","Blizzard+1","Loop+1","Echo Form","Double Energy+1"],"relics":["Cracked Core","Nunchaku","Thread and Needle","Oddly Smooth Stone","Old Coin","Blue Candle","Velvet Choker","Omamori","Gambling Chip","Bottled Lightning","Cables","Nuclear Battery","Sundial","Ginger","Torii","Bronze Scales","Unceasing Top","Strange Spoon","Ice Cream"],"potions_floor_usage":[16,23,28,30,42,55,55,55],"damage_taken":[{"damage":0,"enemies":"Small Slimes","floor":1,"turns":2},{"damage":0,"enemies":"Cultist","floor":4,"turns":3},{"damage":14,"enemies":"Lagavulin","floor":6,"turns":5},{"damage":6,"enemies":"3 Sentries","floor":10,"turns":5},{"damage":0,"enemies":"2 Louse","floor":11,"turns":1},{"damage":0,"enemies":"Exordium Wildlife","floor":14,"turns":2},{"damage":0,"enemies":"The Guardian","floor":16,"turns":9},{"damage":0,"enemies":"Chosen","floor":18,"turns":4},{"damage":10,"enemies":"2 Thieves","floor":21,"turns":4},{"damage":1,"enemies":"3 Cultists","floor":22,"turns":5},{"damage":0,"enemies":"Slavers","floor":23,"turns":4},{"damage":0,"enemies":"Book of Stabbing","floor":28,"turns":6},{"damage":0,"enemies":"Centurion and Healer","floor":29,"turns":6},{"damage":0,"enemies":"Gremlin Leader","floor":30,"turns":6},{"damage":0,"enemies":"Snake Plant","floor":31,"turns":2},{"damage":0,"enemies":"Champ","floor":33,"turns":11},{"damage":0,"enemies":"Orb Walker","floor":35,"turns":4},{"damage":0,"enemies":"3 Shapes","floor":36,"turns":5},{"damage":0,"enemies":"Writhing Mass","floor":39,"turns":5},{"damage":0,"enemies":"Maw","floor":41,"turns":7},{"damage":38,"enemies":"Giant Head","floor":42,"turns":12},{"damage":0,"enemies":"Nemesis","floor":44,"turns":9},{"damage":0,"enemies":"Giant Head","floor":48,"turns":10},{"damage":9,"enemies":"Time Eater","floor":50,"turns":10},{"damage":2,"enemies":"Shield and Spear","floor":54,"turns":9},{"damage":63,"enemies":"The Heart","floor":55,"turns":6}],"seed_played":"446344396852758044","potions_obtained":[{"floor":4,"key":"Ancient Potion"},{"floor":10,"key":"Explosive Potion"},{"floor":14,"key":"FocusPotion"},{"floor":18,"key":"SpeedPotion"},{"floor":22,"key":"AttackPotion"},{"floor":23,"key":"LiquidBronze"},{"floor":30,"key":"Strength Potion"},{"floor":41,"key":"SpeedPotion"},{"floor":42,"key":"Strength Potion"},{"floor":44,"key":"Strength Potion"}],"is_trial":false,"path_per_floor":["M","?","?","M","?","E","R","$","T","E","M","R","?","M","R","B",null,"M","$","$","M","M","E","R","?","T","R","E","M","E","M","R","B",null,"M","M","?","?","M","R","M","E","T","E","?","?","R","E","R","B",null,"R","$","E","B"],"character_chosen":"DEFECT","items_purchased":["Oddly Smooth Stone","Defragment","Omamori","Core Surge","Echo Form","Strange Spoon","LiquidBronze"],"campfire_rested":1,"item_purchase_floors":[8,19,19,20,53,53,53],"current_hp_per_floor":[68,61,61,61,47,33,33,33,33,27,27,27,27,27,47,47,68,68,68,68,58,57,57,57,57,57,57,57,57,57,57,57,57,68,68,68,65,65,65,65,65,27,27,27,65,65,65,65,65,56,65,65,65,63,0],"gold":58,"neow_bonus":"ONE_RARE_RELIC","is_prod":false,"is_daily":false,"chose_seed":false,"campfire_upgraded":8,"win_rate":0,"timestamp":1548107406,"path_taken":["M","?","?","?","?","E","R","?","T","E","?","R","?","?","R","BOSS","M","?","$","M","M","E","R","?","T","R","E","M","E","M","R","BOSS","M","M","?","?","?","R","M","E","T","E","?","?","R","E","R","BOSS","R","$","E","BOSS"],"build_version":"2019-01-17v2","purchased_purges":1,"victory":false,"max_hp_per_floor":[68,68,68,68,68,68,68,68,68,68,68,68,68,68,68,68,68,68,68,68,68,68,68,68,68,68,68,68,68,68,68,68,68,68,68,68,65,65,65,65,65,65,65,65,65,65,65,65,65,65,65,65,65,65,65],"card_choices":[{"not_picked":["Beam Cell","Rebound"],"picked":"Coolheaded","floor":1},{"not_picked":["Steam","Gash"],"picked":"Ball Lightning","floor":4},{"not_picked":["Compile Driver","Reinforced Body"],"picked":"BootSequence","floor":6},{"not_picked":["Auto Shields","Amplify"],"picked":"FTL","floor":10},{"not_picked":["Turbo","Cold Snap"],"picked":"White Noise","floor":11},{"not_picked":["Barrage","Melter"],"picked":"Conserve Battery","floor":14},{"not_picked":["Machine Learning","Multi-Cast"],"picked":"Buffer","floor":16},{"not_picked":["Streamline","Hologram+1"],"picked":"Conserve Battery+1","floor":18},{"not_picked":["Ball Lightning","Consume","Redo"],"picked":"SKIP","floor":21},{"not_picked":["Gash","Turbo","Double Energy"],"picked":"SKIP","floor":22},{"not_picked":["Rebound","Conserve Battery","Coolheaded+1"],"picked":"SKIP","floor":23},{"not_picked":["Seek","Gash"],"picked":"Buffer","floor":28},{"not_picked":["Beam Cell+1","Reprogram+1"],"picked":"Melter","floor":29},{"not_picked":["Amplify","Steam+1"],"picked":"White Noise","floor":30},{"not_picked":["Coolheaded","Beam Cell+1","Chill"],"picked":"SKIP","floor":31},{"not_picked":["Steam+1","Turbo","Stack"],"picked":"SKIP","floor":35},{"not_picked":["Stack","Streamline","Leap+1"],"picked":"SKIP","floor":36},{"not_picked":["Scrape+1","Stack+1"],"picked":"Force Field+1","floor":39},{"not_picked":["Conserve Battery+1","Seek"],"picked":"Blizzard+1","floor":41},{"not_picked":["Chill","Lockon+1","Turbo+1"],"picked":"SKIP","floor":42},{"not_picked":["Conserve Battery","Self Repair"],"picked":"Loop+1","floor":44},{"not_picked":["Streamline","Auto Shields","Multi-Cast"],"picked":"SKIP","floor":48},{"not_picked":["Redo+1","Steam+1"],"picked":"Double Energy+1","floor":54}],"player_experience":275203,"relics_obtained":[{"floor":6,"key":"Thread and Needle"},{"floor":9,"key":"Old Coin"},{"floor":10,"key":"Blue Candle"},{"floor":23,"key":"Gambling Chip"},{"floor":28,"key":"Bottled Lightning"},{"floor":30,"key":"Cables"},{"floor":42,"key":"Ginger"},{"floor":43,"key":"Torii"},{"floor":44,"key":"Bronze Scales"},{"floor":48,"key":"Unceasing Top"},{"floor":54,"key":"Ice Cream"}],"event_choices":[{"cards_removed":["Defend_B"],"damage_healed":0,"gold_gain":0,"player_choice":"Card Removal","damage_taken":7,"max_hp_gain":0,"max_hp_loss":0,"event_name":"Golden Wing","floor":2,"gold_loss":0},{"damage_healed":0,"gold_gain":0,"player_choice":"Bought 0 Potions","damage_taken":0,"max_hp_gain":0,"max_hp_loss":0,"event_name":"The Woman in Blue","floor":3,"gold_loss":0},{"damage_healed":0,"gold_gain":0,"player_choice":"Entered Light","damage_taken":14,"max_hp_gain":0,"max_hp_loss":0,"event_name":"Shining Light","floor":5,"gold_loss":0,"cards_upgraded":["Strike_B","Ball Lightning"]},{"cards_removed":["Strike_B"],"damage_healed":0,"gold_gain":0,"player_choice":"Card Removal","damage_taken":0,"max_hp_gain":0,"max_hp_loss":0,"event_name":"Wheel of Change","floor":13,"gold_loss":0},{"damage_healed":0,"gold_gain":0,"player_choice":"Ignored","damage_taken":0,"max_hp_gain":0,"max_hp_loss":0,"event_name":"Cursed Tome","floor":25,"gold_loss":0},{"damage_healed":0,"gold_gain":0,"player_choice":"Max HP","damage_taken":0,"max_hp_gain":0,"max_hp_loss":3,"event_name":"Winding Halls","floor":37,"gold_loss":0},{"damage_healed":0,"gold_gain":0,"player_choice":"Gave Potion","damage_taken":0,"relics_obtained":["Sundial"],"max_hp_gain":0,"max_hp_loss":0,"event_name":"WeMeetAgain","floor":38,"gold_loss":0},{"damage_healed":38,"gold_gain":0,"player_choice":"Heal","damage_taken":0,"max_hp_gain":0,"max_hp_loss":0,"event_name":"MindBloom","floor":45,"gold_loss":0,"cards_obtained":["Doubt"]},{"damage_healed":0,"gold_gain":0,"player_choice":"Ignored","damage_taken":0,"max_hp_gain":0,"max_hp_loss":0,"event_name":"Tomb of Lord Red Mask","floor":46,"gold_loss":0}],"is_beta":false,"boss_relics":[{"not_picked":["Fusion Hammer","Snecko Eye"],"picked":"Velvet Choker"},{"not_picked":["Coffee Dripper","Runic Dome"],"picked":"Nuclear Battery"}],"items_purged_floors":[19],"is_endless":false,"potions_floor_spawned":[4,10,14,18,22,23,30,41,42,44],"killed_by":"The Heart","ascension_level":1}