{"path_per_floor":["M","M","?","M","M","E","?","E","T","R","M","M","M","E","R","B",null,"M","M","M","M"],"character_chosen":"IRONCLAD","items_purchased":[],"gold_per_floor":[114,133,208,218,237,270,270,300,300,300,314,334,345,378,378,473,473,493,508,525,541],"floor_reached":22,"campfire_rested":1,"playtime":1759,"current_hp_per_floor":[77,78,67,70,57,49,49,15,15,39,45,51,57,60,60,9,80,80,68,54,44],"items_purged":[],"gold":541,"score":233,"play_id":"97ac38ce-2441-4ba3-b2a6-98163c69b400","local_time":"20180322132335","is_prod":false,"is_daily":false,"is_ascension_mode":true,"campfire_upgraded":1,"timestamp":1521746615,"path_taken":["M","M","?","M","M","E","?","E","T","R","M","M","?","E","R","BOSS","M","M","M","M","?"],"build_version":"2018-03-15v3","purchased_purges":0,"victory":false,"master_deck":["Strike_R","Strike_R","Strike_R","Strike_R","Strike_R","Defend_R","Defend_R","Defend_R","Defend_R","Bash+1","Rampage+1","Heavy Blade","Whirlwind","Pommel Strike","Dropkick"],"max_hp_per_floor":[80,80,80,80,80,80,80,80,80,80,80,80,80,80,80,80,80,80,80,80,80],"relics":["Burning Blood","Smiling Mask","Dream Catcher","Thread and Needle","Blood Vial","Sozu"],"card_choices":[{"not_picked":["Dark Embrace","Headbutt"],"picked":"Rampage"},{"not_picked":["Searing Blow","Carnage"],"picked":"Heavy Blade"},{"not_picked":["Headbutt","Twin Strike"],"picked":"Whirlwind"},{"not_picked":["Havoc","Warcry"],"picked":"Pommel Strike"},{"not_picked":["Flame Barrier","Intimidate"],"picked":"Dropkick"}],"player_experience":89642,"potions_floor_usage":[],"damage_taken":[{"damage":9.0,"enemies":"2 Louse","floor":1.0,"turns":3.0},{"damage":5.0,"enemies":"Small Slimes","floor":2.0,"turns":4.0},{"damage":3.0,"enemies":"Jaw Worm","floor":4.0,"turns":5.0},{"damage":19.0,"enemies":"Blue Slaver","floor":5.0,"turns":4.0},{"damage":14.0,"enemies":"3 Sentries","floor":6.0,"turns":8.0},{"damage":40.0,"enemies":"Lagavulin","floor":8.0,"turns":8.0},{"damage":0.0,"enemies":"Lots of Slimes","floor":11.0,"turns":3.0},{"damage":0.0,"enemies":"3 Louse","floor":12.0,"turns":4.0},{"damage":0.0,"enemies":"Gremlin Gang","floor":13.0,"turns":1.0},{"damage":3.0,"enemies":"3 Sentries","floor":14.0,"turns":8.0},{"damage":59.0,"enemies":"The Guardian","floor":16.0,"turns":10.0},{"damage":2.0,"enemies":"3 Byrds","floor":18.0,"turns":4.0},{"damage":18.0,"enemies":"Spheric Guardian","floor":19.0,"turns":4.0},{"damage":22.0,"enemies":"Snecko","floor":20.0,"turns":4.0},{"damage":18.0,"enemies":"Snake Plant","floor":21.0,"turns":3.0},{"damage":49,"enemies":"3 Cultists","floor":22,"turns":5}],"event_choices":[{"event_name":"World of Goop","player_choice":"Gather Gold","floor":3.0,"damage_taken":0.0},{"event_name":"Upgrade Shrine","player_choice":"Upgraded","floor":7.0,"damage_taken":0.0}],"boss_relics":[],"potions_floor_spawned":[1,6,8,12,16,19,21],"seed_played":"-1790140436371945827","killed_by":"3 Cultists","ascension_level":2,"is_trial":false}