{"gold_per_floor":[112,62,75,91,105,105,123,123,123,137,150,165,165,200,200,296,296,314,341,341,67,78,104,104,104,104,114,139,150,162,112,112,208,208,219,219,15,34,51,76,76,26,26,26,41,41,41,53,53,53],"floor_reached":51,"playtime":2473,"items_purged":["Strike_R","Strike_R","Defend_R","Defend_R"],"score":1057,"play_id":"0b21c79d-1aa0-4908-b190-bd67de89ecd1","local_time":"20181225173224","is_ascension_mode":true,"campfire_choices":[{"data":"Inflame","floor":6,"key":"SMITH"},{"data":"Uppercut","floor":13,"key":"SMITH"},{"floor":15,"key":"REST"},{"data":"Offering","floor":24,"key":"SMITH"},{"floor":32,"key":"REST"},{"data":"Brutality","floor":41,"key":"SMITH"},{"data":"Heavy Blade","floor":46,"key":"SMITH"},{"data":"Disarm","floor":49,"key":"SMITH"}],"neow_cost":"NONE","seed_source_timestamp":169547881144877,"circlet_count":0,"master_deck":["AscendersBane","Defend_R","Bash","Inflame+1","Iron Wave","Sword Boomerang","Pommel Strike","Heavy Blade+1","Thunderclap","Cleave","Uppercut+1","Battle Trance","Reaper","Iron Wave","Heavy Blade+1","Pummel","Offering+1","Disarm+1","True Grit+1","Corruption","Pummel","Power Through","Whirlwind+1","Pommel Strike+1","Brutality+1","Iron Wave+1","Sword Boomerang+1","Dark Embrace","Rupture","Flex+1"],"relics":["Burning Blood","Regal Pillow","Smiling Mask","Snecko Eye","Red Mask","Bronze Scales","Meat on the Bone","Ancient Tea Set","StoneCalendar","Runic Cube","Orichalcum","Oddly Smooth Stone","Gremlin Horn"],"potions_floor_usage":[14,16,19,23,28,29,40,40],"damage_taken":[{"damage":3,"enemies":"Jaw Worm","floor":1,"turns":5},{"damage":6,"enemies":"Small Slimes","floor":3,"turns":6},{"damage":5,"enemies":"Cultist","floor":4,"turns":5},{"damage":11,"enemies":"Blue Slaver","floor":5,"turns":6},{"damage":19,"enemies":"3 Louse","floor":7,"turns":3},{"damage":12,"enemies":"Exordium Thugs","floor":10,"turns":3},{"damage":7,"enemies":"2 Fungi Beasts","floor":11,"turns":3},{"damage":7,"enemies":"Looter","floor":12,"turns":3},{"damage":25,"enemies":"3 Sentries","floor":14,"turns":6},{"damage":41,"enemies":"The Guardian","floor":16,"turns":9},{"damage":17,"enemies":"Shell Parasite","floor":18,"turns":3},{"damage":12,"enemies":"Masked Bandits","floor":19,"turns":2},{"damage":30,"enemies":"2 Thieves","floor":22,"turns":3},{"damage":32,"enemies":"Gremlin Leader","floor":23,"turns":5},{"damage":14,"enemies":"Snecko","floor":27,"turns":4},{"damage":37,"enemies":"Slavers","floor":28,"turns":6},{"damage":6,"enemies":"Snake Plant","floor":29,"turns":2},{"damage":10,"enemies":"Centurion and Healer","floor":30,"turns":5},{"damage":68,"enemies":"Automaton","floor":33,"turns":7},{"damage":19,"enemies":"Orb Walker","floor":35,"turns":4},{"damage":24,"enemies":"3 Darklings","floor":38,"turns":4},{"damage":15,"enemies":"Maw","floor":39,"turns":7},{"damage":33,"enemies":"Reptomancer","floor":40,"turns":5},{"damage":14,"enemies":"Transient","floor":45,"turns":5},{"damage":4,"enemies":"3 Darklings","floor":48,"turns":2},{"damage":45,"enemies":"Time Eater","floor":50,"turns":7}],"seed_played":"2999084196401623492","potions_obtained":[{"floor":4,"key":"PowerPotion"},{"floor":10,"key":"Swift Potion"},{"floor":12,"key":"AttackPotion"},{"floor":22,"key":"Swift Potion"},{"floor":23,"key":"Block Potion"},{"floor":28,"key":"GamblersBrew"},{"floor":30,"key":"Block Potion"},{"floor":33,"key":"Ancient Potion"},{"floor":35,"key":"Swift Potion"},{"floor":39,"key":"GamblersBrew"},{"floor":45,"key":"Explosive Potion"}],"is_trial":false,"path_per_floor":["M","?","M","M","M","R","M","?","T","M","M","M","R","E","R","B",null,"M","?","?","$","M","E","R","?","T","M","E","M","M","$","R","B",null,"M","?","$","M","M","E","R","$","T","?","M","R","?","M","R","B",null],"character_chosen":"IRONCLAD","items_purchased":["Bronze Scales","Offering","Orichalcum"],"campfire_rested":2,"item_purchase_floors":[21,21,37],"current_hp_per_floor":[83,83,83,84,79,79,66,59,59,53,52,51,51,32,73,38,76,65,73,73,73,59,40,40,40,40,51,44,56,52,52,88,45,77,64,64,64,60,61,55,55,55,55,55,59,59,59,61,61,49],"gold":53,"neow_bonus":"TEN_PERCENT_HP_BONUS","is_prod":false,"is_daily":false,"chose_seed":false,"campfire_upgraded":6,"win_rate":0,"timestamp":1545777144,"path_taken":["M","?","M","M","M","R","M","?","T","M","M","M","R","E","R","BOSS","M","?","?","$","?","E","R","?","T","M","E","M","M","$","R","BOSS","M","?","$","M","M","E","R","?","T","?","M","R","?","M","R","BOSS"],"build_version":"2018-12-20","purchased_purges":4,"victory":true,"max_hp_per_floor":[88,88,88,88,88,88,88,88,88,88,88,88,88,88,88,88,88,88,88,88,88,88,88,88,88,88,88,88,88,88,88,88,88,88,88,88,88,88,88,88,88,88,88,88,88,88,84,84,84,84],"card_choices":[{"not_picked":["Pommel Strike","Cleave"],"picked":"Inflame","floor":1},{"not_picked":["Sentinel","Clothesline"],"picked":"Iron Wave","floor":3},{"not_picked":["Pommel Strike","Heavy Blade"],"picked":"Sword Boomerang","floor":4},{"not_picked":["Twin Strike","Wild Strike"],"picked":"Pommel Strike","floor":5},{"not_picked":["Ghostly Armor","Clothesline"],"picked":"Heavy Blade","floor":7},{"not_picked":["Flex","Rupture"],"picked":"Thunderclap","floor":10},{"not_picked":["Twin Strike","Hemokinesis"],"picked":"Cleave","floor":11},{"not_picked":["Berserk","Thunderclap"],"picked":"Uppercut","floor":12},{"not_picked":["Power Through","Headbutt"],"picked":"Battle Trance","floor":14},{"not_picked":["Barricade","Exhume"],"picked":"Reaper","floor":16},{"not_picked":["Thunderclap+1","Clothesline"],"picked":"Iron Wave","floor":18},{"not_picked":["Iron Wave","Body Slam+1"],"picked":"Heavy Blade+1","floor":19},{"not_picked":["Thunderclap","True Grit"],"picked":"Disarm","floor":22},{"not_picked":["Perfected Strike+1","Feel No Pain"],"picked":"True Grit+1","floor":23},{"not_picked":["Fire Breathing+1","True Grit+1"],"picked":"Pummel","floor":27},{"not_picked":["Twin Strike+1","Sword Boomerang+1"],"picked":"Power Through","floor":28},{"not_picked":["Warcry","Havoc"],"picked":"Whirlwind+1","floor":29},{"not_picked":["Feel No Pain","Sword Boomerang"],"picked":"Pommel Strike+1","floor":30},{"not_picked":["Immolate","Impervious"],"picked":"Brutality","floor":33},{"not_picked":["Warcry","Thunderclap+1"],"picked":"Iron Wave+1","floor":35},{"not_picked":["Body Slam","Cleave+1"],"picked":"Sword Boomerang+1","floor":38},{"not_picked":["Sword Boomerang","Thunderclap+1","Seeing Red"],"picked":"SKIP","floor":39},{"not_picked":["Dropkick","Sword Boomerang"],"picked":"Dark Embrace","floor":40},{"not_picked":["Spot Weakness","Heavy Blade+1"],"picked":"Rupture","floor":45},{"not_picked":["Havoc+1","Carnage"],"picked":"Flex+1","floor":48}],"player_experience":432954,"relics_obtained":[{"floor":9,"key":"Regal Pillow"},{"floor":14,"key":"Smiling Mask"},{"floor":19,"key":"Red Mask"},{"floor":23,"key":"Meat on the Bone"},{"floor":26,"key":"Ancient Tea Set"},{"floor":28,"key":"StoneCalendar"},{"floor":40,"key":"Oddly Smooth Stone"},{"floor":43,"key":"Gremlin Horn"}],"event_choices":[{"cards_removed":["Strike_R"],"damage_healed":0,"gold_gain":0,"player_choice":"Card Removal","damage_taken":0,"max_hp_gain":0,"max_hp_loss":0,"event_name":"The Cleric","floor":2,"gold_loss":50},{"cards_removed":["Strike_R"],"damage_healed":0,"gold_gain":0,"player_choice":"Card Removal","damage_taken":7,"max_hp_gain":0,"max_hp_loss":0,"event_name":"Golden Wing","floor":8,"gold_loss":0},{"damage_healed":0,"gold_gain":0,"player_choice":"Fought Bandits","damage_taken":0,"max_hp_gain":0,"max_hp_loss":0,"event_name":"Masked Bandits","floor":19,"gold_loss":0},{"damage_healed":0,"gold_gain":0,"cards_transformed":["Strike_R"],"player_choice":"Transformed","damage_taken":0,"max_hp_gain":0,"max_hp_loss":0,"event_name":"Transmorgrifier","floor":20,"gold_loss":0,"cards_obtained":["Pummel"]},{"damage_healed":0,"gold_gain":0,"player_choice":"Read","damage_taken":0,"max_hp_gain":0,"max_hp_loss":0,"event_name":"The Library","floor":25,"gold_loss":0,"cards_obtained":["Corruption"]},{"cards_removed":["Defend_R"],"damage_healed":0,"gold_gain":0,"player_choice":"Removed Skill","damage_taken":0,"max_hp_gain":0,"max_hp_loss":0,"event_name":"Falling","floor":36,"gold_loss":0},{"damage_healed":0,"gold_gain":0,"player_choice":"Ignored","damage_taken":0,"max_hp_gain":0,"max_hp_loss":0,"event_name":"Mysterious Sphere","floor":44,"gold_loss":0},{"damage_healed":0,"gold_gain":0,"player_choice":"Max HP","damage_taken":0,"max_hp_gain":0,"max_hp_loss":4,"event_name":"Winding Halls","floor":47,"gold_loss":0}],"is_beta":false,"boss_relics":[{"not_picked":["Black Blood","Calling Bell"],"picked":"Snecko Eye"},{"not_picked":["Empty Cage","Sozu"],"picked":"Runic Cube"}],"items_purged_floors":[21,31,37,42],"is_endless":false,"potions_floor_spawned":[4,10,12,22,23,28,30,33,35,39,45],"ascension_level":10}