{"gold_per_floor":[218,231,231,0,15,26,60,72,72,72,87,87,104,104,104,233,233,256,279,45,69,92,92,131,145,169,169,185,185,228,228,228,228],"floor_reached":33,"playtime":1405,"items_purged":["Strike_R"],"score":466,"play_id":"86973228-cc5e-4284-8b7f-4e24d2d51a38","local_time":"20181231102059","is_ascension_mode":true,"campfire_choices":[{"data":"Armaments","floor":10,"key":"SMITH"},{"data":"Sword Boomerang","floor":12,"key":"SMITH"},{"data":"Uppercut","floor":15,"key":"SMITH"},{"floor":23,"key":"REST"},{"floor":29,"key":"REST"},{"floor":32,"key":"REST"}],"neow_cost":"NONE","seed_source_timestamp":484574649217153,"circlet_count":0,"master_deck":["AscendersBane","Strike_R+1","Strike_R+1","Strike_R+1","Strike_R+1","Defend_R+1","Defend_R+1","Defend_R+1","Defend_R+1","Bash","Sword Boomerang+1","Anger","Armaments+1","Uppercut+1","Sword Boomerang","Flex","Iron Wave","Shrug It Off+1","Offering+1","True Grit+1","Inflame"],"relics":["Burning Blood","Oddly Smooth Stone","Boot","Toxic Egg 2","Golden Idol","Velvet Choker","ClockworkSouvenir","Bag of Preparation","Lantern","Prayer Wheel"],"potions_floor_usage":[7,16,21,22,24,30,30],"damage_taken":[{"damage":1,"enemies":"Cultist","floor":1,"turns":4},{"damage":12,"enemies":"Jaw Worm","floor":2,"turns":2},{"damage":2,"enemies":"2 Louse","floor":5,"turns":3},{"damage":0,"enemies":"Exordium Wildlife","floor":6,"turns":4},{"damage":30,"enemies":"Lagavulin","floor":7,"turns":9},{"damage":0,"enemies":"2 Fungi Beasts","floor":8,"turns":3},{"damage":6,"enemies":"3 Louse","floor":11,"turns":3},{"damage":0,"enemies":"Blue Slaver","floor":13,"turns":3},{"damage":36,"enemies":"Hexaghost","floor":16,"turns":11},{"damage":16,"enemies":"Spheric Guardian","floor":18,"turns":4},{"damage":16,"enemies":"Shell Parasite","floor":19,"turns":3},{"damage":6,"enemies":"Sentry and Sphere","floor":21,"turns":3},{"damage":21,"enemies":"Shelled Parasite and Fungi","floor":22,"turns":4},{"damage":37,"enemies":"Slavers","floor":24,"turns":5},{"damage":8,"enemies":"Centurion and Healer","floor":25,"turns":4},{"damage":18,"enemies":"Sentry and Sphere","floor":28,"turns":5},{"damage":27,"enemies":"Gremlin Leader","floor":30,"turns":7},{"damage":48,"enemies":"Champ","floor":33,"turns":7}],"seed_played":"-2360797037237919226","potions_obtained":[{"floor":5,"key":"Swift Potion"},{"floor":6,"key":"BloodPotion"},{"floor":7,"key":"Explosive Potion"},{"floor":13,"key":"AttackPotion"},{"floor":21,"key":"Energy Potion"},{"floor":22,"key":"Poison Potion"},{"floor":25,"key":"PowerPotion"},{"floor":28,"key":"AttackPotion"}],"is_trial":false,"path_per_floor":["M","M","?","$","M","M","E","M","T","R","M","R","M","?","R","B",null,"M","M","$","M","M","R","E","M","T","?","M","R","E","?","R","B"],"character_chosen":"IRONCLAD","items_purchased":["Oddly Smooth Stone","Inflame","ClockworkSouvenir"],"campfire_rested":3,"item_purchase_floors":[4,20,20],"current_hp_per_floor":[77,71,55,55,59,65,49,55,55,55,55,55,61,41,41,11,63,53,43,43,43,28,52,21,19,19,19,7,31,10,10,34,0],"gold":228,"neow_bonus":"HUNDRED_GOLD","is_prod":false,"is_daily":false,"chose_seed":false,"campfire_upgraded":3,"win_rate":0,"timestamp":1546269659,"path_taken":["M","?","?","$","M","M","E","M","T","R","M","R","M","?","R","BOSS","M","M","$","M","M","R","E","M","T","?","M","R","E","?","R","BOSS"],"build_version":"2018-12-25","purchased_purges":1,"victory":false,"max_hp_per_floor":[80,80,80,80,80,80,80,80,80,80,80,80,80,80,80,80,80,80,80,80,80,80,80,80,80,80,80,80,80,80,80,80,80],"card_choices":[{"not_picked":["Havoc","Body Slam"],"picked":"Sword Boomerang","floor":1},{"not_picked":["Intimidate","Disarm"],"picked":"Anger","floor":2},{"not_picked":["Ghostly Armor","Twin Strike"],"picked":"Armaments","floor":5},{"not_picked":["Entrench","Flame Barrier"],"picked":"Uppercut","floor":6},{"not_picked":["Iron Wave","Reckless Charge"],"picked":"Sword Boomerang","floor":7},{"not_picked":["True Grit","Cleave"],"picked":"Flex","floor":8},{"not_picked":["Clash","Exhume+1"],"picked":"Iron Wave","floor":11},{"not_picked":["Cleave","Ghostly Armor+1"],"picked":"Shrug It Off+1","floor":13},{"not_picked":["Exhume+1","Feed"],"picked":"Offering+1","floor":16},{"not_picked":["Wild Strike+1","Clothesline"],"picked":"True Grit+1","floor":18},{"not_picked":["Havoc+1","Bloodletting+1","Uppercut"],"picked":"SKIP","floor":19},{"not_picked":["Intimidate+1","Entrench+1","Iron Wave"],"picked":"SKIP","floor":21},{"not_picked":["Havoc+1","Anger","Burning Pact+1"],"picked":"SKIP","floor":22},{"not_picked":["Clash","Warcry+1","Dropkick"],"picked":"SKIP","floor":24},{"not_picked":["Headbutt","Brutality","Burning Pact+1"],"picked":"SKIP","floor":25},{"not_picked":["Pommel Strike","Iron Wave","Pummel"],"picked":"SKIP","floor":28},{"not_picked":["Clothesline","Headbutt","Clash"],"picked":"SKIP","floor":30}],"player_experience":597708,"relics_obtained":[{"floor":7,"key":"Boot"},{"floor":9,"key":"Toxic Egg 2"},{"floor":24,"key":"Bag of Preparation"},{"floor":26,"key":"Lantern"},{"floor":30,"key":"Prayer Wheel"}],"event_choices":[{"damage_healed":0,"gold_gain":0,"player_choice":"Entered Light","damage_taken":16,"max_hp_gain":0,"max_hp_loss":0,"event_name":"Shining Light","floor":3,"gold_loss":0,"cards_upgraded":["Defend_R","Defend_R"]},{"damage_healed":0,"gold_gain":0,"player_choice":"Take Damage","damage_taken":20,"relics_obtained":["Golden Idol"],"max_hp_gain":0,"max_hp_loss":0,"event_name":"Golden Idol","floor":14,"gold_loss":0},{"damage_healed":0,"gold_gain":0,"player_choice":"Ignored","damage_taken":0,"max_hp_gain":0,"max_hp_loss":0,"event_name":"Ghosts","floor":27,"gold_loss":0},{"damage_healed":0,"gold_gain":0,"player_choice":"Simplicity","damage_taken":0,"max_hp_gain":0,"max_hp_loss":0,"event_name":"Back to Basics","floor":31,"gold_loss":0,"cards_upgraded":["Strike_R","Strike_R","Strike_R","Strike_R","Defend_R","Defend_R"]}],"is_beta":true,"boss_relics":[{"not_picked":["Empty Cage","Snecko Eye"],"picked":"Velvet Choker"}],"items_purged_floors":[4],"is_endless":false,"potions_floor_spawned":[5,6,7,13,21,22,25,28],"killed_by":"Champ","ascension_level":12}