{"gold_per_floor":[115,127,51,68,84,84,94,94,119,119,130,130,61,91,91,167,167,186,200,16,16,32,32,43,60,83,83,83,83,101,120,120,194,194,213,103,114,125,143,143,155,155,155,155,30,30,30,43,43,43],"floor_reached":51,"playtime":3951,"items_purged":["Accuracy+1"],"score":1068,"play_id":"5e8aa9c7-9de9-4b3b-bb12-d7b7abb50b89","local_time":"20181024135241","is_ascension_mode":true,"campfire_choices":[{"data":"Neutralize","floor":6,"key":"SMITH"},{"data":"Catalyst","floor":8,"key":"SMITH"},{"data":"Deadly Poison","floor":12,"key":"SMITH"},{"data":"Catalyst","floor":15,"key":"SMITH"},{"data":"Noxious Fumes","floor":23,"key":"SMITH"},{"data":"Catalyst","floor":27,"key":"SMITH"},{"floor":29,"key":"REST"},{"floor":32,"key":"REST"},{"data":"Leg Sweep","floor":40,"key":"SMITH"},{"floor":42,"key":"REST"},{"data":"Survivor","floor":47,"key":"SMITH"},{"floor":49,"key":"REST"}],"neow_cost":"NONE","seed_source_timestamp":1219665337181299,"circlet_count":0,"master_deck":["Defend_G","Defend_G","Defend_G","Defend_G+1","Defend_G","Strike_G+1","Strike_G+1","Survivor+1","Neutralize+1","AscendersBane","Catalyst+1","Flying Knee","Catalyst+1","Catalyst+1","Deadly Poison+1","Deadly Poison+1","Distraction","Backflip+1","Tools of the Trade","Acrobatics","Noxious Fumes+1","Sucker Punch","Leg Sweep+1","Adrenaline","Blur+1","After Image","Expertise+1","Riddle With Holes+1","Backstab","PiercingWail","Writhe"],"relics":["Ring of the Snake","Boot","Pen Nib","Whetstone","Velvet Choker","War Paint","Ancient Tea Set","Astrolabe","Darkstone Periapt","Juzu Bracelet"],"potions_floor_usage":[14,16,22,50,50],"damage_taken":[{"damage":0,"enemies":"Jaw Worm","floor":1,"turns":5},{"damage":1,"enemies":"2 Louse","floor":2,"turns":3},{"damage":1,"enemies":"Cultist","floor":4,"turns":4},{"damage":16,"enemies":"Looter","floor":5,"turns":5},{"damage":4,"enemies":"Large Slime","floor":7,"turns":7},{"damage":2,"enemies":"2 Fungi Beasts","floor":11,"turns":4},{"damage":14,"enemies":"3 Sentries","floor":14,"turns":9},{"damage":6,"enemies":"Hexaghost","floor":16,"turns":4},{"damage":0,"enemies":"Chosen","floor":18,"turns":4},{"damage":1,"enemies":"3 Byrds","floor":19,"turns":5},{"damage":8,"enemies":"Centurion and Healer","floor":22,"turns":5},{"damage":1,"enemies":"Sentry and Sphere","floor":24,"turns":4},{"damage":13,"enemies":"3 Cultists","floor":25,"turns":5},{"damage":18,"enemies":"Snake Plant","floor":30,"turns":3},{"damage":0,"enemies":"Snecko","floor":31,"turns":2},{"damage":29,"enemies":"Collector","floor":33,"turns":3},{"damage":0,"enemies":"Orb Walker","floor":35,"turns":2},{"damage":1,"enemies":"3 Shapes","floor":37,"turns":4},{"damage":4,"enemies":"Spire Growth","floor":38,"turns":3},{"damage":0,"enemies":"Writhing Mass","floor":39,"turns":2},{"damage":8,"enemies":"4 Shapes","floor":41,"turns":9},{"damage":19,"enemies":"3 Darklings","floor":48,"turns":6},{"damage":51,"enemies":"Time Eater","floor":50,"turns":12}],"seed_played":"7075545950635090785","potions_obtained":[{"floor":1,"key":"Swift Potion"},{"floor":7,"key":"Strength Potion"},{"floor":11,"key":"Fire Potion"},{"floor":19,"key":"SkillPotion"},{"floor":25,"key":"Dexterity Potion"},{"floor":31,"key":"Energy Potion"},{"floor":33,"key":"Poison Potion"},{"floor":48,"key":"Dexterity Potion"}],"is_trial":false,"path_per_floor":["M","M","$","M","M","R","M","R","T","?","M","R","$","E","R","B",null,"M","M","$","?","M","R","M","M","T","R","?","R","M","M","R","B",null,"M","$","M","M","M","R","M","R","T","?","?","?","R","M","R","B"],"character_chosen":"THE_SILENT","items_purchased":["Catalyst","Distraction","Noxious Fumes","War Paint","Backstab"],"campfire_rested":4,"item_purchase_floors":[3,13,20,20,36],"current_hp_per_floor":[59,58,58,57,41,41,37,37,37,37,35,35,35,21,21,15,53,53,52,52,52,44,44,43,30,30,30,30,49,31,31,50,21,55,55,55,54,50,50,50,42,61,61,61,61,72,72,53,72,21],"gold":43,"neow_bonus":"RANDOM_COMMON_RELIC","is_prod":false,"is_daily":false,"chose_seed":false,"campfire_upgraded":8,"win_rate":0,"timestamp":1540403561,"path_taken":["M","M","$","M","M","R","M","R","T","?","M","R","$","E","R","BOSS","M","M","$","?","M","R","M","M","T","R","?","R","M","M","R","BOSS","M","$","M","M","M","R","M","R","T","?","?","?","R","M","R","BOSS"],"build_version":"2018-10-18","purchased_purges":1,"victory":true,"max_hp_per_floor":[66,66,66,66,66,66,66,66,66,66,66,66,66,66,66,66,66,66,66,66,66,66,66,66,66,66,66,66,66,66,66,66,66,66,66,66,66,66,66,66,66,66,66,66,66,72,72,72,72,72],"card_choices":[{"not_picked":["Deflect","Bane"],"picked":"Catalyst","floor":1},{"not_picked":["Bane","Prepared"],"picked":"Flying Knee","floor":2},{"not_picked":["Slice","PiercingWail"],"picked":"Catalyst","floor":4},{"not_picked":["Flying Knee","Bane","Concentrate"],"picked":"SKIP","floor":5},{"not_picked":["Infinite Blades","Underhanded Strike"],"picked":"Deadly Poison","floor":7},{"not_picked":["Distraction","Poisoned Stab"],"picked":"Deadly Poison","floor":11},{"not_picked":["Eviscerate","Dodge and Roll"],"picked":"Backflip","floor":14},{"not_picked":["Venomology","Doppelganger"],"picked":"Tools of the Trade","floor":16},{"not_picked":["Caltrops","Prepared","Cloak And Dagger"],"picked":"SKIP","floor":18},{"not_picked":["Quick Slash","Predator"],"picked":"Acrobatics","floor":19},{"not_picked":["Prepared","Bane","Cloak And Dagger"],"picked":"SKIP","floor":22},{"not_picked":["Dodge and Roll","Dagger Throw+1"],"picked":"Sucker Punch","floor":24},{"not_picked":["Escape Plan","Dash"],"picked":"Leg Sweep","floor":25},{"not_picked":["Caltrops","Backflip+1"],"picked":"Adrenaline","floor":30},{"not_picked":["Concentrate","Blade Dance"],"picked":"Blur+1","floor":31},{"not_picked":["Grand Finale","Unload"],"picked":"After Image","floor":33},{"not_picked":["Dodge and Roll","Expertise","Prepared"],"picked":"SKIP","floor":35},{"not_picked":["Bane","Heel Hook","Masterful Stab"],"picked":"SKIP","floor":37},{"not_picked":["Dodge and Roll","Flying Knee"],"picked":"PiercingWail","floor":38},{"not_picked":["Backstab","Dagger Spray+1","Tactician"],"picked":"SKIP","floor":39},{"not_picked":["Deflect","Poisoned Stab","Prepared"],"picked":"SKIP","floor":41},{"not_picked":["Backstab","Choke","Dagger Spray+1"],"picked":"SKIP","floor":48}],"player_experience":3163862,"relics_obtained":[{"floor":9,"key":"Pen Nib"},{"floor":14,"key":"Whetstone"},{"floor":26,"key":"Ancient Tea Set"},{"floor":43,"key":"Darkstone Periapt"}],"event_choices":[{"damage_healed":0,"gold_gain":0,"player_choice":"Grow","damage_taken":0,"max_hp_gain":0,"max_hp_loss":0,"event_name":"Living Wall","floor":10,"gold_loss":0,"cards_upgraded":["Deadly Poison"]},{"damage_healed":0,"gold_gain":0,"player_choice":"Ignored","damage_taken":0,"max_hp_gain":0,"max_hp_loss":0,"event_name":"Beggar","floor":21,"gold_loss":0},{"damage_healed":0,"gold_gain":0,"player_choice":"Ignored","damage_taken":0,"max_hp_gain":0,"max_hp_loss":0,"event_name":"Vampires","floor":28,"gold_loss":0},{"damage_healed":0,"gold_gain":0,"player_choice":"Ignored","damage_taken":0,"max_hp_gain":0,"max_hp_loss":0,"event_name":"Mysterious Sphere","floor":44,"gold_loss":0},{"damage_healed":0,"gold_gain":0,"player_choice":"Paid Gold","damage_taken":0,"relics_obtained":["Juzu Bracelet"],"max_hp_gain":0,"max_hp_loss":0,"event_name":"WeMeetAgain","floor":45,"gold_loss":125},{"damage_healed":17,"gold_gain":0,"player_choice":"Writhe","damage_taken":0,"max_hp_gain":0,"max_hp_loss":0,"event_name":"Winding Halls","floor":46,"gold_loss":0,"cards_obtained":["Writhe"]}],"is_beta":false,"boss_relics":[{"not_picked":["Busted Crown","Ectoplasm"],"picked":"Velvet Choker"},{"not_picked":["Runic Dome","Tiny House"],"picked":"Astrolabe"}],"items_purged_floors":[36],"is_endless":false,"potions_floor_spawned":[1,7,11,19,25,31,33,41,48],"ascension_level":14}