{"gold_per_floor":[110,129,139,139,154,185,185,212,237,303,325,347,359,371,383,492,504,532,469,287,287,306,306,340,340],"floor_reached":25,"playtime":1158,"items_purged":["Strike_G"],"score":323,"play_id":"b928eaad-99e1-446b-8b70-929b0106565d","local_time":"20190114224033","is_ascension_mode":true,"campfire_choices":[{"floor":7.0,"key":"REST"},{"floor":15.0,"key":"REST"},{"floor":23,"key":"REST"}],"neow_cost":"TEN_PERCENT_HP_LOSS","seed_source_timestamp":77643139231231,"circlet_count":0,"master_deck":["Defend_G","Defend_G","Defend_G","Defend_G","Defend_G+1","Strike_G","Strike_G+1","Strike_G+1","Survivor","Neutralize+1","Die Die Die","Dagger Throw","Skewer","Bouncing Flask","Blur","Malaise","Deadly Poison","Corpse Explosion","Catalyst","Footwork"],"special_seed":0,"relics":["Ring of the Serpent","Smiling Mask","Whetstone","MawBank","Tiny Chest","Strawberry","Ancient Tea Set","MutagenicStrength","Blue Candle"],"potions_floor_usage":[24,24],"damage_taken":[{"damage":7.0,"enemies":"Small Slimes","floor":1.0,"turns":4.0},{"damage":11.0,"enemies":"Jaw Worm","floor":2.0,"turns":4.0},{"damage":1.0,"enemies":"Cultist","floor":3.0,"turns":3.0},{"damage":6.0,"enemies":"Blue Slaver","floor":5.0,"turns":5.0},{"damage":11.0,"enemies":"3 Sentries","floor":6.0,"turns":5.0},{"damage":27.0,"enemies":"Lagavulin","floor":8.0,"turns":6.0},{"damage":0.0,"enemies":"Large Slime","floor":11.0,"turns":6.0},{"damage":0.0,"enemies":"2 Fungi Beasts","floor":12.0,"turns":2.0},{"damage":22.0,"enemies":"The Guardian","floor":16.0,"turns":10.0},{"damage":30.0,"enemies":"Spheric Guardian","floor":18.0,"turns":5.0},{"damage":16,"enemies":"Chosen","floor":22,"turns":6},{"damage":14,"enemies":"Slavers","floor":24,"turns":2},{"damage":19,"enemies":"Shelled Parasite and Fungi","floor":25,"turns":4}],"seed_played":"-5057793216091805279","potions_obtained":[{"floor":3.0,"key":"Regen Potion"},{"floor":5.0,"key":"Fire Potion"},{"floor":11.0,"key":"Weak Potion"},{"floor":16.0,"key":"SkillPotion"},{"floor":18.0,"key":"SpeedPotion"}],"is_trial":false,"path_per_floor":["M","M","M","?","M","E","R","E","T","T","M","M","?","?","R","B",null,"M","?","$","?","M","R","E","M"],"character_chosen":"THE_SILENT","items_purchased":["Ancient Tea Set"],"campfire_rested":3,"item_purchase_floors":[20],"current_hp_per_floor":[56,45,44,31,25,28,46,19,19,19,19,19,19,8,29,7,54,24,24,24,24,8,29,15,0],"gold":340,"neow_bonus":"THREE_RARE_CARDS","is_prod":false,"is_daily":false,"chose_seed":false,"campfire_upgraded":0,"win_rate":0,"timestamp":1547527233,"path_taken":["M","M","M","?","M","E","R","E","T","?","M","?","?","?","R","BOSS","M","?","$","?","M","R","E","M"],"build_version":"2019-01-10","purchased_purges":1,"victory":false,"max_hp_per_floor":[63,63,63,63,63,63,63,63,63,63,63,63,63,70,70,70,70,70,70,70,70,70,70,70,70],"card_choices":[{"not_picked":["Storm of Steel","Night Terror"],"picked":"Die Die Die","floor":0.0},{"not_picked":["Sucker Punch","Choke"],"picked":"Dagger Throw","floor":1.0},{"not_picked":["Heel Hook","Deflect"],"picked":"Skewer","floor":2.0},{"not_picked":["Outmaneuver","Setup"],"picked":"Bouncing Flask","floor":3.0},{"not_picked":["Deadly Poison","Blade Dance","Skewer"],"picked":"SKIP","floor":5.0},{"not_picked":["Quick Slash","PiercingWail"],"picked":"Blur","floor":6.0},{"not_picked":["Blade Dance","Outmaneuver"],"picked":"Malaise","floor":8.0},{"not_picked":["Underhanded Strike","Poisoned Stab"],"picked":"Deadly Poison","floor":11.0},{"not_picked":["Quick Slash","Poisoned Stab","Outmaneuver"],"picked":"SKIP","floor":12.0},{"not_picked":["Die Die Die","Unload"],"picked":"Corpse Explosion","floor":16.0},{"not_picked":["Deflect","Outmaneuver"],"picked":"Catalyst","floor":18.0},{"not_picked":["Poisoned Stab","Concentrate","Dagger Spray"],"picked":"SKIP","floor":22},{"not_picked":["Escape Plan+1","Backstab+1"],"picked":"Footwork","floor":24}],"player_experience":167552,"relics_obtained":[{"floor":6.0,"key":"Smiling Mask"},{"floor":8.0,"key":"Whetstone"},{"floor":9.0,"key":"MawBank"},{"floor":10.0,"key":"Tiny Chest"},{"floor":24,"key":"Blue Candle"}],"event_choices":[{"damage_healed":0.0,"max_hp_gain":0.0,"max_hp_loss":0.0,"gold_gain":0.0,"event_name":"Shining Light","player_choice":"Entered Light","floor":4.0,"gold_loss":0.0,"damage_taken":13.0,"cards_upgraded":["Strike_G","Defend_G"]},{"damage_healed":0.0,"max_hp_gain":0.0,"max_hp_loss":0.0,"gold_gain":0.0,"event_name":"Dead Adventurer","player_choice":"Searched \u00270\u0027 times","floor":13.0,"gold_loss":0.0,"damage_taken":0.0},{"damage_healed":0.0,"max_hp_gain":0.0,"max_hp_loss":0.0,"gold_gain":0.0,"event_name":"Scrap Ooze","player_choice":"Success","floor":14.0,"gold_loss":0.0,"damage_taken":18.0,"relics_obtained":["Strawberry"]},{"cards_removed":["Strike_G"],"damage_healed":0,"gold_gain":0,"player_choice":"Gave Gold","damage_taken":0,"max_hp_gain":0,"max_hp_loss":0,"event_name":"Beggar","floor":19,"gold_loss":75},{"damage_healed":0,"gold_gain":0,"player_choice":"Inject Mutagens","damage_taken":0,"relics_obtained":["MutagenicStrength"],"max_hp_gain":0,"max_hp_loss":0,"event_name":"Drug Dealer","floor":21,"gold_loss":0}],"is_beta":false,"boss_relics":[{"not_picked":["Snecko Eye","Empty Cage"],"picked":"Ring of the Serpent"}],"items_purged_floors":[20],"is_endless":false,"potions_floor_spawned":[3,5,11,16,18],"killed_by":"Shelled Parasite and Fungi","ascension_level":8}