{"gold_per_floor":[116,130,148,133,36,62,137,137,160,183,195,207],"floor_reached":12,"playtime":434,"items_purged":["Strike_R"],"score":132,"play_id":"6d8c12ea-aea3-47d3-aa76-ac146c9ea0ad","local_time":"20181126210921","is_ascension_mode":true,"campfire_choices":[{"floor":8,"key":"REST"}],"neow_cost":"NONE","seed_source_timestamp":252173204215799,"circlet_count":0,"master_deck":["AscendersBane","Strike_R","Strike_R","Strike_R","Strike_R","Defend_R","Defend_R","Defend_R","Defend_R","Bash","Whirlwind","Twin Strike","Body Slam","Thunderclap","Anger"],"relics":["Burning Blood","NeowsBlessing","Omamori","MawBank"],"potions_floor_usage":[6,6,10],"damage_taken":[{"damage":0,"enemies":"Cultist","floor":1,"turns":1},{"damage":0,"enemies":"2 Louse","floor":2,"turns":1},{"damage":0,"enemies":"Jaw Worm","floor":3,"turns":1},{"damage":25,"enemies":"Exordium Thugs","floor":4,"turns":4},{"damage":35,"enemies":"Lagavulin","floor":6,"turns":5},{"damage":39,"enemies":"Gremlin Gang","floor":10,"turns":5},{"damage":16,"enemies":"Lots of Slimes","floor":12,"turns":1}],"seed_played":"-6209502714754142053","potions_obtained":[{"floor":3,"key":"Strength Potion"},{"floor":4,"key":"SteroidPotion"},{"floor":6,"key":"EssenceOfSteel"}],"is_trial":false,"path_per_floor":["M","M","M","M","$","E","?","R","T","M","$","M"],"character_chosen":"IRONCLAD","items_purchased":["Thunderclap"],"campfire_rested":1,"item_purchase_floors":[5],"current_hp_per_floor":[78,80,80,61,61,32,21,45,45,12,12,0],"gold":207,"neow_bonus":"THREE_ENEMY_KILL","is_prod":false,"is_daily":false,"chose_seed":false,"campfire_upgraded":0,"win_rate":0,"timestamp":1543266561,"path_taken":["M","M","?","M","$","E","?","R","T","M","?","?"],"build_version":"2018-11-15","purchased_purges":1,"victory":false,"max_hp_per_floor":[80,80,80,80,80,80,80,80,80,80,80,80],"card_choices":[{"not_picked":["Armaments","Iron Wave"],"picked":"Whirlwind","floor":1},{"not_picked":["Hemokinesis","Carnage","Second Wind"],"picked":"SKIP","floor":2},{"not_picked":["Whirlwind","Power Through"],"picked":"Twin Strike","floor":3},{"not_picked":["Clothesline","Entrench"],"picked":"Body Slam","floor":4},{"not_picked":["Brutality","Bloodletting","Whirlwind"],"picked":"SKIP","floor":6},{"not_picked":["Flex","Rupture"],"picked":"Anger","floor":10}],"player_experience":899956,"relics_obtained":[{"floor":6,"key":"Omamori"},{"floor":9,"key":"MawBank"}],"event_choices":[{"damage_healed":0,"gold_gain":75,"player_choice":"Gather Gold","damage_taken":11,"max_hp_gain":0,"max_hp_loss":0,"event_name":"World of Goop","floor":7,"gold_loss":0}],"is_beta":false,"boss_relics":[],"items_purged_floors":[5],"is_endless":false,"potions_floor_spawned":[3,4,6],"killed_by":"Lots of Slimes","ascension_level":13}