{"gold_per_floor":[111,111,36,54,71,99,99,130,130,160,174,291,291,311,311,414,414,424,453,159,175,24,24,24,24,51,62,97,112,127,137,137,137],"floor_reached":33,"playtime":5233,"items_purged":["Strike_G","Strike_G"],"score":355,"play_id":"b666f295-7623-4798-a469-f46635d70fe5","local_time":"20190202191921","is_ascension_mode":true,"campfire_choices":[{"floor":15.0,"key":"RECALL"},{"floor":23,"key":"REST"},{"floor":32,"key":"REST"}],"neow_cost":"NONE","seed_source_timestamp":1296272492331879,"circlet_count":0,"master_deck":["Defend_G","Defend_G+1","Defend_G","Defend_G","Defend_G","Strike_G","Strike_G","Strike_G","Survivor","Neutralize","Poisoned Stab","Poisoned Stab","Fluid Movement","Replay:Poison Smokescreen","Poisoned Stab","Dagger Spray","Backflip+1","Deadly Poison+1","ReplayTheSpireMod:Tripwire+1","Atom Bomb","Bane","Caltrops","Fluid Movement","Poisoned Stab","Deadly Poison+1","Bane","Envenom+1","Dagger Spray","Slice","Replay:Poison Smokescreen+1"],"special_seed":0,"relics":["Ring of the Snake","Torii","Vajra","Toxic Egg 2","Replay_Grab Bag","conspire:SeveredTorchhead","Lizard Tail","Red Mask","ReplayFunnel","Shuriken","Frozen Egg 2","Boot","Onion Ring"],"potions_floor_usage":[21,21,28,28,29,30,33],"damage_taken":[{"damage":0.0,"enemies":"Cultist","floor":1.0,"turns":6.0},{"damage":0.0,"enemies":"Jaw Worm","floor":4.0,"turns":4.0},{"damage":0.0,"enemies":"2 Louse","floor":5.0,"turns":3.0},{"damage":27.0,"enemies":"3 Sentries","floor":6.0,"turns":13.0},{"damage":0.0,"enemies":"Lagavulin","floor":8.0,"turns":7.0},{"damage":19.0,"enemies":"3 Sentries","floor":10.0,"turns":11.0},{"damage":3.0,"enemies":"Lots of Slimes","floor":11.0,"turns":5.0},{"damage":1.0,"enemies":"Exordium Thugs","floor":12.0,"turns":4.0},{"damage":1.0,"enemies":"Looter","floor":14.0,"turns":2.0},{"damage":3.0,"enemies":"Fading Forest","floor":16.0,"turns":11.0},{"damage":7,"enemies":"Spheric Guardian","floor":18,"turns":5},{"damage":34,"enemies":"Masked Bandits","floor":19,"turns":5},{"damage":16,"enemies":"2 Thieves","floor":21,"turns":4},{"damage":0,"enemies":"Chosen and Byrds","floor":27,"turns":6},{"damage":43,"enemies":"Nightmare","floor":28,"turns":6},{"damage":2,"enemies":"Snake Plant","floor":29,"turns":3},{"damage":0,"enemies":"Centurion and Healer","floor":30,"turns":9},{"damage":0,"enemies":"Chosen and Byrds","floor":31,"turns":3},{"damage":92,"enemies":"Collector","floor":33,"turns":8}],"seed_played":"-7465615485263595138","potions_obtained":[{"floor":4.0,"key":"SkillPotion"},{"floor":5.0,"key":"Venom Potion"},{"floor":6.0,"key":"SpeedPotion"},{"floor":11.0,"key":"Fire Potion"},{"floor":14.0,"key":"Toxic Potion"},{"floor":19,"key":"Regen Potion"},{"floor":21,"key":"Fire Potion"},{"floor":28,"key":"infinitespire:BlackPotion"},{"floor":28,"key":"Weak Potion"},{"floor":30,"key":"SpeedPotion"}],"is_trial":false,"path_per_floor":["M","?","$","M","M","E","?","E","T","E","M","M","?","M","R","B",null,"M","?","$","M","$","R","T","?","T","M","NM","M","M","M","R","B"],"character_chosen":"THE_SILENT","items_purchased":["Fluid Movement","Poisoned Stab","Fire Potion","Fire Potion","ReplayFunnel"],"campfire_rested":2,"item_purchase_floors":[20,20,20,20,22],"current_hp_per_floor":[77,77,77,77,77,50,75,75,75,56,53,52,52,51,51,58,77,70,36,36,32,32,55,55,55,55,55,12,10,10,10,33,0],"gold":137,"neow_bonus":"TEN_PERCENT_HP_BONUS","is_prod":false,"is_daily":false,"chose_seed":false,"campfire_upgraded":0,"win_rate":0,"timestamp":1549131561,"path_taken":["M","?","$","M","M","E","?","E","T","E","M","M","?","?","R","BOSS","M","?","$","M","$","R","?","?","T","M","NM","M","M","M","R","BOSS"],"build_version":"2019-01-23","purchased_purges":2,"victory":false,"max_hp_per_floor":[77,77,77,77,77,77,77,77,77,77,77,77,77,77,77,77,77,77,77,77,77,77,77,77,77,77,77,77,77,77,77,77,77],"card_choices":[{"not_picked":["Slice","Dagger Spray"],"picked":"Poisoned Stab","floor":1.0},{"not_picked":["Deflect","All Out Attack"],"picked":"Poisoned Stab","floor":4.0},{"not_picked":["Dagger Throw","Prepared"],"picked":"Fluid Movement","floor":5.0},{"not_picked":["ReplayTheSpireMod:Speed Training","Fluid Movement"],"picked":"Replay:Poison Smokescreen","floor":6.0},{"not_picked":["Escape Plan","Finisher"],"picked":"Poisoned Stab","floor":8.0},{"not_picked":["Masterful Stab","Sneak Up"],"picked":"Dagger Spray","floor":10.0},{"not_picked":["Outmaneuver+1","Night Terror+1"],"picked":"Backflip+1","floor":11.0},{"not_picked":["Dagger Spray","Poisoned Stab"],"picked":"Deadly Poison+1","floor":12.0},{"not_picked":["Slice","Tactician+1"],"picked":"ReplayTheSpireMod:Tripwire+1","floor":14.0},{"not_picked":["Night Terror+1","Malaise+1"],"picked":"Atom Bomb","floor":16.0},{"not_picked":["PiercingWail+1","Prepared+1"],"picked":"Bane","floor":18},{"not_picked":["Dagger Throw","Infinite Blades"],"picked":"Caltrops","floor":19},{"not_picked":["Storm of Steel+1","Replay:Poison Smokescreen+1"],"picked":"Deadly Poison+1","floor":21},{"not_picked":["Sucker Punch","Slice+1"],"picked":"Bane","floor":27},{"not_picked":["Heel Hook","Cloak And Dagger+1"],"picked":"Envenom+1","floor":28},{"not_picked":["PiercingWail+1","Cloak And Dagger+1"],"picked":"Dagger Spray","floor":29},{"not_picked":["Terror+1","Acrobatics+1"],"picked":"Slice","floor":30},{"not_picked":["Tools of the Trade+1","Underhanded Strike"],"picked":"Replay:Poison Smokescreen+1","floor":31}],"player_experience":87947,"relics_obtained":[{"floor":6.0,"key":"Torii"},{"floor":8.0,"key":"Vajra"},{"floor":10.0,"key":"Toxic Egg 2"},{"floor":19,"key":"Red Mask"},{"floor":24,"key":"Shuriken"},{"floor":26,"key":"Boot"},{"floor":28,"key":"Onion Ring"}],"event_choices":[{"damage_healed":25.0,"max_hp_gain":0.0,"max_hp_loss":0.0,"gold_gain":0.0,"event_name":"Big Fish","player_choice":"Banana","floor":7.0,"gold_loss":0.0,"damage_taken":0.0},{"damage_healed":0.0,"max_hp_gain":0.0,"max_hp_loss":0.0,"gold_gain":0.0,"event_name":"The Woman in Blue","player_choice":"Bought 0 Potions","floor":13.0,"gold_loss":0.0,"damage_taken":0.0},{"damage_healed":0,"gold_gain":0,"player_choice":"Fought Bandits","damage_taken":0,"max_hp_gain":0,"max_hp_loss":0,"event_name":"Masked Bandits","floor":19,"gold_loss":0}],"is_beta":false,"boss_relics":[{"not_picked":["Astrolabe","Ring of the Serpent"],"picked":"Replay_Grab Bag"},{"not_picked":["Cursed Key","Sozu"],"picked":"conspire:SeveredTorchhead"},{"not_picked":["Pandora\u0027s Box","WristBlade"],"picked":"Lizard Tail"}],"items_purged_floors":[3,20],"is_endless":true,"potions_floor_spawned":[4,5,6,11,14,19,21,28,30],"killed_by":"Collector","ascension_level":1}