{"gold_per_floor":[13,13,31,47,47,47,72,91,91,91,117,117,44,56,56,151,151,167,187,198,208,27,27,27,362,386,386,88,106,106,106,106,207,207,218,1217,1230,1130,1144,1144,1163,1163,1163,570,588,617,617,617,617,617],"floor_reached":51,"playtime":3370,"items_purged":["Phantasmal Killer+1","Normality","Normality"],"score":992,"play_id":"25bef611-bebe-43a0-acb6-bb0780c7bcf7","local_time":"20190209180006","is_ascension_mode":true,"campfire_choices":[{"data":"Phantasmal Killer","floor":6.0,"key":"SMITH"},{"data":"Footwork","floor":10.0,"key":"SMITH"},{"data":"Footwork","floor":15.0,"key":"SMITH"},{"floor":23.0,"key":"REST"},{"floor":27.0,"key":"REST"},{"data":"Dodge and Roll","floor":30,"key":"SMITH"},{"data":"Adrenaline","floor":32,"key":"SMITH"},{"data":"Footwork","floor":40,"key":"SMITH"},{"data":"Burst","floor":42,"key":"SMITH"},{"data":"Crippling Poison","floor":47,"key":"SMITH"},{"data":"Noxious Fumes","floor":49,"key":"SMITH"}],"neow_cost":"NO_GOLD","seed_source_timestamp":691482715287300,"circlet_count":0,"master_deck":["Defend_G","Defend_G","Defend_G","Defend_G","Survivor","Neutralize","Skewer+1","Dash","Leg Sweep","Footwork+1","Burst+1","Footwork+1","Adrenaline+1","Backstab+1","Burst+1","Well Laid Plans","Corpse Explosion","Blur","Dodge and Roll+1","Noxious Fumes+1","Dodge and Roll+1","Setup","Skewer","Footwork+1","Blur+1","Backflip+1","Footwork","Crippling Poison+1","Backflip","Master of Strategy","Finesse","Dodge and Roll+1","Deadly Poison","Writhe"],"special_seed":0,"relics":["Ring of the Snake","Sundial","Incense Burner","Paper Crane","Strawberry","Astrolabe","Old Coin","Dream Catcher","Snake Skull","Sozu","Centennial Puzzle","Ornamental Fan"],"potions_floor_usage":[33,50],"damage_taken":[{"damage":3.0,"enemies":"2 Louse","floor":1.0,"turns":3.0},{"damage":0.0,"enemies":"Cultist","floor":3.0,"turns":2.0},{"damage":0.0,"enemies":"Small Slimes","floor":4.0,"turns":2.0},{"damage":29.0,"enemies":"Lagavulin","floor":7.0,"turns":8.0},{"damage":0.0,"enemies":"Blue Slaver","floor":8.0,"turns":3.0},{"damage":9.0,"enemies":"3 Sentries","floor":11.0,"turns":9.0},{"damage":17.0,"enemies":"Gremlin Gang","floor":14.0,"turns":5.0},{"damage":1.0,"enemies":"The Guardian","floor":16.0,"turns":13.0},{"damage":11.0,"enemies":"3 Byrds","floor":18.0,"turns":8.0},{"damage":0.0,"enemies":"Spheric Guardian","floor":19.0,"turns":3.0},{"damage":57.0,"enemies":"Cultist and Chosen","floor":20.0,"turns":10.0},{"damage":0.0,"enemies":"Shelled Parasite and Fungi","floor":21.0,"turns":12.0},{"damage":14.0,"enemies":"Book of Stabbing","floor":25.0,"turns":11.0},{"damage":6,"enemies":"3 Cultists","floor":29,"turns":4},{"damage":2,"enemies":"Champ","floor":33,"turns":25},{"damage":0,"enemies":"Orb Walker","floor":35,"turns":4},{"damage":3,"enemies":"3 Shapes","floor":37,"turns":7},{"damage":35,"enemies":"Transient","floor":39,"turns":5},{"damage":0,"enemies":"Spire Growth","floor":41,"turns":8},{"damage":0,"enemies":"Maw","floor":45,"turns":11},{"damage":0,"enemies":"Giant Head","floor":46,"turns":14},{"damage":5,"enemies":"Awakened One","floor":50,"turns":20}],"seed_played":"-8647565779078166229","potions_obtained":[{"floor":7.0,"key":"Energy Potion"},{"floor":8.0,"key":"SneckoOil"},{"floor":16.0,"key":"Fire Potion"},{"floor":19.0,"key":"Fruit Juice"},{"floor":29,"key":"SkillPotion"},{"floor":33,"key":"LiquidBronze"}],"is_trial":false,"path_per_floor":["M","?","M","M","T","R","E","M","T","R","E","?","$","M","R","B",null,"M","M","M","M","$","R","?","E","T","R","$","M","R","?","R","B",null,"M","?","M","$","M","R","M","R","T","$","M","E","R","?","R","B",null],"character_chosen":"THE_SILENT","items_purchased":["Footwork","Corpse Explosion","Blur","Snake Skull","Noxious Fumes","Footwork","Crippling Poison","Backflip","Master of Strategy","Finesse"],"campfire_rested":2,"item_purchase_floors":[13,22,22,28,28,44,44,44,44,44],"current_hp_per_floor":[60,60,60,60,60,60,31,31,31,31,29,54,54,37,37,36,67,56,56,4,4,4,28,28,14,14,38,38,32,32,32,32,30,69,69,69,66,66,31,31,31,31,31,31,31,31,31,52,52,47],"gold":617,"neow_bonus":"TRANSFORM_TWO_CARDS","is_prod":false,"is_daily":false,"chose_seed":false,"campfire_upgraded":9,"win_rate":0,"timestamp":1549760406,"path_taken":["M","?","M","?","?","R","E","M","T","R","E","?","?","M","R","BOSS","M","?","M","M","$","R","?","E","T","R","$","M","R","?","R","BOSS","M","?","M","$","M","R","M","R","T","$","M","E","R","?","R","BOSS"],"build_version":"2019-01-23","purchased_purges":3,"victory":true,"max_hp_per_floor":[70,70,70,70,70,70,70,70,70,70,77,77,77,77,77,77,77,77,77,82,82,82,82,82,82,82,82,82,82,82,82,82,82,82,82,82,82,82,82,82,82,82,82,82,82,82,82,82,82,82],"card_choices":[{"not_picked":["Bane","Dodge and Roll"],"picked":"Dagger Throw","floor":1.0},{"not_picked":["Dagger Throw","Prepared"],"picked":"Dash","floor":3.0},{"not_picked":["Underhanded Strike","Tactician","Reflex"],"picked":"SKIP","floor":4.0},{"not_picked":["Reflex","Tactician"],"picked":"Leg Sweep","floor":7.0},{"not_picked":["Noxious Fumes","Heel Hook"],"picked":"Footwork","floor":8.0},{"not_picked":["Backflip","PiercingWail"],"picked":"Burst","floor":11.0},{"not_picked":["Caltrops","Dagger Spray","Eviscerate"],"picked":"SKIP","floor":14.0},{"not_picked":["Grand Finale","Night Terror"],"picked":"Adrenaline","floor":16.0},{"not_picked":["Dagger Throw","Masterful Stab","Bouncing Flask"],"picked":"SKIP","floor":18.0},{"not_picked":["Outmaneuver","Catalyst+1","Dagger Spray"],"picked":"SKIP","floor":19.0},{"not_picked":["Backstab","Outmaneuver"],"picked":"Well Laid Plans","floor":20.0},{"not_picked":["Outmaneuver","Poisoned Stab","Blade Dance"],"picked":"SKIP","floor":21.0},{"not_picked":["Prepared","PiercingWail"],"picked":"Dodge and Roll+1","floor":25.0},{"not_picked":["Choke","Finisher"],"picked":"Dodge and Roll","floor":29},{"not_picked":["Masterful Stab","Poisoned Stab+1"],"picked":"Footwork","floor":35},{"not_picked":["Sucker Punch+1","Bane","Prepared"],"picked":"SKIP","floor":37},{"not_picked":["Quick Slash+1","Deadly Poison"],"picked":"Blur+1","floor":39},{"not_picked":["Riddle With Holes","Expertise+1"],"picked":"Backflip+1","floor":41},{"not_picked":["Dagger Spray+1","Malaise"],"picked":"Dodge and Roll+1","floor":45},{"not_picked":["Finisher+1","Distraction+1"],"picked":"Deadly Poison","floor":46}],"player_experience":329125,"relics_obtained":[{"floor":5.0,"key":"Sundial"},{"floor":7.0,"key":"Incense Burner"},{"floor":9.0,"key":"Paper Crane"},{"floor":11.0,"key":"Strawberry"},{"floor":25.0,"key":"Old Coin"},{"floor":26.0,"key":"Dream Catcher"},{"floor":43,"key":"Centennial Puzzle"},{"floor":46,"key":"Ornamental Fan"}],"event_choices":[{"damage_healed":0.0,"max_hp_gain":0.0,"max_hp_loss":0.0,"gold_gain":0.0,"event_name":"Accursed Blacksmith","player_choice":"Forge","floor":2.0,"gold_loss":0.0,"damage_taken":0.0,"cards_upgraded":["Skewer"]},{"damage_healed":25.0,"max_hp_gain":0.0,"max_hp_loss":0.0,"gold_gain":0.0,"event_name":"Big Fish","player_choice":"Banana","floor":12.0,"gold_loss":0.0,"damage_taken":0.0},{"cards_removed":["Strike_G"],"damage_healed":0.0,"max_hp_gain":0.0,"max_hp_loss":0.0,"gold_gain":0.0,"event_name":"Back to Basics","player_choice":"Elegance","floor":24.0,"gold_loss":0.0,"damage_taken":0.0},{"damage_healed":0,"gold_gain":0,"cards_transformed":["Tactician","Dagger Throw"],"player_choice":"Became Test Subject","damage_taken":0,"max_hp_gain":0,"max_hp_loss":0,"event_name":"Drug Dealer","floor":31,"gold_loss":0,"cards_obtained":["Setup","Skewer"]},{"damage_healed":0,"gold_gain":999,"player_choice":"Gold","damage_taken":0,"max_hp_gain":0,"max_hp_loss":0,"event_name":"MindBloom","floor":36,"gold_loss":0,"cards_obtained":["Normality","Normality"]},{"damage_healed":21,"gold_gain":0,"player_choice":"Writhe","damage_taken":0,"max_hp_gain":0,"max_hp_loss":0,"event_name":"Winding Halls","floor":48,"gold_loss":0,"cards_obtained":["Writhe"]}],"is_beta":false,"boss_relics":[{"not_picked":["Eternal Feather","Calling Bell"],"picked":"Astrolabe"},{"not_picked":["Runic Dome","Philosopher\u0027s Stone"],"picked":"Sozu"}],"items_purged_floors":[28,38,44],"is_endless":false,"potions_floor_spawned":[7,8,16,19,29,33,35,37,41,45],"ascension_level":6}