{"gold_per_floor":[111,111,122,134,150,150,183,183,209,220,9,9,31,49,49,49],"floor_reached":16,"playtime":634,"items_purged":["Strike_R"],"score":179,"play_id":"8a289c14-a750-4193-9ea1-e841f69d162e","local_time":"20190206015730","is_ascension_mode":true,"campfire_choices":[{"data":"Bash","floor":6,"key":"SMITH"},{"data":"Juggernaut","floor":8,"key":"SMITH"},{"data":"True Grit","floor":12,"key":"SMITH"},{"data":"Body Slam","floor":15,"key":"SMITH"}],"neow_cost":"NONE","seed_source_timestamp":2188998951930347,"circlet_count":0,"master_deck":["AscendersBane","Strike_R","Strike_R","Strike_R","Strike_R","Defend_R","Defend_R","Defend_R","Defend_R","Bash+1","Juggernaut+1","Iron Wave","Shrug It Off","Feel No Pain","Ghostly Armor","Combust","True Grit+1","Good Instincts","Body Slam+1"],"relics":["Burning Blood","Pen Nib","Happy Flower","Odd Mushroom"],"potions_floor_usage":[7,13,16],"damage_taken":[{"damage":6,"enemies":"Cultist","floor":1,"turns":3},{"damage":10,"enemies":"2 Louse","floor":3,"turns":3},{"damage":7,"enemies":"Small Slimes","floor":4,"turns":3},{"damage":8,"enemies":"Blue Slaver","floor":5,"turns":6},{"damage":27,"enemies":"Gremlin Nob","floor":7,"turns":5},{"damage":4,"enemies":"Red Slaver","floor":10,"turns":3},{"damage":5,"enemies":"The Mushroom Lair","floor":13,"turns":4},{"damage":10,"enemies":"Large Slime","floor":14,"turns":7},{"damage":47,"enemies":"Slime Boss","floor":16,"turns":8}],"seed_played":"-740700805614858837","potions_obtained":[{"floor":1,"key":"Dexterity Potion"},{"floor":3,"key":"SkillPotion"},{"floor":7,"key":"AttackPotion"}],"is_trial":false,"path_per_floor":["M","?","M","M","M","R","E","R","T","M","$","R","?","M","R","B"],"character_chosen":"IRONCLAD","items_purchased":["True Grit","Good Instincts"],"campfire_rested":0,"item_purchase_floors":[11,11],"current_hp_per_floor":[68,68,64,63,61,61,40,40,40,42,42,42,43,39,39,0],"gold":49,"neow_bonus":"ONE_RANDOM_RARE_CARD","is_prod":false,"is_daily":false,"chose_seed":false,"campfire_upgraded":4,"win_rate":0,"timestamp":1549436250,"path_taken":["M","?","M","M","M","R","E","R","T","?","$","R","?","M","R","BOSS"],"build_version":"2019-01-23","purchased_purges":1,"victory":false,"max_hp_per_floor":[75,75,75,75,75,75,75,75,75,75,75,75,75,75,75,75],"card_choices":[{"not_picked":["Shockwave","Battle Trance"],"picked":"Iron Wave","floor":1},{"not_picked":["Pommel Strike","Perfected Strike"],"picked":"Shrug It Off","floor":3},{"not_picked":["Thunderclap","Pommel Strike"],"picked":"Feel No Pain","floor":4},{"not_picked":["Fire Breathing","Flex","Clash"],"picked":"SKIP","floor":5},{"not_picked":["Infernal Blade","Pummel"],"picked":"Ghostly Armor","floor":7},{"not_picked":["Rupture","Thunderclap"],"picked":"Combust","floor":10},{"not_picked":["Thunderclap","True Grit"],"picked":"Body Slam","floor":14}],"player_experience":529437,"relics_obtained":[{"floor":7,"key":"Pen Nib"},{"floor":9,"key":"Happy Flower"},{"floor":13,"key":"Odd Mushroom"}],"event_choices":[{"damage_healed":0,"gold_gain":0,"player_choice":"0 cards matched","damage_taken":0,"max_hp_gain":0,"max_hp_loss":0,"event_name":"Match and Keep!","floor":2,"gold_loss":0,"cards_obtained":[]},{"damage_healed":0,"gold_gain":0,"player_choice":"Fought Mushrooms","damage_taken":0,"max_hp_gain":0,"max_hp_loss":0,"event_name":"Mushrooms","floor":13,"gold_loss":0}],"is_beta":false,"boss_relics":[],"items_purged_floors":[11],"is_endless":false,"potions_floor_spawned":[1,3,7],"killed_by":"Slime Boss","ascension_level":15}