{"path_per_floor":["M","M","?","$","?","R","E","$","T","M","R","M","M","M","R","B",null,"M","?","M","$","M","R","M","R","T","R","?","M"],"character_chosen":"IRONCLAD","items_purchased":["Shrug It Off","Clash"],"gold_per_floor":[112,127,127,31,31,31,59,59,59,73,73,90,102,115,115,215,215,228,228,248,173,193,193,211,211,280,280,180,198],"floor_reached":30,"campfire_rested":1,"playtime":2872,"current_hp_per_floor":[80,73,73,73,65,65,54,54,54,59,59,63,58,63,90,74,90,74,63,43,43,32,32,38,38,38,38,38,31],"items_purged":["Regret"],"gold":198,"play_id":"ecea0c0b-6f18-4bec-8e91-53d1f5c21a1f","is_prod":false,"is_daily":false,"campfire_rituals":0,"campfire_upgraded":5,"is_hardmode":false,"path_taken":["M","M","?","$","?","R","E","$","T","M","R","M","M","M","R","BOSS","M","?","M","$","M","R","?","R","T","R","?","M","M"],"build_version":"2018-01-11-PROD2","purchased_purges":1,"victory":false,"master_deck":["Defend_R","Defend_R","Defend_R","Defend_R","Bash","Twin Strike","Body Slam","Shrug It Off","Clash","Clash","Anger","Juggernaut","Shrug It Off","Clash","Reaper","Injury","Pain","Bite_R","Bite_R","Bite_R","Bite_R","Bite_R","Iron Wave","J.A.X."],"max_hp_per_floor":[80,80,80,80,90,90,90,90,90,90,90,90,90,90,90,90,90,90,63,63,63,63,63,63,63,63,63,63,63],"relics":["Burning Blood","Pear","Meat on the Bone","Ice Cream","Calling Bell","Vajra","Pen Nib","Oddly Smooth Stone","Bottled Lightning"],"campfire_meditates":0,"card_choices":[{"not_picked":["Power Through","Perfected Strike"],"picked":"Twin Strike"},{"not_picked":["Corruption","Perfected Strike"],"picked":"Body Slam"},{"not_picked":["Pommel Strike","Combust"],"picked":"Clash"},{"not_picked":["Inflame","Flex"],"picked":"Anger"},{"not_picked":["Warcry","Infernal Blade"],"picked":"Juggernaut"},{"not_picked":["Intimidate","Clothesline"],"picked":"Shrug It Off"},{"not_picked":["Dual Wield","Warcry"],"picked":"Clash"},{"not_picked":["Brutality","Juggernaut"],"picked":"Reaper"},{"not_picked":["Anger","Bludgeon"],"picked":"Iron Wave"}],"player_experience":0,"potions_floor_usage":[16,16,20,22,29],"damage_taken":[{"damage":1,"enemies":"Cultist","floor":1,"turns":3},{"damage":13,"enemies":"Blue Slaver","floor":2,"turns":5},{"damage":17,"enemies":"Gremlin Nob","floor":7,"turns":4},{"damage":1,"enemies":"Jaw Worm","floor":10,"turns":3},{"damage":2,"enemies":"2 Fungi Beasts","floor":12,"turns":2},{"damage":11,"enemies":"Large Slime","floor":13,"turns":4},{"damage":1,"enemies":"3 Louse","floor":14,"turns":5},{"damage":22,"enemies":"The Guardian","floor":16,"turns":8},{"damage":24,"enemies":"3 Byrds","floor":18,"turns":6},{"damage":38,"enemies":"Shell Parasite","floor":20,"turns":7},{"damage":48,"enemies":"Snecko","floor":22,"turns":6},{"damage":33,"enemies":"3 Cultists","floor":24,"turns":6},{"damage":40,"enemies":"Chosen and Byrds","floor":29,"turns":6},{"damage":38,"enemies":"Snecko","floor":30,"turns":4}],"event_choices":[{"event_name":"Purifier","player_choice":"One Purge","floor":3,"damage_taken":0},{"event_name":"Scrap Ooze","player_choice":"success","floor":5,"damage_taken":18},{"event_name":"Vampires","player_choice":"Became a vampire","floor":19,"damage_taken":0},{"event_name":"Drug Dealer","player_choice":"Got JAXXED","floor":28,"damage_taken":0}],"boss_relics":[{"not_picked":["Ectoplasm","Eternal Feather"],"picked":"Calling Bell"}],"potions_floor_spawned":[1,10,13,20,22],"seed_played":"4353523032506060791","killed_by":"Snecko","is_trial":false}