{"gold_per_floor":[110,110,0,0,14,14,58,58,108,131,155,171,212,212,212,305,305,318,318,233,46,46,46,77,96,96,96,129,129,154,179,179,275,275,291,291,416,122,135,135,135,153,153,171,194,209,223,243,243,243],"floor_reached":51,"playtime":4661,"items_purged":["Strike_R","Corruption+1"],"score":1213,"play_id":"13e83c32-2dda-444e-b084-078db5e58b5c","local_time":"20190107203757","is_ascension_mode":true,"campfire_choices":[{"data":"Uppercut","floor":6.0,"key":"SMITH"},{"data":"Corruption","floor":8.0,"key":"SMITH"},{"floor":15.0,"key":"REST"},{"floor":23.0,"key":"REST"},{"data":"Body Slam","floor":29.0,"key":"SMITH"},{"floor":32.0,"key":"REST"},{"data":"Body Slam","floor":40.0,"key":"SMITH"},{"floor":49,"key":"REST"}],"neow_cost":"NONE","seed_source_timestamp":0,"circlet_count":0,"master_deck":["AscendersBane","Bash","Uppercut+1","Corruption+1","Shrug It Off","Shrug It Off+1","Shrug It Off","Cleave","Intimidate+1","Body Slam+1","Reaper","Offering+1","Rupture+1","True Grit+1","Disarm+1","Entrench","Flame Barrier","Body Slam+1","Disarm","Juggernaut+1","Intimidate","Intimidate","Flame Barrier","Shrug It Off","Flame Barrier","Impervious","Pain","Limit Break","Shrug It Off"],"special_seed":0,"relics":["Burning Blood","NeowsBlessing","Golden Idol","Pear","Whetstone","StoneCalendar","Astrolabe","War Paint","Bronze Scales","Dodecahedron","Frozen Egg 2","Enchiridion","Centennial Puzzle","Pandora\u0027s Box","Charon\u0027s Ashes","Regal Pillow","WarpedTongs"],"potions_floor_usage":[47,50],"damage_taken":[{"damage":0.0,"enemies":"Small Slimes","floor":1.0,"turns":1.0},{"damage":0.0,"enemies":"Jaw Worm","floor":5.0,"turns":1.0},{"damage":0.0,"enemies":"3 Sentries","floor":7.0,"turns":2.0},{"damage":0.0,"enemies":"2 Louse","floor":10.0,"turns":4.0},{"damage":0.0,"enemies":"Large Slime","floor":11.0,"turns":6.0},{"damage":22.0,"enemies":"Exordium Thugs","floor":12.0,"turns":6.0},{"damage":37.0,"enemies":"Lagavulin","floor":13.0,"turns":14.0},{"damage":33.0,"enemies":"Slime Boss","floor":16.0,"turns":10.0},{"damage":57.0,"enemies":"3 Byrds","floor":18.0,"turns":7.0},{"damage":14.0,"enemies":"Book of Stabbing","floor":24.0,"turns":7.0},{"damage":16.0,"enemies":"Chosen","floor":25.0,"turns":5.0},{"damage":11.0,"enemies":"Slavers","floor":28.0,"turns":5.0},{"damage":6.0,"enemies":"Snake Plant","floor":30.0,"turns":2.0},{"damage":35.0,"enemies":"Sentry and Sphere","floor":31.0,"turns":7.0},{"damage":17.0,"enemies":"Automaton","floor":33.0,"turns":11.0},{"damage":7.0,"enemies":"3 Shapes","floor":35.0,"turns":6.0},{"damage":6.0,"enemies":"Mind Bloom Boss Battle","floor":37.0,"turns":8.0},{"damage":0.0,"enemies":"3 Darklings","floor":39.0,"turns":5.0},{"damage":36.0,"enemies":"Spire Growth","floor":42.0,"turns":6.0},{"damage":4.0,"enemies":"4 Shapes","floor":44.0,"turns":6.0},{"damage":20.0,"enemies":"Sphere and 2 Shapes","floor":45.0,"turns":5.0},{"damage":8,"enemies":"Spire Growth","floor":46,"turns":5},{"damage":22,"enemies":"Writhing Mass","floor":47,"turns":4},{"damage":4,"enemies":"3 Darklings","floor":48,"turns":7},{"damage":47,"enemies":"Time Eater","floor":50,"turns":7}],"seed_played":"-6130651340411555013","potions_obtained":[{"floor":5.0,"key":"Weak Potion"},{"floor":11.0,"key":"PowerPotion"},{"floor":24.0,"key":"Block Potion"},{"floor":28.0,"key":"Dexterity Potion"},{"floor":30.0,"key":"PowerPotion"},{"floor":42.0,"key":"SkillPotion"},{"floor":44.0,"key":"AttackPotion"},{"floor":45,"key":"BloodPotion"},{"floor":46,"key":"Ancient Potion"}],"is_trial":false,"path_per_floor":["M","?","$","?","M","R","E","R","T","M","M","M","E","?","R","B",null,"M","$","?","$","?","R","E","M","T","?","E","R","M","M","R","B",null,"M","?","?","$","M","R","?","M","T","M","M","M","M","M","R","B",null],"character_chosen":"IRONCLAD","items_purchased":["Corruption","Bronze Scales","Entrench","Flame Barrier","Regal Pillow"],"campfire_rested":4,"item_purchase_floors":[3,21,21,38,38],"current_hp_per_floor":[74,69,69,62,68,68,79,79,79,79,79,63,32,58,79,52,72,32,32,32,32,58,79,71,61,61,45,55,55,55,26,49,38,69,79,79,79,79,79,79,79,49,49,51,52,50,34,36,74,54],"gold":243,"neow_bonus":"THREE_ENEMY_KILL","is_prod":false,"is_daily":false,"chose_seed":false,"campfire_upgraded":4,"win_rate":0,"timestamp":1546893477,"path_taken":["M","?","$","?","M","R","E","R","T","M","M","M","E","?","R","BOSS","M","$","?","?","?","R","E","M","T","?","E","R","M","M","R","BOSS","M","?","?","$","M","R","?","M","T","M","M","M","M","M","R","BOSS"],"build_version":"2019-01-03v4","purchased_purges":2,"victory":true,"max_hp_per_floor":[75,69,69,69,69,69,79,79,79,79,79,79,79,79,79,79,79,79,79,79,79,79,79,79,79,79,79,79,79,79,79,79,79,79,79,79,79,79,79,79,79,79,79,79,79,79,79,79,79,79],"card_choices":[{"not_picked":["Clothesline","Perfected Strike"],"picked":"Uppercut","floor":1.0},{"not_picked":["Seeing Red","True Grit"],"picked":"Shrug It Off","floor":5.0},{"not_picked":["Twin Strike","Brutality"],"picked":"Shrug It Off","floor":7.0},{"not_picked":["Pommel Strike","Carnage"],"picked":"Shrug It Off","floor":10.0},{"not_picked":["Bloodletting","Clash"],"picked":"Cleave","floor":11.0},{"not_picked":["Sever Soul","Flex"],"picked":"Intimidate","floor":12.0},{"not_picked":["Armaments","Warcry"],"picked":"Body Slam","floor":13.0},{"not_picked":["Limit Break","Offering"],"picked":"Reaper","floor":16.0},{"not_picked":["Iron Wave","Whirlwind"],"picked":"Disarm+1","floor":18.0},{"not_picked":["Pommel Strike","Anger"],"picked":"Flame Barrier","floor":24.0},{"not_picked":["Cleave","Searing Blow"],"picked":"Body Slam","floor":25.0},{"not_picked":["Twin Strike","Thunderclap","Body Slam"],"picked":"SKIP","floor":28.0},{"not_picked":["Sword Boomerang","Clash"],"picked":"Disarm","floor":30.0},{"not_picked":["Warcry","Intimidate","Pommel Strike"],"picked":"SKIP","floor":31.0},{"not_picked":["Exhume","Impervious"],"picked":"Juggernaut+1","floor":33.0},{"not_picked":["Body Slam","Rupture+1","Anger"],"picked":"SKIP","floor":35.0},{"not_picked":["Headbutt","Disarm+1"],"picked":"Shrug It Off","floor":37.0},{"not_picked":["Perfected Strike+1","Cleave"],"picked":"Impervious","floor":39.0},{"not_picked":["Heavy Blade","Havoc","Corruption+1"],"picked":"SKIP","floor":42.0},{"not_picked":["Anger+1","True Grit","Wild Strike"],"picked":"SKIP","floor":44.0},{"not_picked":["Twin Strike","Perfected Strike"],"picked":"Limit Break","floor":45},{"not_picked":["Thunderclap","Perfected Strike"],"picked":"Shrug It Off","floor":46},{"not_picked":["Flex","Wild Strike","Power Through"],"picked":"SKIP","floor":47},{"not_picked":["Perfected Strike","Wild Strike","Body Slam"],"picked":"SKIP","floor":48}],"player_experience":1140742,"relics_obtained":[{"floor":7.0,"key":"Pear"},{"floor":9.0,"key":"Whetstone"},{"floor":13.0,"key":"StoneCalendar"},{"floor":24.0,"key":"Dodecahedron"},{"floor":26.0,"key":"Frozen Egg 2"},{"floor":27.0,"key":"Enchiridion"},{"floor":28.0,"key":"Centennial Puzzle"},{"floor":37.0,"key":"Charon\u0027s Ashes"}],"event_choices":[{"damage_healed":0.0,"max_hp_gain":0.0,"max_hp_loss":6.0,"gold_gain":0.0,"event_name":"Golden Idol","player_choice":"Lose Max HP","floor":2.0,"gold_loss":0.0,"damage_taken":0.0,"relics_obtained":["Golden Idol"]},{"cards_removed":["Strike_R"],"damage_healed":0.0,"max_hp_gain":0.0,"max_hp_loss":0.0,"gold_gain":0.0,"event_name":"Golden Wing","player_choice":"Card Removal","floor":4.0,"gold_loss":0.0,"damage_taken":7.0},{"damage_healed":26.0,"max_hp_gain":0.0,"max_hp_loss":0.0,"gold_gain":0.0,"event_name":"Big Fish","player_choice":"Banana","floor":14.0,"gold_loss":0.0,"damage_taken":0.0},{"damage_healed":0.0,"max_hp_gain":0.0,"max_hp_loss":0.0,"gold_gain":0.0,"event_name":"Addict","player_choice":"Obtained Relic","floor":20.0,"gold_loss":85.0,"damage_taken":0.0,"relics_obtained":["War Paint"]},{"damage_healed":26.0,"max_hp_gain":0.0,"max_hp_loss":0.0,"gold_gain":0.0,"event_name":"The Library","player_choice":"Heal","floor":22.0,"gold_loss":0.0,"damage_taken":0.0},{"damage_healed":0.0,"max_hp_gain":0.0,"max_hp_loss":0.0,"gold_gain":0.0,"event_name":"Cursed Tome","player_choice":"Obtained Book","floor":27.0,"gold_loss":0.0,"damage_taken":16.0},{"damage_healed":0.0,"max_hp_gain":0.0,"max_hp_loss":0.0,"gold_gain":0.0,"event_name":"Tomb of Lord Red Mask","player_choice":"Ignored","floor":36.0,"gold_loss":0.0,"damage_taken":0.0},{"damage_healed":0.0,"max_hp_gain":0.0,"max_hp_loss":0.0,"gold_gain":0.0,"event_name":"MindBloom","player_choice":"Fight","floor":37.0,"gold_loss":0.0,"damage_taken":0.0},{"damage_healed":0.0,"max_hp_gain":0.0,"max_hp_loss":0.0,"gold_gain":0.0,"event_name":"Accursed Blacksmith","player_choice":"Rummage","floor":41.0,"gold_loss":0.0,"damage_taken":0.0,"relics_obtained":["WarpedTongs"],"cards_obtained":["Pain"]}],"is_beta":false,"boss_relics":[{"not_picked":["Black Star","Fusion Hammer"],"picked":"Astrolabe"},{"not_picked":["Cursed Key","Mark of Pain"],"picked":"Pandora\u0027s Box"}],"items_purged_floors":[3,38],"is_endless":false,"potions_floor_spawned":[5,11,24,28,30,42,44,45,46],"ascension_level":14}