{"gold_per_floor":[111,125,125,145,163,197,197,224,301,133,152,152,152,184,184,285,285,304,204,303,323,323,323,43,43,43,75,88,188,188],"floor_reached":30,"playtime":1412,"items_purged":["Defend_R","Berserk"],"score":397,"play_id":"cb7756f0-b740-4916-8119-281a00cc9205","local_time":"20190114222012","is_ascension_mode":true,"campfire_choices":[{"data":"Infernal Blade","floor":12.0,"key":"SMITH"},{"data":"Discovery","floor":13.0,"key":"SMITH"},{"data":"Disarm","floor":15.0,"key":"SMITH"},{"data":"Bludgeon","floor":23.0,"key":"SMITH"},{"data":"Spot Weakness","floor":25.0,"key":"SMITH"}],"neow_cost":"NONE","seed_source_timestamp":76151901785900,"circlet_count":0,"master_deck":["Strike_R","Strike_R","Strike_R","Strike_R","Defend_R","Defend_R","Defend_R","Bash+1","Headbutt","Disarm+1","Shrug It Off","Feed","Infernal Blade+1","Discovery+1","Twin Strike","Carnage","Bludgeon+1","Perfected Strike","Spot Weakness+1","Pommel Strike","Clothesline"],"special_seed":0,"relics":["Burning Blood","WingedGreaves","Peace Pipe","Regal Pillow","Pear","Gremlin Horn","Snecko Eye","Membership Card","Happy Flower","Shuriken","Orichalcum","Charon\u0027s Ashes","Frozen Egg 2"],"potions_floor_usage":[30,30],"damage_taken":[{"damage":7.0,"enemies":"Small Slimes","floor":1.0,"turns":3.0},{"damage":1.0,"enemies":"Cultist","floor":2.0,"turns":3.0},{"damage":7.0,"enemies":"2 Louse","floor":4.0,"turns":2.0},{"damage":2.0,"enemies":"2 Fungi Beasts","floor":5.0,"turns":4.0},{"damage":47.0,"enemies":"Lagavulin","floor":6.0,"turns":10.0},{"damage":21.0,"enemies":"Gremlin Nob","floor":8.0,"turns":5.0},{"damage":8.0,"enemies":"Large Slime","floor":11.0,"turns":6.0},{"damage":12.0,"enemies":"3 Sentries","floor":14.0,"turns":6.0},{"damage":36.0,"enemies":"Hexaghost","floor":16.0,"turns":12.0},{"damage":11.0,"enemies":"Spheric Guardian","floor":18.0,"turns":3.0},{"damage":8.0,"enemies":"Chosen","floor":21.0,"turns":3.0},{"damage":13.0,"enemies":"Book of Stabbing","floor":27.0,"turns":3.0},{"damage":8.0,"enemies":"Snecko","floor":28.0,"turns":3.0},{"damage":8.0,"enemies":"Colosseum Slavers","floor":29.0,"turns":2.0},{"damage":2.0,"enemies":"Colosseum Nobs","floor":29.0,"turns":3.0},{"damage":85,"enemies":"Gremlin Leader","floor":30,"turns":4}],"seed_played":"2818320516082687414","potions_obtained":[{"floor":1.0,"key":"SmokeBomb"},{"floor":8.0,"key":"Regen Potion"},{"floor":11.0,"key":"FearPotion"},{"floor":14.0,"key":"BloodPotion"},{"floor":18.0,"key":"Dexterity Potion"},{"floor":21.0,"key":"BloodPotion"}],"is_trial":false,"path_per_floor":["M","M","?","M","M","E","?","E","T","$","M","R","R","E","R","B",null,"M","$","?","M","?","R","$","R","T","E","M","?","E"],"character_chosen":"IRONCLAD","items_purchased":["Discovery","Membership Card","Happy Flower"],"campfire_rested":0,"item_purchase_floors":[10,24,24],"current_hp_per_floor":[71,76,76,75,79,38,38,23,33,33,49,49,49,46,46,16,76,71,71,71,69,69,69,69,69,69,62,60,65,0],"gold":188,"neow_bonus":"UPGRADE_CARD","is_prod":false,"is_daily":false,"chose_seed":false,"campfire_upgraded":5,"win_rate":0,"timestamp":1547526012,"path_taken":["M","M","?","M","?","E","?","E","T","?","M","R","R","E","R","BOSS","M","$","?","M","?","R","$","R","T","E","M","?","E"],"build_version":"2019-01-10","purchased_purges":2,"victory":false,"max_hp_per_floor":[80,80,80,80,80,80,80,80,90,90,93,93,93,96,96,96,96,96,96,96,96,96,96,96,96,96,96,96,99,99],"card_choices":[{"not_picked":["Evolve","Cleave"],"picked":"Headbutt","floor":1.0},{"not_picked":["Wild Strike","Iron Wave"],"picked":"Disarm","floor":2.0},{"not_picked":["Perfected Strike","Pummel"],"picked":"Shrug It Off","floor":4.0},{"not_picked":["Havoc","Combust","Sever Soul"],"picked":"SKIP","floor":5.0},{"not_picked":["Body Slam","Rage"],"picked":"Feed","floor":6.0},{"not_picked":["Headbutt","Burning Pact"],"picked":"Infernal Blade","floor":8.0},{"not_picked":["Anger","Thunderclap"],"picked":"Twin Strike","floor":11.0},{"not_picked":["Rage","Perfected Strike"],"picked":"Carnage","floor":14.0},{"not_picked":["Impervious","Reaper"],"picked":"Bludgeon","floor":16.0},{"not_picked":["Battle Trance+1","Combust"],"picked":"Perfected Strike","floor":18.0},{"not_picked":["Seeing Red+1","Iron Wave+1"],"picked":"Spot Weakness","floor":21.0},{"not_picked":["Corruption","Pommel Strike","Evolve"],"picked":"SKIP","floor":27.0},{"not_picked":["Corruption","Evolve"],"picked":"Pommel Strike","floor":27.0},{"not_picked":["Iron Wave","True Grit","Anger"],"picked":"SKIP","floor":28.0},{"not_picked":["Iron Wave","Clash"],"picked":"Clothesline","floor":29.0}],"player_experience":166140,"relics_obtained":[{"floor":6.0,"key":"WingedGreaves"},{"floor":8.0,"key":"Regal Pillow"},{"floor":9.0,"key":"Pear"},{"floor":14.0,"key":"Gremlin Horn"},{"floor":26.0,"key":"Shuriken"},{"floor":27.0,"key":"Orichalcum"},{"floor":29.0,"key":"Charon\u0027s Ashes"},{"floor":29.0,"key":"Frozen Egg 2"}],"event_choices":[{"damage_healed":0.0,"max_hp_gain":0.0,"max_hp_loss":0.0,"gold_gain":0.0,"cards_transformed":["Strike_R"],"event_name":"Transmorgrifier","player_choice":"Transformed","floor":3.0,"gold_loss":0.0,"damage_taken":0.0,"cards_obtained":["Berserk"]},{"damage_healed":0.0,"max_hp_gain":0.0,"max_hp_loss":0.0,"gold_gain":0.0,"event_name":"WeMeetAgain","player_choice":"Gave Potion","floor":7.0,"gold_loss":0.0,"damage_taken":0.0,"relics_obtained":["Peace Pipe"]},{"damage_healed":0.0,"max_hp_gain":0.0,"max_hp_loss":0.0,"gold_gain":99.0,"event_name":"Nest","player_choice":"Stole From Cult","floor":20.0,"gold_loss":0.0,"damage_taken":0.0},{"damage_healed":0.0,"max_hp_gain":0.0,"max_hp_loss":0.0,"gold_gain":0.0,"event_name":"Ghosts","player_choice":"Ignored","floor":22.0,"gold_loss":0.0,"damage_taken":0.0},{"damage_healed":0.0,"max_hp_gain":0.0,"max_hp_loss":0.0,"gold_gain":0.0,"event_name":"Colosseum","player_choice":"Fight","floor":29.0,"gold_loss":0.0,"damage_taken":0.0},{"damage_healed":0.0,"max_hp_gain":0.0,"max_hp_loss":0.0,"gold_gain":0.0,"event_name":"Colosseum","player_choice":"Fought Nobs","floor":29.0,"gold_loss":0.0,"damage_taken":0.0}],"is_beta":false,"boss_relics":[{"not_picked":["Black Star","Orrery"],"picked":"Snecko Eye"}],"items_purged_floors":[10,19],"is_endless":false,"potions_floor_spawned":[1,8,11,14,18,21,29],"killed_by":"Gremlin Leader","ascension_level":8}