{"gold_per_floor":[109,109,122,139,149,175,140,140,140,140],"floor_reached":10,"playtime":728,"items_purged":[],"score":109,"play_id":"8a74fc51-ea99-4761-bcf5-1582ce8a054e","local_time":"20190109104741","is_ascension_mode":true,"campfire_choices":[],"neow_cost":"NONE","seed_source_timestamp":500386205129,"circlet_count":0,"master_deck":["AscendersBane","Defend_G","Defend_G","Defend_G","Defend_G","Defend_G","Strike_G","Strike_G","Strike_G","Strike_G","Strike_G","Survivor","Neutralize","Deadly Poison","Bane+1","Endless Agony+1","Predator+1","Tools of the Trade"],"relics":["HoveringKite","Molten Egg 2","Gremlin Horn","Bird Faced Urn"],"potions_floor_usage":[8],"damage_taken":[{"damage":10,"enemies":"Cultist","floor":1,"turns":5},{"damage":6,"enemies":"Small Slimes","floor":3,"turns":4},{"damage":1,"enemies":"2 Louse","floor":4,"turns":4},{"damage":20,"enemies":"Large Slime","floor":5,"turns":6},{"damage":18,"enemies":"Gremlin Nob","floor":6,"turns":4},{"damage":0,"enemies":"Red Slaver","floor":8,"turns":1},{"damage":30,"enemies":"3 Sentries","floor":10,"turns":6}],"seed_played":"-4572691436739912547","potions_obtained":[{"floor":1,"key":"Energy Potion"},{"floor":6,"key":"SmokeBomb"}],"is_trial":false,"path_per_floor":["M","?","M","M","M","E","?","M","T","E"],"character_chosen":"THE_SILENT","items_purchased":[],"campfire_rested":0,"item_purchase_floors":[],"current_hp_per_floor":[53,50,44,43,23,5,22,22,22,0],"gold":140,"neow_bonus":"BOSS_RELIC","is_prod":false,"is_daily":false,"chose_seed":false,"campfire_upgraded":0,"win_rate":0,"timestamp":1547030861,"path_taken":["M","?","M","M","M","E","?","M","T","E"],"build_version":"2019-01-03v4","purchased_purges":0,"victory":false,"max_hp_per_floor":[70,70,70,70,70,70,70,70,70,70],"card_choices":[{"not_picked":["Finisher","Flying Knee"],"picked":"Deadly Poison","floor":1},{"not_picked":["Well Laid Plans","Terror"],"picked":"Bane+1","floor":3},{"not_picked":["Accuracy","Quick Slash+1"],"picked":"Endless Agony+1","floor":4},{"not_picked":["Acrobatics","Slice+1"],"picked":"Predator+1","floor":5},{"not_picked":["Concentrate","Flying Knee+1"],"picked":"Tools of the Trade","floor":6}],"player_experience":1156231,"relics_obtained":[{"floor":6,"key":"Gremlin Horn"},{"floor":9,"key":"Bird Faced Urn"}],"event_choices":[{"damage_healed":0,"gold_gain":0,"player_choice":"Success","damage_taken":3,"relics_obtained":["Molten Egg 2"],"max_hp_gain":0,"max_hp_loss":0,"event_name":"Scrap Ooze","floor":2,"gold_loss":0},{"damage_healed":17,"gold_gain":0,"player_choice":"Healed","damage_taken":0,"max_hp_gain":0,"max_hp_loss":0,"event_name":"The Cleric","floor":7,"gold_loss":35}],"is_beta":false,"boss_relics":[],"items_purged_floors":[],"is_endless":false,"potions_floor_spawned":[1,6,8],"killed_by":"3 Sentries","ascension_level":11}