{"gold_per_floor":[116,116,62,75,89,89,103,434,510,510,538,555,589,589,589,684,684,702,510,510,248,267,297,297,328,328,328,346,346,346,364,364,465,465,484,501,86,96,143,143,161,161,188,188,188,188,203,233,233,233,233,233,71,103,103],"floor_reached":56,"playtime":7706,"items_purged":["Strike_R","Strike_R","Bash"],"score":1307,"play_id":"e6cf820d-95cd-49af-ad13-a384b5a54420","local_time":"20190207005848","is_ascension_mode":true,"campfire_choices":[{"floor":6.0,"key":"RECALL"},{"floor":10.0,"key":"REST"},{"floor":15.0,"key":"REST"},{"data":"Corruption","floor":24.0,"key":"SMITH"},{"floor":29.0,"key":"REST"},{"data":"Barricade","floor":32,"key":"SMITH"},{"floor":40,"key":"REST"},{"data":"Demon Form","floor":42,"key":"SMITH"},{"data":"Fiend Fire","floor":44,"key":"SMITH"},{"data":"Body Slam","floor":49,"key":"SMITH"},{"data":"Body Slam","floor":52,"key":"SMITH"}],"neow_cost":"CURSE","seed_source_timestamp":0,"circlet_count":0,"master_deck":["Defend_R","Defend_R","Defend_R","Defend_R","Shrug It Off","Uppercut","Dark Embrace","Shockwave+1","Infernal Blade","Anger","Corruption+1","Armaments+1","Demon Form+1","Warcry+1","Feel No Pain","Entrench","Shockwave","Secret Technique","Cleave+1","Clothesline","Barricade+1","Rampage+1","Anger","Body Slam+1","Fiend Fire+1","Shockwave","Flex+1","Disarm","Forethought","Bandage Up","True Grit+1","Body Slam+1","Warcry+1","Feel No Pain"],"special_seed":0,"relics":["Burning Blood","WingedGreaves","Old Coin","Art of War","Dead Branch","Eternal Feather","Ancient Tea Set","Pocketwatch","The Courier","Empty Cage","Meat on the Bone","Magic Flower","Juzu Bracelet","Oddly Smooth Stone","War Paint","Shuriken"],"potions_floor_usage":[41,50,54],"damage_taken":[{"damage":6.0,"enemies":"2 Louse","floor":1.0,"turns":3.0},{"damage":12.0,"enemies":"Small Slimes","floor":4.0,"turns":7.0},{"damage":5.0,"enemies":"Jaw Worm","floor":5.0,"turns":5.0},{"damage":14.0,"enemies":"3 Louse","floor":7.0,"turns":5.0},{"damage":50.0,"enemies":"3 Sentries","floor":8.0,"turns":13.0},{"damage":26.0,"enemies":"Lagavulin","floor":11.0,"turns":9.0},{"damage":9.0,"enemies":"Looter","floor":12.0,"turns":3.0},{"damage":10.0,"enemies":"3 Sentries","floor":13.0,"turns":8.0},{"damage":45.0,"enemies":"The Guardian","floor":16.0,"turns":7.0},{"damage":0.0,"enemies":"Spheric Guardian","floor":18.0,"turns":4.0},{"damage":0.0,"enemies":"Chosen","floor":22.0,"turns":4.0},{"damage":36.0,"enemies":"Book of Stabbing","floor":23.0,"turns":7.0},{"damage":42.0,"enemies":"Gremlin Leader","floor":25.0,"turns":5.0},{"damage":5.0,"enemies":"Sentry and Sphere","floor":28.0,"turns":5.0},{"damage":6.0,"enemies":"Centurion and Healer","floor":31.0,"turns":3.0},{"damage":16,"enemies":"Automaton","floor":33,"turns":6},{"damage":41,"enemies":"3 Shapes","floor":35,"turns":7},{"damage":0,"enemies":"Orb Walker","floor":36,"turns":2},{"damage":0,"enemies":"Maw","floor":38,"turns":7},{"damage":40,"enemies":"2 Orb Walkers","floor":39,"turns":5},{"damage":52,"enemies":"3 Darklings","floor":41,"turns":4},{"damage":22,"enemies":"Writhing Mass","floor":47,"turns":6},{"damage":0,"enemies":"Reptomancer","floor":48,"turns":4},{"damage":35,"enemies":"Time Eater","floor":50,"turns":9},{"damage":35,"enemies":"Shield and Spear","floor":54,"turns":5},{"damage":56,"enemies":"The Heart","floor":55,"turns":9}],"seed_played":"1830938279973122184","potions_obtained":[{"floor":1.0,"key":"FearPotion"},{"floor":4.0,"key":"Swift Potion"},{"floor":5.0,"key":"GamblersBrew"},{"floor":12.0,"key":"Block Potion"},{"floor":13.0,"key":"SteroidPotion"},{"floor":22.0,"key":"FearPotion"},{"floor":23.0,"key":"SkillPotion"},{"floor":39,"key":"BloodPotion"},{"floor":41,"key":"Weak Potion"},{"floor":47,"key":"BloodPotion"},{"floor":48,"key":"Dexterity Potion"},{"floor":54,"key":"Strength Potion"}],"is_trial":false,"path_per_floor":["M","?","$","M","M","R","M","E","T","R","E","M","E","?","R","B",null,"M","$","?","$","M","E","R","E","T","?","M","R","?","M","R","B",null,"M","M","$","M","?","R","M","R","T","R","?","?","M","E","R","B",null,"R","$","E","B",null],"character_chosen":"IRONCLAD","items_purchased":["Iron Wave","Feel No Pain","Entrench","Secret Technique","Disarm","Forethought","Bandage Up","Meat on the Bone","Feel No Pain"],"campfire_rested":4,"item_purchase_floors":[3,19,19,21,37,37,37,37,53],"current_hp_per_floor":[80,73,73,67,68,68,60,16,16,40,20,17,13,39,63,24,80,80,80,80,80,80,50,65,29,29,29,30,69,69,69,80,70,80,45,51,51,61,43,80,67,80,80,80,80,80,73,80,80,66,80,80,80,60,37],"gold":103,"neow_bonus":"ONE_RARE_RELIC","is_prod":false,"is_daily":false,"chose_seed":false,"campfire_upgraded":6,"win_rate":0,"timestamp":1549497528,"path_taken":["M","?","$","M","M","R","M","E","T","R","E","M","E","?","R","BOSS","M","$","?","$","M","E","R","E","T","?","M","R","?","?","R","BOSS","M","M","$","M","?","R","M","R","T","R","?","?","M","E","R","BOSS","R","$","E","BOSS"],"build_version":"2019-01-23","purchased_purges":3,"victory":true,"max_hp_per_floor":[80,80,80,80,80,80,80,80,80,80,80,80,80,80,80,80,80,80,80,80,80,80,80,80,80,80,80,80,80,80,80,80,80,80,80,80,80,80,80,80,80,80,80,80,80,80,80,80,80,80,80,80,80,80,80],"card_choices":[{"not_picked":["True Grit","Flex"],"picked":"Shrug It Off","floor":1.0},{"not_picked":["Shrug It Off","Second Wind"],"picked":"Uppercut","floor":4.0},{"not_picked":["Shrug It Off","Cleave"],"picked":"Dark Embrace","floor":5.0},{"not_picked":["Fire Breathing","Thunderclap"],"picked":"Shockwave","floor":7.0},{"not_picked":["Hemokinesis","Corruption"],"picked":"Infernal Blade","floor":8.0},{"not_picked":["Headbutt","Intimidate"],"picked":"Anger","floor":11.0},{"not_picked":["Flex","Armaments"],"picked":"Corruption","floor":12.0},{"not_picked":["Heavy Blade","Flex"],"picked":"Armaments","floor":13.0},{"not_picked":["Reaper","Feed"],"picked":"Demon Form","floor":16.0},{"not_picked":["Twin Strike","Havoc"],"picked":"Warcry+1","floor":18.0},{"not_picked":["Pommel Strike","Headbutt"],"picked":"Cleave+1","floor":22.0},{"not_picked":["Sword Boomerang","Berserk"],"picked":"Clothesline","floor":23.0},{"not_picked":["Twin Strike","Bloodletting"],"picked":"Barricade","floor":25.0},{"not_picked":["Pommel Strike","Uppercut"],"picked":"Rampage+1","floor":28.0},{"not_picked":["Flex","Dropkick"],"picked":"Body Slam","floor":31.0},{"not_picked":["Demon Form","Juggernaut"],"picked":"Fiend Fire","floor":33},{"not_picked":["Body Slam+1","Clothesline+1"],"picked":"Shockwave","floor":35},{"not_picked":["Iron Wave","Shrug It Off"],"picked":"Flex+1","floor":36},{"not_picked":["Body Slam","Searing Blow+1","Iron Wave"],"picked":"SKIP","floor":38},{"not_picked":["Clothesline+1","Blood for Blood+1"],"picked":"True Grit+1","floor":41},{"not_picked":["Blood for Blood","Battle Trance"],"picked":"Body Slam","floor":47},{"not_picked":["Demon Form","Perfected Strike"],"picked":"Warcry+1","floor":48},{"not_picked":["Anger+1","Rupture","Sentinel+1"],"picked":"SKIP","floor":54}],"player_experience":198678,"relics_obtained":[{"floor":8.0,"key":"Old Coin"},{"floor":11.0,"key":"Art of War"},{"floor":13.0,"key":"Dead Branch"},{"floor":23.0,"key":"Ancient Tea Set"},{"floor":25.0,"key":"Pocketwatch"},{"floor":26.0,"key":"The Courier"},{"floor":39,"key":"Magic Flower"},{"floor":43,"key":"Juzu Bracelet"},{"floor":48,"key":"War Paint"},{"floor":54,"key":"Shuriken"}],"event_choices":[{"cards_removed":["Strike_R"],"damage_healed":0.0,"max_hp_gain":0.0,"max_hp_loss":0.0,"gold_gain":0.0,"event_name":"Golden Wing","player_choice":"Card Removal","floor":2.0,"gold_loss":0.0,"damage_taken":7.0},{"damage_healed":26.0,"max_hp_gain":0.0,"max_hp_loss":0.0,"gold_gain":0.0,"event_name":"Big Fish","player_choice":"Banana","floor":14.0,"gold_loss":0.0,"damage_taken":0.0},{"damage_healed":0.0,"max_hp_gain":0.0,"max_hp_loss":0.0,"gold_gain":0.0,"event_name":"The Library","player_choice":"Read","floor":20.0,"gold_loss":0.0,"damage_taken":0.0,"cards_obtained":["Shockwave"]},{"damage_healed":0.0,"max_hp_gain":0.0,"max_hp_loss":0.0,"gold_gain":0.0,"event_name":"Vampires","player_choice":"Ignored","floor":27.0,"gold_loss":0.0,"damage_taken":0.0},{"damage_healed":0.0,"max_hp_gain":0.0,"max_hp_loss":0.0,"gold_gain":0.0,"cards_transformed":["Strike_R"],"event_name":"Transmorgrifier","player_choice":"Transformed","floor":30.0,"gold_loss":0.0,"damage_taken":0.0,"cards_obtained":["Anger"]},{"damage_healed":0,"gold_gain":0,"player_choice":"Fight","damage_taken":0,"max_hp_gain":0,"max_hp_loss":0,"event_name":"Mysterious Sphere","floor":39,"gold_loss":0},{"damage_healed":0,"gold_gain":0,"player_choice":"Gave Potion","damage_taken":0,"relics_obtained":["Oddly Smooth Stone"],"max_hp_gain":0,"max_hp_loss":0,"event_name":"WeMeetAgain","floor":45,"gold_loss":0},{"cards_removed":["Iron Wave"],"damage_healed":0,"gold_gain":0,"player_choice":"Removed Attack","damage_taken":0,"max_hp_gain":0,"max_hp_loss":0,"event_name":"Falling","floor":46,"gold_loss":0}],"is_beta":false,"boss_relics":[{"not_picked":["Busted Crown","Philosopher\u0027s Stone"],"picked":"Eternal Feather"},{"not_picked":["Runic Cube","Fusion Hammer"],"picked":"Empty Cage"}],"items_purged_floors":[19,21,53],"is_endless":false,"potions_floor_spawned":[1,4,5,12,13,22,23,39,41,47,48,54],"ascension_level":1}