{"gold_per_floor":[367,292,292,367,385,395,395,411,461,461,489,489,499,349,349,449,449,469,344,344,443,373,373,388,388,388,488,488],"floor_reached":28,"playtime":1404,"items_purged":["Strike_R","Strike_R","Strike_R"],"score":257,"play_id":"d6ea446f-60f5-476d-aeba-ccc1d0afb709","local_time":"20190128120657","is_ascension_mode":true,"campfire_choices":[{"data":"Bash","floor":7,"key":"SMITH"},{"data":"Whirlwind","floor":10,"key":"SMITH"},{"floor":15,"key":"REST"},{"data":"Inflame","floor":23,"key":"SMITH"}],"neow_cost":"TEN_PERCENT_HP_LOSS","seed_source_timestamp":3738901980940,"circlet_count":0,"master_deck":["Strike_R+1","Defend_R+1","Defend_R","Defend_R","Bash+1","Cleave","Whirlwind+1","Inflame+1","Offering"],"relics":["Burning Blood","Boot","Happy Flower","Runic Cube","Centennial Puzzle","Strawberry","Torii","Bottled Lightning"],"potions_floor_usage":[11,11,16,16,27,27],"damage_taken":[{"damage":5,"enemies":"Small Slimes","floor":1,"turns":4},{"damage":13,"enemies":"Jaw Worm","floor":5,"turns":4},{"damage":1,"enemies":"Cultist","floor":6,"turns":3},{"damage":12,"enemies":"Looter","floor":8,"turns":3},{"damage":25,"enemies":"Lagavulin","floor":11,"turns":5},{"damage":0,"enemies":"Blue Slaver","floor":13,"turns":4},{"damage":46,"enemies":"The Guardian","floor":16,"turns":8},{"damage":19,"enemies":"Shell Parasite","floor":18,"turns":6},{"damage":7,"enemies":"Spheric Guardian","floor":24,"turns":3},{"damage":19,"enemies":"Colosseum Slavers","floor":27,"turns":2},{"damage":36,"enemies":"Colosseum Nobs","floor":27,"turns":4},{"damage":14,"enemies":"Snake Plant","floor":28,"turns":2}],"seed_played":"-7107535668575337208","potions_obtained":[{"floor":1,"key":"Poison Potion"},{"floor":8,"key":"Ancient Potion"},{"floor":13,"key":"PowerPotion"},{"floor":16,"key":"FearPotion"},{"floor":24,"key":"Fire Potion"}],"is_trial":false,"path_per_floor":["M","$","?","?","M","M","R","M","T","R","E","?","M","$","R","B",null,"M","$","?","?","?","R","M","?","T","?","M"],"character_chosen":"IRONCLAD","items_purchased":["AttackPotion"],"campfire_rested":1,"item_purchase_floors":[14],"current_hp_per_floor":[72,72,72,61,54,59,59,53,53,53,34,20,26,26,47,7,72,59,59,59,59,59,59,58,45,52,9,0],"gold":488,"neow_bonus":"TWO_FIFTY_GOLD","is_prod":false,"is_daily":false,"chose_seed":false,"campfire_upgraded":3,"win_rate":0,"timestamp":1548644817,"path_taken":["M","$","?","?","M","M","R","M","T","R","E","?","M","?","R","BOSS","M","$","?","?","?","R","?","?","T","?","M"],"build_version":"2019-01-23","purchased_purges":3,"victory":false,"max_hp_per_floor":[72,72,72,72,72,72,72,72,72,72,72,72,72,72,72,72,72,72,72,72,72,72,72,72,77,84,84,84],"card_choices":[{"not_picked":["Rupture","Anger","Armaments"],"picked":"SKIP","floor":1},{"not_picked":["True Grit","Armaments","Heavy Blade"],"picked":"SKIP","floor":5},{"not_picked":["Pommel Strike","Armaments"],"picked":"Cleave","floor":6},{"not_picked":["Reaper","Second Wind"],"picked":"Whirlwind","floor":8},{"not_picked":["Intimidate","Cleave"],"picked":"Inflame","floor":11},{"not_picked":["Whirlwind","Rampage","Heavy Blade"],"picked":"SKIP","floor":13},{"not_picked":["Juggernaut","Demon Form"],"picked":"Offering","floor":16},{"not_picked":["Second Wind","Twin Strike","Havoc+1"],"picked":"SKIP","floor":18},{"not_picked":["Pummel","Cleave","Heavy Blade"],"picked":"SKIP","floor":24}],"player_experience":108902,"relics_obtained":[{"floor":9,"key":"Boot"},{"floor":11,"key":"Happy Flower"},{"floor":26,"key":"Strawberry"},{"floor":27,"key":"Torii"},{"floor":27,"key":"Bottled Lightning"}],"event_choices":[{"cards_removed":["Strike_R"],"damage_healed":0,"gold_gain":0,"player_choice":"Forget","damage_taken":0,"max_hp_gain":0,"max_hp_loss":0,"event_name":"Living Wall","floor":3,"gold_loss":0},{"damage_healed":0,"gold_gain":75,"player_choice":"Gather Gold","damage_taken":11,"max_hp_gain":0,"max_hp_loss":0,"event_name":"World of Goop","floor":4,"gold_loss":0},{"damage_healed":0,"gold_gain":0,"player_choice":"Entered Light","damage_taken":14,"max_hp_gain":0,"max_hp_loss":0,"event_name":"Shining Light","floor":12,"gold_loss":0,"cards_upgraded":["Strike_R","Defend_R"]},{"cards_removed":["Defend_R"],"damage_healed":0,"gold_gain":0,"player_choice":"Elegance","damage_taken":0,"max_hp_gain":0,"max_hp_loss":0,"event_name":"Back to Basics","floor":20,"gold_loss":0},{"damage_healed":0,"gold_gain":99,"player_choice":"Stole From Cult","damage_taken":0,"max_hp_gain":0,"max_hp_loss":0,"event_name":"Nest","floor":21,"gold_loss":0},{"damage_healed":0,"gold_gain":0,"player_choice":"Paid Gold","damage_taken":0,"relics_obtained":["Centennial Puzzle"],"max_hp_gain":0,"max_hp_loss":0,"event_name":"WeMeetAgain","floor":22,"gold_loss":70},{"damage_healed":0,"gold_gain":0,"player_choice":"Shed Blood","damage_taken":18,"max_hp_gain":5,"max_hp_loss":0,"event_name":"Forgotten Altar","floor":25,"gold_loss":0},{"damage_healed":0,"gold_gain":0,"player_choice":"Fight","damage_taken":0,"max_hp_gain":0,"max_hp_loss":0,"event_name":"Colosseum","floor":27,"gold_loss":0},{"damage_healed":0,"gold_gain":0,"player_choice":"Fought Nobs","damage_taken":0,"max_hp_gain":0,"max_hp_loss":0,"event_name":"Colosseum","floor":27,"gold_loss":0}],"is_beta":false,"boss_relics":[{"not_picked":["Philosopher\u0027s Stone","Calling Bell"],"picked":"Runic Cube"}],"items_purged_floors":[2,14,19],"is_endless":false,"potions_floor_spawned":[1,8,13,16,24,27],"killed_by":"Snake Plant","ascension_level":4}