{"gold_per_floor":[111,111,131,131,131,167,197,46,46,60,60,85,85,103,103,229,229],"floor_reached":17,"playtime":501,"items_purged":["Strike_G"],"score":231,"play_id":"62464999-1c2d-4f3a-8e9f-33cc17fe4e6b","local_time":"20181203141522","is_ascension_mode":true,"campfire_choices":[{"data":"Footwork","floor":11,"key":"SMITH"},{"data":"Neutralize","floor":13,"key":"SMITH"},{"floor":15,"key":"REST"}],"neow_cost":"NONE","seed_source_timestamp":868620936550847,"circlet_count":0,"master_deck":["Defend_G","Defend_G","Defend_G","Defend_G","Defend_G+1","Strike_G","Strike_G","Strike_G+1","Strike_G","Survivor","Neutralize+1","Slice","Flying Knee","Reflex","Footwork+1","Backstab+1","Well Laid Plans","After Image"],"relics":["Ring of the Snake","NeowsBlessing","Golden Idol","Molten Egg 2","Gremlin Horn","Potion Belt","Sozu"],"potions_floor_usage":[],"damage_taken":[{"damage":0,"enemies":"Jaw Worm","floor":1,"turns":1},{"damage":0,"enemies":"Small Slimes","floor":3,"turns":1},{"damage":0,"enemies":"3 Sentries","floor":6,"turns":1},{"damage":0,"enemies":"2 Louse","floor":10,"turns":2},{"damage":10,"enemies":"Large Slime","floor":14,"turns":6},{"damage":56,"enemies":"Slime Boss","floor":16,"turns":22}],"seed_played":"3282802854685956036","potions_obtained":[{"floor":14,"key":"Explosive Potion"},{"floor":16,"key":"GhostInAJar"}],"is_trial":false,"path_per_floor":["M","?","M","?","?","E","?","$","T","M","R","T","R","M","R","B",null],"character_chosen":"THE_SILENT","items_purchased":["Footwork"],"campfire_rested":1,"item_purchase_floors":[8],"current_hp_per_floor":[63,49,49,49,49,49,49,49,49,49,49,49,49,39,58,2,49],"gold":229,"neow_bonus":"THREE_ENEMY_KILL","is_prod":false,"is_daily":false,"chose_seed":false,"campfire_upgraded":2,"win_rate":0,"timestamp":1543864522,"path_taken":["M","?","M","?","?","E","?","?","T","M","R","?","R","M","R","BOSS"],"build_version":"2018-11-15","purchased_purges":1,"victory":false,"max_hp_per_floor":[70,70,70,65,65,65,65,65,65,65,65,65,65,65,65,65,65],"card_choices":[{"not_picked":["Poisoned Stab","Flying Knee"],"picked":"Slice","floor":1},{"not_picked":["Deadly Poison","Outmaneuver"],"picked":"Flying Knee","floor":3},{"not_picked":["Riddle With Holes","Bouncing Flask"],"picked":"Reflex","floor":6},{"not_picked":["Dagger Throw+1","Poisoned Stab+1"],"picked":"Backstab+1","floor":10},{"not_picked":["Outmaneuver","Underhanded Strike+1"],"picked":"Well Laid Plans","floor":14},{"not_picked":["A Thousand Cuts","Burst"],"picked":"After Image","floor":16}],"player_experience":346800,"relics_obtained":[{"floor":6,"key":"Molten Egg 2"},{"floor":9,"key":"Gremlin Horn"},{"floor":12,"key":"Potion Belt"}],"event_choices":[{"damage_healed":0,"gold_gain":0,"player_choice":"Entered Light","damage_taken":14,"max_hp_gain":0,"max_hp_loss":0,"event_name":"Shining Light","floor":2,"gold_loss":0,"cards_upgraded":["Strike_G","Defend_G"]},{"damage_healed":0,"gold_gain":0,"player_choice":"Lose Max HP","damage_taken":0,"relics_obtained":["Golden Idol"],"max_hp_gain":0,"max_hp_loss":5,"event_name":"Golden Idol","floor":4,"gold_loss":0},{"damage_healed":0,"gold_gain":0,"player_choice":"Fled","damage_taken":0,"max_hp_gain":0,"max_hp_loss":0,"event_name":"Scrap Ooze","floor":5,"gold_loss":0},{"damage_healed":0,"gold_gain":30,"player_choice":"Searched \u00271\u0027 times","damage_taken":0,"max_hp_gain":0,"max_hp_loss":0,"event_name":"Dead Adventurer","floor":7,"gold_loss":0}],"is_beta":false,"boss_relics":[{"not_picked":["Tiny House","Astrolabe"],"picked":"Sozu"}],"items_purged_floors":[8],"is_endless":false,"potions_floor_spawned":[14,16],"ascension_level":6}