{"path_per_floor":["M","?","?","$","?","E","R","E","T","R","M","M","M","$","R","B",null,"M","?","?","?","M","R","E","M","T","R","E","?","R","M","R","B",null,"M","M","?","T","?","E","M","M","T","$","E","R","$","M","R","B"],"character_chosen":"DEFECT","items_purchased":["Gash","Gash","Vajra","Coolheaded","Glacier","Gambling Chip","Toy Ornithopter","Mango","Steam"],"gold_per_floor":[113,113,113,34,34,67,67,95,150,150,165,179,196,16,16,116,116,136,164,314,314,332,332,366,380,405,405,437,437,437,451,451,546,546,557,573,573,573,795,824,840,850,873,19,45,45,25,35,35,35],"floor_reached":51,"campfire_rested":3,"playtime":3932,"item_purchase_floors":[4,14,14,14,44,44,44,44,47],"current_hp_per_floor":[75,75,75,75,75,75,75,75,75,75,75,72,69,69,69,64,80,65,62,62,62,56,56,23,4,4,44,46,46,46,49,75,46,88,58,63,90,90,90,62,49,38,38,52,40,40,40,54,85,17],"items_purged":["Normality","Regret"],"gold":35,"score":864,"play_id":"85380553-8076-4bbf-bfc2-5066f9a1848a","local_time":"20180609095444","is_prod":false,"is_daily":false,"chose_seed":false,"is_ascension_mode":true,"campfire_upgraded":6,"win_rate":0,"timestamp":1528559684,"campfire_choices":[{"data":"Zap","floor":7,"key":"SMITH"},{"data":"Dualcast","floor":10,"key":"SMITH"},{"data":"White Noise","floor":15,"key":"SMITH"},{"data":"White Noise","floor":23,"key":"SMITH"},{"floor":27,"key":"REST"},{"data":"Machine Learning","floor":30,"key":"SMITH"},{"floor":32,"key":"REST"},{"data":"Glacier","floor":46,"key":"SMITH"},{"floor":49,"key":"REST"}],"path_taken":["M","?","?","$","?","E","R","E","T","R","M","?","M","$","R","BOSS","M","?","?","?","M","R","E","?","T","R","E","?","R","M","R","BOSS","M","M","?","?","?","E","?","M","T","$","E","R","$","M","R","BOSS"],"build_version":"2018-06-07v3","seed_source_timestamp":578295271415154,"purchased_purges":2,"victory":true,"master_deck":["Strike_B","Defend_B","Defend_B","Defend_B","Defend_B","Zap+1","Dualcast+1","Doom and Gloom","Gash","All For One","White Noise+1","Coolheaded","White Noise+1","Gash","Coolheaded","Machine Learning+1","Sweeping Beam+1","Sunder+1","Melter+1","Writhe","Gash","Electrodynamics","Conserve Battery","Hologram+1","Steam+1","Conserve Battery+1","Glacier+1","Echo Form","Steam"],"max_hp_per_floor":[75,75,75,75,75,75,75,75,75,75,75,80,80,80,80,80,80,80,80,80,80,82,82,82,84,84,84,86,86,86,88,88,88,88,90,90,90,90,90,90,90,90,90,104,104,104,104,106,106,106],"relics":["Cracked Core","NeowsBlessing","The Courier","Lantern","Bottled Flame","Oddly Smooth Stone","Happy Flower","Vajra","Astrolabe","Red Mask","Singing Bowl","Ornamental Fan","Meat on the Bone","Nloth\u0027s Gift","Inserter","Darkstone Periapt","Mummified Hand","Ancient Tea Set","Gambling Chip","Toy Ornithopter","Mango","Boot"],"card_choices":[{"not_picked":["Cold Snap","BootSequence"],"picked":"Doom and Gloom","floor":1},{"not_picked":["Double Energy","Sweeping Beam"],"picked":"All For One","floor":6},{"not_picked":["Static Discharge","Cold Snap","Coolheaded"],"picked":"SKIP","floor":8},{"not_picked":["Barrage","Conserve Battery"],"picked":"White Noise","floor":11},{"not_picked":["Leap","Go for the Eyes"],"picked":"Coolheaded","floor":12},{"not_picked":["FTL","Lockon"],"picked":"White Noise","floor":13},{"not_picked":["All For One","Multi-Cast"],"picked":"Machine Learning","floor":16},{"not_picked":["Leap","Beam Cell","Rip and Tear"],"picked":"SKIP","floor":18},{"not_picked":["Genetic Algorithm","Compile Driver","Double Energy"],"picked":"Singing Bowl","floor":22},{"not_picked":["Go for the Eyes","Melter+1"],"picked":"Gash","floor":24},{"not_picked":["Streamline+1","Doom and Gloom+1","Sweeping Beam"],"picked":"Singing Bowl","floor":25},{"not_picked":["Stack","Biased Cognition","Undo"],"picked":"Singing Bowl","floor":28},{"not_picked":["Coolheaded+1","Chill","Double Energy"],"picked":"Singing Bowl","floor":31},{"not_picked":["Machine Learning","Biased Cognition"],"picked":"Electrodynamics","floor":33},{"not_picked":["Static Discharge","Consume+1","Beam Cell+1"],"picked":"Singing Bowl","floor":35},{"not_picked":["Go for the Eyes+1","Coolheaded"],"picked":"Conserve Battery","floor":36},{"not_picked":["Cold Snap","Amplify"],"picked":"Hologram+1","floor":40},{"not_picked":["Redo+1","Cold Snap+1"],"picked":"Steam+1","floor":41},{"not_picked":["Skim","Genetic Algorithm+1"],"picked":"Conserve Battery+1","floor":42},{"not_picked":["Capacitor","Recycle+1"],"picked":"Echo Form","floor":45},{"not_picked":["Coolheaded","Rebound","Ball Lightning"],"picked":"Singing Bowl","floor":48}],"player_experience":138978,"potions_floor_usage":[12,13,13,13,19,24,28,33,35,45,50],"damage_taken":[{"damage":0,"enemies":"Jaw Worm","floor":1,"turns":1},{"damage":0,"enemies":"Lagavulin","floor":6,"turns":1},{"damage":0,"enemies":"Gremlin Nob","floor":8,"turns":1},{"damage":0,"enemies":"Cultist","floor":11,"turns":3},{"damage":8,"enemies":"Small Slimes","floor":12,"turns":2},{"damage":3,"enemies":"2 Fungi Beasts","floor":13,"turns":2},{"damage":12,"enemies":"Slime Boss","floor":16,"turns":7},{"damage":15,"enemies":"Chosen","floor":18,"turns":5},{"damage":3,"floor":19,"turns":3},{"damage":8,"enemies":"Shell Parasite","floor":22,"turns":2},{"damage":33,"enemies":"Book of Stabbing","floor":24,"turns":5},{"damage":21,"enemies":"Cultist and Chosen","floor":25,"turns":5},{"damage":21,"enemies":"Gremlin Leader","floor":28,"turns":6},{"damage":11,"enemies":"Slaver and Parasite","floor":31,"turns":2},{"damage":29,"enemies":"Champ","floor":33,"turns":7},{"damage":32,"enemies":"3 Darklings","floor":35,"turns":4},{"damage":2,"enemies":"3 Shapes","floor":36,"turns":2},{"damage":35,"enemies":"2 Orb Walkers","floor":40,"turns":4},{"damage":13,"enemies":"3 Darklings","floor":41,"turns":4},{"damage":23,"enemies":"4 Shapes","floor":42,"turns":3},{"damage":27,"enemies":"Nemesis","floor":45,"turns":8},{"damage":0,"enemies":"Maw","floor":48,"turns":6},{"damage":83,"enemies":"Awakened One","floor":50,"turns":10}],"relics_obtained":[{"floor":6,"key":"Bottled Flame"},{"floor":8,"key":"Oddly Smooth Stone"},{"floor":9,"key":"Happy Flower"},{"floor":19,"key":"Red Mask"},{"floor":24,"key":"Ornamental Fan"},{"floor":26,"key":"Regal Pillow"},{"floor":28,"key":"Meat on the Bone"},{"floor":38,"key":"Darkstone Periapt"},{"floor":40,"key":"Mummified Hand"},{"floor":43,"key":"Ancient Tea Set"},{"floor":45,"key":"Boot"}],"event_choices":[{"event_name":"The Lab","player_choice":"Got Potions","floor":2,"damage_taken":0},{"event_name":"Accursed Blacksmith","player_choice":"Rummage","floor":3,"damage_taken":0},{"event_name":"Big Fish","player_choice":"Box","floor":5,"damage_taken":0},{"event_name":"Masked Bandits","player_choice":"Fought over 136 gold","floor":19,"damage_taken":0},{"event_name":"Nest","player_choice":"Stole From Cult","floor":20,"damage_taken":0},{"event_name":"The Mausoleum","player_choice":"Yes","floor":21,"damage_taken":0},{"event_name":"N\u0027loth","player_choice":"Traded a Regal Pillow","floor":29,"damage_taken":0},{"event_name":"Wheel of Change","player_choice":"Full Heal","floor":37,"damage_taken":0},{"event_name":"Tomb of Lord Red Mask","player_choice":"Wore Mask","floor":39,"damage_taken":0}],"boss_relics":[{"not_picked":["Orrery","Philosopher\u0027s Stone"],"picked":"Astrolabe"},{"not_picked":["Calling Bell","Sozu"],"picked":"Inserter"}],"items_purged_floors":[4,44],"potions_floor_spawned":[1,6,11,12,16,19,25,28,31,41,48],"seed_played":"-864827333827159761","ascension_level":1,"potions_obtained":[{"floor":1,"key":"Poison Potion"},{"floor":2,"key":"Fruit Juice"},{"floor":2,"key":"Strength Potion"},{"floor":12,"key":"PowerPotion"},{"floor":16,"key":"Swift Potion"},{"floor":19,"key":"Fire Potion"},{"floor":25,"key":"Regen Potion"},{"floor":28,"key":"Energy Potion"},{"floor":31,"key":"Explosive Potion"},{"floor":41,"key":"Poison Potion"},{"floor":48,"key":"GamblersBrew"}],"is_trial":false}