{"gold_per_floor":[16,30,48,62,62,62,95,95,95,95,110,110,129,143,143,243,243,257,12,24,5,19,344,344,377,377,377,396,409,281,281,281,385,385,396,412,285,300,320,320,354,366,416,71,91,91],"floor_reached":46,"playtime":3951,"items_purged":["Eviscerate+1","Wraith Form v2+1","Strike_G","Defend_G"],"score":598,"play_id":"478f3498-1024-4c2e-8ab5-caa69bee73ec","local_time":"20190211180129","is_ascension_mode":true,"campfire_choices":[{"data":"1","floor":6,"key":"LIFT"},{"data":"2","floor":8,"key":"LIFT"},{"data":"3","floor":10,"key":"LIFT"},{"floor":15,"key":"REST"},{"floor":24,"key":"REST"},{"data":"Burst","floor":27,"key":"SMITH"},{"floor":32,"key":"REST"},{"data":"Envenom","floor":40,"key":"SMITH"}],"neow_cost":"NO_GOLD","seed_source_timestamp":1345139056527734,"circlet_count":0,"master_deck":["Defend_G","Strike_G+1","Strike_G","Strike_G+1","Strike_G","Survivor","Neutralize","Noxious Fumes","PiercingWail","Deflect","Burst+1","Noxious Fumes","Tools of the Trade","Quick Slash+1","Blur+1","Leg Sweep+1","Footwork","Catalyst+1","PiercingWail+1","Catalyst+1","Blind+1","Bullet Time+1","Bullet Time+1","Envenom+1","Dodge and Roll+1","Cloak And Dagger+1","Outmaneuver+1","After Image","Bandage Up+1","Terror+1"],"relics":["Ring of the Snake","Girya","Smiling Mask","Toxic Egg 2","Astrolabe","Membership Card","Old Coin","Whetstone","Mercury Hourglass","Bag of Preparation","Boot","Potion Belt","Bag of Marbles","Paper Crane"],"potions_floor_usage":[4,4,7,13,14,20,25,33,36,38,45,45,45,45,45,45,46],"damage_taken":[{"damage":3,"enemies":"Small Slimes","floor":1,"turns":5},{"damage":0,"enemies":"Jaw Worm","floor":2,"turns":6},{"damage":2,"enemies":"2 Louse","floor":3,"turns":3},{"damage":0,"enemies":"Lots of Slimes","floor":4,"turns":3},{"damage":58,"enemies":"Gremlin Nob","floor":7,"turns":6},{"damage":0,"enemies":"Looter","floor":11,"turns":4},{"damage":1,"enemies":"Blue Slaver","floor":13,"turns":4},{"damage":0,"enemies":"Large Slime","floor":14,"turns":5},{"damage":28,"enemies":"The Guardian","floor":16,"turns":11},{"damage":16,"enemies":"Chosen","floor":18,"turns":6},{"damage":17,"enemies":"Spheric Guardian","floor":20,"turns":5},{"damage":11,"enemies":"Snecko","floor":22,"turns":7},{"damage":19,"enemies":"Slavers","floor":23,"turns":7},{"damage":11,"enemies":"Book of Stabbing","floor":25,"turns":7},{"damage":17,"enemies":"Chosen and Byrds","floor":28,"turns":9},{"damage":0,"enemies":"Centurion and Healer","floor":29,"turns":8},{"damage":19,"enemies":"Champ","floor":33,"turns":10},{"damage":0,"enemies":"3 Shapes","floor":35,"turns":6},{"damage":2,"enemies":"Orb Walker","floor":36,"turns":7},{"damage":7,"enemies":"4 Shapes","floor":38,"turns":8},{"damage":50,"enemies":"3 Darklings","floor":39,"turns":7},{"damage":6,"enemies":"Giant Head","floor":41,"turns":8},{"damage":1,"enemies":"Maw","floor":42,"turns":7},{"damage":0,"enemies":"Spire Growth","floor":45,"turns":6},{"damage":18,"enemies":"Nemesis","floor":46,"turns":1}],"seed_played":"-4175791593331459201","potions_obtained":[{"floor":1,"key":"LiquidBronze"},{"floor":3,"key":"AttackPotion"},{"floor":4,"key":"Swift Potion"},{"floor":11,"key":"EssenceOfSteel"},{"floor":13,"key":"Block Potion"},{"floor":18,"key":"EssenceOfSteel"},{"floor":23,"key":"GamblersBrew"},{"floor":29,"key":"Strength Potion"},{"floor":33,"key":"GhostInAJar"},{"floor":36,"key":"SkillPotion"},{"floor":42,"key":"EssenceOfSteel"},{"floor":45,"key":"Strength Potion"}],"is_trial":false,"path_per_floor":["M","M","M","M","?","R","E","R","T","R","M","?","M","M","R","B",null,"M","$","M","$","M","E","R","E","T","R","M","M","$","?","R","B",null,"M","M","$","M","M","R","E","M","T","$","M","E"],"character_chosen":"THE_SILENT","items_purchased":["Membership Card","Footwork","Blind+1","Bullet Time+1","Bag of Preparation","Bag of Marbles","Paper Crane","Bandage Up+1","EntropicBrew"],"campfire_rested":3,"item_purchase_floors":[19,21,30,30,37,44,44,44,44],"current_hp_per_floor":[67,67,65,65,70,70,12,12,12,12,12,12,11,11,33,5,75,59,59,42,42,31,12,34,23,23,23,6,6,6,6,28,9,75,75,73,73,66,16,16,10,9,9,9,15,0],"gold":91,"neow_bonus":"ONE_RARE_RELIC","is_prod":false,"is_daily":false,"chose_seed":false,"campfire_upgraded":2,"win_rate":0,"timestamp":1549926089,"path_taken":["M","M","M","M","?","R","E","R","T","R","M","?","M","M","R","BOSS","M","$","M","$","M","E","R","E","T","R","M","M","$","?","R","BOSS","M","M","$","M","M","R","E","M","T","$","M","E"],"build_version":"2019-01-23","purchased_purges":4,"victory":false,"max_hp_per_floor":[70,70,70,70,75,75,75,75,75,75,75,75,75,75,75,75,75,75,75,75,75,75,75,75,75,75,75,75,75,75,75,75,75,75,75,75,75,75,75,75,75,75,75,75,75,75],"card_choices":[{"not_picked":["Expertise","Slice"],"picked":"Noxious Fumes","floor":1},{"not_picked":["Deflect","Accuracy"],"picked":"PiercingWail","floor":2},{"not_picked":["Accuracy","Dagger Spray"],"picked":"Deflect","floor":3},{"not_picked":["Prepared","Tactician","Blade Dance"],"picked":"SKIP","floor":4},{"not_picked":["Poisoned Stab","Outmaneuver"],"picked":"Burst","floor":7},{"not_picked":["Dagger Throw","Bane"],"picked":"Noxious Fumes","floor":11},{"not_picked":["Flying Knee","Slice","Bane"],"picked":"SKIP","floor":13},{"not_picked":["Skewer","Prepared+1","Outmaneuver+1"],"picked":"SKIP","floor":14},{"not_picked":["Envenom","Night Terror+1"],"picked":"Tools of the Trade","floor":16},{"not_picked":["Bouncing Flask+1","Deflect+1"],"picked":"Blur+1","floor":18},{"not_picked":["Underhanded Strike","Calculated Gamble+1"],"picked":"Leg Sweep+1","floor":20},{"not_picked":["Escape Plan+1","Riddle With Holes"],"picked":"Catalyst+1","floor":22},{"not_picked":["Riddle With Holes+1","Dagger Throw"],"picked":"PiercingWail+1","floor":23},{"not_picked":["Poisoned Stab+1","Slice+1","Blade Dance+1"],"picked":"SKIP","floor":25},{"not_picked":["Finisher+1","Caltrops","Acrobatics+1"],"picked":"SKIP","floor":28},{"not_picked":["Poisoned Stab+1","Escape Plan+1"],"picked":"Catalyst+1","floor":29},{"not_picked":["Grand Finale","Unload"],"picked":"Envenom","floor":33},{"not_picked":["Reflex+1","Quick Slash"],"picked":"Dodge and Roll+1","floor":35},{"not_picked":["Underhanded Strike+1","Flying Knee"],"picked":"Cloak And Dagger+1","floor":36},{"not_picked":["Underhanded Strike","Reflex+1"],"picked":"Outmaneuver+1","floor":38},{"not_picked":["Flechettes","Dagger Throw","Deadly Poison+1"],"picked":"SKIP","floor":39},{"not_picked":["Footwork+1","Cloak And Dagger+1"],"picked":"After Image","floor":41},{"not_picked":["Blade Dance+1","Deadly Poison+1","Caltrops+1"],"picked":"SKIP","floor":42},{"not_picked":["Backflip+1","Deflect+1"],"picked":"Terror+1","floor":45}],"player_experience":112473,"relics_obtained":[{"floor":7,"key":"Smiling Mask"},{"floor":9,"key":"Toxic Egg 2"},{"floor":23,"key":"Old Coin"},{"floor":25,"key":"Whetstone"},{"floor":26,"key":"Mercury Hourglass"},{"floor":41,"key":"Boot"},{"floor":43,"key":"Potion Belt"}],"event_choices":[{"damage_healed":0,"gold_gain":0,"player_choice":"Donut","damage_taken":0,"max_hp_gain":5,"max_hp_loss":0,"event_name":"Big Fish","floor":5,"gold_loss":0},{"damage_healed":0,"gold_gain":0,"player_choice":"Ignored","damage_taken":0,"max_hp_gain":0,"max_hp_loss":0,"event_name":"Shining Light","floor":12,"gold_loss":0},{"damage_healed":0,"gold_gain":0,"player_choice":"Copied","damage_taken":0,"max_hp_gain":0,"max_hp_loss":0,"event_name":"Duplicator","floor":31,"gold_loss":0,"cards_obtained":["Bullet Time"]}],"is_beta":false,"boss_relics":[{"not_picked":["HoveringKite","Cursed Key"],"picked":"Astrolabe"},{"not_picked":["Coffee Dripper","Pandora\u0027s Box","Runic Pyramid"]}],"items_purged_floors":[19,30,37,44],"is_endless":false,"potions_floor_spawned":[1,3,4,11,13,18,23,29,33,36,42,45],"killed_by":"Nemesis","ascension_level":2}