{"gold_per_floor":[112,62,137,137,59,59,103,103,103,35,68,93,128,141,141,265,265,285,303,35,59,72,72,90,123,123,123,123,144,157,157,157,277,277,296,311,62,85,105,105,129,163,212,212,246,246,246,270,270,270],"floor_reached":51,"playtime":2427,"items_purged":["Strike_G","Bite"],"score":1271,"play_id":"6f557aae-a6ce-411a-bb9d-c4d31a782091","local_time":"20190126212715","is_ascension_mode":true,"campfire_choices":[{"data":"Deadly Poison","floor":6,"key":"SMITH"},{"data":"All Out Attack","floor":8,"key":"SMITH"},{"data":"Bouncing Flask","floor":15,"key":"SMITH"},{"data":"Burst","floor":23,"key":"SMITH"},{"floor":27,"key":"REST"},{"data":"Footwork","floor":32,"key":"SMITH"},{"floor":40,"key":"REST"},{"data":"Footwork","floor":44,"key":"SMITH"},{"data":"Bouncing Flask","floor":46,"key":"SMITH"},{"floor":49,"key":"REST"}],"neow_cost":"NONE","seed_source_timestamp":12075488497985,"circlet_count":0,"master_deck":["AscendersBane","Defend_G","Defend_G","Defend_G+1","Defend_G","Survivor","Neutralize","Deadly Poison+1","All Out Attack+1","Deadly Poison","Bouncing Flask+1","Backflip","Caltrops","Blur","Burst+1","Catalyst+1","Footwork+1","Bane","Escape Plan","Bite","Bite","Bite","Bite","Bouncing Flask+1","Well Laid Plans","Footwork+1","Catalyst+1"],"relics":["Ring of the Serpent","NeowsBlessing","Golden Idol","Pear","Question Card","Anchor","StoneCalendar","Busted Crown","Art of War","Pen Nib","Ninja Scroll","War Paint","Strawberry"],"potions_floor_usage":[13,25,25,33,38,39,48,50,50],"damage_taken":[{"damage":0,"enemies":"Cultist","floor":1,"turns":1},{"damage":0,"enemies":"3 Sentries","floor":7,"turns":1},{"damage":0,"enemies":"Lagavulin","floor":11,"turns":1},{"damage":1,"enemies":"Small Slimes","floor":12,"turns":3},{"damage":13,"enemies":"Gremlin Nob","floor":13,"turns":3},{"damage":0,"enemies":"Jaw Worm","floor":14,"turns":2},{"damage":15,"enemies":"Hexaghost","floor":16,"turns":7},{"damage":5,"enemies":"Shell Parasite","floor":18,"turns":4},{"damage":6,"enemies":"3 Byrds","floor":19,"turns":3},{"damage":0,"enemies":"Snecko","floor":21,"turns":3},{"damage":9,"enemies":"Centurion and Healer","floor":22,"turns":5},{"damage":30,"enemies":"Sentry and Sphere","floor":24,"turns":6},{"damage":6,"enemies":"Gremlin Leader","floor":25,"turns":5},{"damage":14,"enemies":"Shelled Parasite and Fungi","floor":29,"turns":3},{"damage":4,"enemies":"Cultist and Chosen","floor":30,"turns":6},{"damage":35,"enemies":"Collector","floor":33,"turns":8},{"damage":13,"enemies":"3 Shapes","floor":35,"turns":4},{"damage":15,"enemies":"3 Darklings","floor":36,"turns":5},{"damage":44,"enemies":"Transient","floor":38,"turns":5},{"damage":0,"enemies":"Maw","floor":39,"turns":4},{"damage":19,"enemies":"Spire Growth","floor":41,"turns":3},{"damage":3,"enemies":"Giant Head","floor":42,"turns":7},{"damage":0,"enemies":"Nemesis","floor":45,"turns":3},{"damage":31,"enemies":"Writhing Mass","floor":48,"turns":3},{"damage":11,"enemies":"Time Eater","floor":50,"turns":4}],"seed_played":"-3113266352646107819","potions_obtained":[{"floor":11,"key":"Fire Potion"},{"floor":13,"key":"Fire Potion"},{"floor":16,"key":"FairyPotion"},{"floor":21,"key":"LiquidBronze"},{"floor":25,"key":"FearPotion"},{"floor":30,"key":"PowerPotion"},{"floor":33,"key":"Regen Potion"},{"floor":35,"key":"AttackPotion"},{"floor":42,"key":"SteroidPotion"},{"floor":47,"key":"Weak Potion"},{"floor":47,"key":"Strength Potion"},{"floor":47,"key":"AttackPotion"},{"floor":48,"key":"SpeedPotion"}],"is_trial":false,"path_per_floor":["M","?","?","?","$","R","E","R","T","$","E","M","E","M","R","B",null,"M","M","$","M","M","R","M","E","T","R","?","M","M","?","R","B",null,"M","M","$","M","M","R","M","E","T","R","E","R","?","M","R","B",null],"character_chosen":"THE_SILENT","items_purchased":["All Out Attack","Bouncing Flask","Footwork","Art of War","Footwork","Catalyst"],"campfire_rested":3,"item_purchase_floors":[5,10,20,20,37,37],"current_hp_per_floor":[63,63,52,52,52,52,62,62,62,62,62,61,48,48,48,33,65,60,54,54,54,45,45,15,9,9,31,31,21,29,54,54,35,65,58,49,49,11,31,53,38,49,49,49,60,60,60,31,55,48],"gold":270,"neow_bonus":"THREE_ENEMY_KILL","is_prod":false,"is_daily":false,"chose_seed":false,"campfire_upgraded":7,"win_rate":0,"timestamp":1548559635,"path_taken":["M","?","?","?","?","R","E","R","T","$","E","?","E","M","R","BOSS","M","M","$","M","M","R","M","E","T","R","?","M","M","?","R","BOSS","M","M","$","M","M","R","M","E","T","R","E","R","?","?","R","BOSS"],"build_version":"2019-01-23","purchased_purges":2,"victory":true,"max_hp_per_floor":[70,70,70,65,65,65,75,75,75,75,75,75,75,75,75,75,75,75,75,75,75,75,75,75,75,75,75,75,75,75,75,75,75,75,75,75,75,75,75,75,75,75,75,75,82,82,82,82,82,82],"card_choices":[{"not_picked":["Dodge and Roll","Blade Dance"],"picked":"Deadly Poison","floor":1},{"not_picked":["Acrobatics","Distraction"],"picked":"Deadly Poison","floor":7},{"not_picked":["Setup","Calculated Gamble","Masterful Stab","Distraction"],"picked":"SKIP","floor":11},{"not_picked":["Flying Knee","Deflect","Poisoned Stab"],"picked":"Backflip","floor":12},{"not_picked":["Blur","Concentrate","Finisher"],"picked":"Caltrops","floor":13},{"not_picked":["Heel Hook","Bouncing Flask","Calculated Gamble"],"picked":"Blur","floor":14},{"not_picked":["Die Die Die","After Image","Adrenaline"],"picked":"Burst","floor":16},{"not_picked":["Poisoned Stab"],"picked":"Catalyst+1","floor":18},{"not_picked":["Underhanded Strike","Expertise"],"picked":"SKIP","floor":19},{"not_picked":["Deadly Poison","Flechettes"],"picked":"SKIP","floor":21},{"not_picked":["Slice+1"],"picked":"Bane","floor":22},{"not_picked":["Cloak And Dagger","Endless Agony+1"],"picked":"SKIP","floor":24},{"not_picked":["Underhanded Strike"],"picked":"Escape Plan","floor":25},{"not_picked":["Flying Knee","Deflect"],"picked":"SKIP","floor":29},{"not_picked":["Sucker Punch"],"picked":"Bouncing Flask","floor":30},{"not_picked":["Bouncing Flask","Dagger Spray"],"picked":"SKIP","floor":35},{"not_picked":["PiercingWail+1"],"picked":"Well Laid Plans","floor":36},{"not_picked":["Poisoned Stab+1","Acrobatics"],"picked":"SKIP","floor":38},{"not_picked":["Slice","Sucker Punch"],"picked":"SKIP","floor":39},{"not_picked":["Dagger Throw+1","Underhanded Strike+1"],"picked":"SKIP","floor":41},{"not_picked":["Dodge and Roll","Bouncing Flask"],"picked":"SKIP","floor":42},{"not_picked":["Prepared","Cloak And Dagger"],"picked":"SKIP","floor":45},{"not_picked":["Crippling Poison+1","Well Laid Plans"],"picked":"SKIP","floor":48}],"player_experience":217349,"relics_obtained":[{"floor":7,"key":"Pear"},{"floor":9,"key":"Question Card"},{"floor":11,"key":"Anchor"},{"floor":13,"key":"StoneCalendar"},{"floor":25,"key":"Pen Nib"},{"floor":26,"key":"Blood Vial"},{"floor":42,"key":"Ninja Scroll"},{"floor":43,"key":"War Paint"},{"floor":45,"key":"Strawberry"}],"event_choices":[{"cards_removed":["Defend_G"],"damage_healed":0,"gold_gain":0,"player_choice":"Card Removal","damage_taken":0,"max_hp_gain":0,"max_hp_loss":0,"event_name":"The Cleric","floor":2,"gold_loss":50},{"damage_healed":0,"gold_gain":75,"player_choice":"Gather Gold","damage_taken":11,"max_hp_gain":0,"max_hp_loss":0,"event_name":"World of Goop","floor":3,"gold_loss":0},{"damage_healed":0,"gold_gain":0,"player_choice":"Lose Max HP","damage_taken":0,"relics_obtained":["Golden Idol"],"max_hp_gain":0,"max_hp_loss":5,"event_name":"Golden Idol","floor":4,"gold_loss":0},{"damage_healed":0,"gold_gain":0,"player_choice":"Became a vampire (Vial)","damage_taken":0,"max_hp_gain":0,"max_hp_loss":0,"event_name":"Vampires","floor":28,"relics_lost":["Blood Vial"],"gold_loss":0,"cards_obtained":["Bite","Bite","Bite","Bite","Bite"]},{"damage_healed":25,"gold_gain":0,"player_choice":"Heal","damage_taken":0,"max_hp_gain":0,"max_hp_loss":0,"event_name":"The Library","floor":31,"gold_loss":0},{"damage_healed":0,"gold_gain":0,"player_choice":"Got Potions","damage_taken":0,"max_hp_gain":0,"max_hp_loss":0,"event_name":"Lab","floor":47,"gold_loss":0}],"is_beta":false,"boss_relics":[{"not_picked":["Cursed Key","Lizard Tail"],"picked":"Busted Crown"},{"not_picked":["Black Star","Snecko Eye"],"picked":"Ring of the Serpent"}],"items_purged_floors":[20,37],"is_endless":false,"potions_floor_spawned":[11,13,16,21,24,25,30,33,35,42,48],"ascension_level":10}