{"gold_per_floor":[109,119,119,131,149,183,183,211,211,211,240,256,272,272,272,374,374,358,0,0,14,27,27,41,55,131,131,53,53,70,89,89,89],"floor_reached":33,"playtime":2560,"items_purged":["Strike_G"],"score":420,"play_id":"12f495bf-813e-43c0-88b3-2bb120849318","local_time":"20190106194654","is_ascension_mode":true,"campfire_choices":[{"floor":7,"key":"REST"},{"floor":10,"key":"REST"},{"floor":15,"key":"REST"},{"floor":23,"key":"REST"},{"floor":27,"key":"REST"},{"floor":29,"key":"REST"},{"floor":32,"key":"REST"}],"neow_cost":"NONE","seed_source_timestamp":1543917047844221,"circlet_count":0,"master_deck":["AscendersBane","Defend_G","Defend_G","Defend_G","Defend_G","Defend_G","Strike_G","Strike_G","Strike_G","Survivor","Neutralize","Dash","Cloak And Dagger","Heel Hook","Sucker Punch","Cloak And Dagger","Dagger Throw","Dodge and Roll+1","Infinite Blades","Underhanded Strike","Cloak And Dagger","Dagger Spray","Slice","Footwork","Infinite Blades+1"],"relics":["Busted Crown","Pocketwatch","Happy Flower","Bag of Preparation","Bottled Lightning","Sundial","WristBlade","Vajra","Gremlin Horn"],"potions_floor_usage":[6,6,16,24,31,33],"damage_taken":[{"damage":5,"enemies":"2 Louse","floor":1,"turns":3},{"damage":0,"enemies":"Cultist","floor":2,"turns":4},{"damage":3,"enemies":"Jaw Worm","floor":4,"turns":4},{"damage":2,"enemies":"Red Slaver","floor":5,"turns":4},{"damage":10,"enemies":"Gremlin Nob","floor":6,"turns":5},{"damage":15,"enemies":"3 Sentries","floor":8,"turns":11},{"damage":35,"enemies":"Lagavulin","floor":11,"turns":10},{"damage":1,"enemies":"Looter","floor":12,"turns":3},{"damage":0,"enemies":"Large Slime","floor":13,"turns":5},{"damage":23,"enemies":"Hexaghost","floor":16,"turns":11},{"damage":3,"enemies":"2 Thieves","floor":18,"turns":4},{"damage":0,"enemies":"Spheric Guardian","floor":21,"turns":3},{"damage":22,"enemies":"Snake Plant","floor":22,"turns":5},{"damage":7,"enemies":"Centurion and Healer","floor":24,"turns":6},{"damage":18,"enemies":"Chosen and Byrds","floor":25,"turns":6},{"damage":24,"enemies":"Snake Plant","floor":30,"turns":7},{"damage":2,"enemies":"Centurion and Healer","floor":31,"turns":5},{"damage":65,"enemies":"Automaton","floor":33,"turns":10}],"seed_played":"7751835157863052453","potions_obtained":[{"floor":1,"key":"Block Potion"},{"floor":3,"key":"Ancient Potion"},{"floor":12,"key":"SteroidPotion"},{"floor":22,"key":"AttackPotion"},{"floor":24,"key":"PowerPotion"},{"floor":30,"key":"AttackPotion"}],"is_trial":false,"path_per_floor":["M","M","?","M","M","E","R","E","T","R","E","M","M","?","R","B",null,"M","$","?","M","M","R","M","M","T","R","$","R","M","M","R","B"],"character_chosen":"THE_SILENT","items_purchased":["Infinite Blades","Vajra","Underhanded Strike","Cloak And Dagger","Footwork"],"campfire_rested":7,"item_purchase_floors":[19,19,19,19,28],"current_hp_per_floor":[58,58,58,55,53,43,64,49,49,70,35,34,34,27,48,25,59,56,56,56,56,34,55,48,30,30,51,51,70,46,44,65,0],"gold":89,"neow_bonus":"BOSS_RELIC","is_prod":false,"is_daily":false,"chose_seed":false,"campfire_upgraded":0,"win_rate":0,"timestamp":1546804014,"path_taken":["M","M","?","M","M","E","R","E","T","R","E","?","M","?","R","BOSS","M","$","?","?","M","R","M","M","T","R","?","R","M","M","R","BOSS"],"build_version":"2019-01-03v4","purchased_purges":1,"victory":false,"max_hp_per_floor":[70,70,70,70,70,70,70,70,70,70,70,70,70,70,70,70,70,70,70,70,70,70,70,70,70,70,70,70,70,70,70,70,70],"card_choices":[{"not_picked":[],"picked":"Dash","floor":1},{"not_picked":["PiercingWail"],"picked":"SKIP","floor":2},{"not_picked":[],"picked":"Cloak And Dagger","floor":4},{"not_picked":[],"picked":"Heel Hook","floor":5},{"not_picked":["Concentrate"],"picked":"SKIP","floor":6},{"not_picked":[],"picked":"Sucker Punch","floor":8},{"not_picked":[],"picked":"Cloak And Dagger","floor":11},{"not_picked":["Prepared"],"picked":"SKIP","floor":12},{"not_picked":[],"picked":"Dagger Throw","floor":13},{"not_picked":[],"picked":"Dodge and Roll+1","floor":18},{"not_picked":["Escape Plan+1"],"picked":"SKIP","floor":21},{"not_picked":["Dodge and Roll"],"picked":"SKIP","floor":22},{"not_picked":[],"picked":"Dagger Spray","floor":24},{"not_picked":[],"picked":"Slice","floor":25},{"not_picked":[],"picked":"Infinite Blades+1","floor":30},{"not_picked":["Prepared"],"picked":"SKIP","floor":31}],"player_experience":1135321,"relics_obtained":[{"floor":6,"key":"Pocketwatch"},{"floor":8,"key":"Happy Flower"},{"floor":9,"key":"Bag of Preparation"},{"floor":11,"key":"Bottled Lightning"},{"floor":26,"key":"Gremlin Horn"}],"event_choices":[{"damage_healed":0,"gold_gain":0,"player_choice":"Got Potions","damage_taken":0,"max_hp_gain":0,"max_hp_loss":0,"event_name":"Lab","floor":3,"gold_loss":0},{"damage_healed":0,"gold_gain":0,"player_choice":"Success","damage_taken":7,"relics_obtained":["Sundial"],"max_hp_gain":0,"max_hp_loss":0,"event_name":"Scrap Ooze","floor":14,"gold_loss":0},{"cards_removed":["Strike_G"],"damage_healed":0,"gold_gain":0,"player_choice":"Purged","damage_taken":0,"max_hp_gain":0,"max_hp_loss":0,"event_name":"Purifier","floor":20,"gold_loss":0}],"is_beta":false,"boss_relics":[{"not_picked":["Calling Bell","Ectoplasm"],"picked":"WristBlade"}],"items_purged_floors":[19],"is_endless":false,"potions_floor_spawned":[1,5,12,22,24,30],"killed_by":"Automaton","ascension_level":11}