{"gold_per_floor":[109,34,52,52,52,52,66,66,92,92,136,155,230,245,245,338,338,359,372,13,13,34,34,65,65,65,65],"floor_reached":27,"playtime":1987,"items_purged":["Clumsy"],"score":429,"play_id":"4058cd8f-cdc1-453c-8885-d9e39b3e5e62","local_time":"20190122110922","is_ascension_mode":true,"campfire_choices":[{"data":"Body Slam","floor":6,"key":"SMITH"},{"data":"Feed","floor":8,"key":"SMITH"},{"data":"Clothesline","floor":10,"key":"SMITH"},{"floor":15,"key":"REST"},{"data":"Flame Barrier","floor":23,"key":"SMITH"},{"floor":25,"key":"REST"}],"neow_cost":"CURSE","seed_source_timestamp":256840334544207,"circlet_count":0,"master_deck":["AscendersBane","Strike_R","Strike_R","Strike_R","Defend_R","Defend_R","Defend_R","Defend_R","Bash","Feed+1","Berserk","Clothesline+1","Body Slam+1","Headbutt","Flame Barrier+1","Fiend Fire","Demon Form","Spot Weakness+1","True Grit"],"relics":["Black Blood","Golden Idol","Strawberry","Question Card","Lee\u0027s Waffle","Vajra","Meat on the Bone","Regal Pillow"],"potions_floor_usage":[16,24],"damage_taken":[{"damage":0,"enemies":"Cultist","floor":1,"turns":4},{"damage":7,"enemies":"2 Louse","floor":3,"turns":3},{"damage":0,"enemies":"Small Slimes","floor":7,"turns":3},{"damage":45,"enemies":"3 Sentries","floor":11,"turns":11},{"damage":9,"enemies":"3 Louse","floor":12,"turns":5},{"damage":10,"enemies":"Lots of Slimes","floor":14,"turns":3},{"damage":58,"enemies":"The Guardian","floor":16,"turns":17},{"damage":48,"enemies":"Shell Parasite","floor":18,"turns":16},{"damage":18,"enemies":"3 Byrds","floor":19,"turns":4},{"damage":49,"enemies":"Shelled Parasite and Fungi","floor":22,"turns":7},{"damage":73,"enemies":"Book of Stabbing","floor":24,"turns":7},{"damage":48,"enemies":"Centurion and Healer","floor":27,"turns":6}],"seed_played":"-24121412826586954","potions_obtained":[{"floor":3,"key":"FairyPotion"},{"floor":11,"key":"Swift Potion"},{"floor":14,"key":"Dexterity Potion"},{"floor":18,"key":"PowerPotion"}],"is_trial":false,"path_per_floor":["M","$","M","?","?","R","M","R","T","R","E","M","?","M","R","B",null,"M","M","$","?","M","R","E","R","T","M"],"character_chosen":"IRONCLAD","items_purchased":["Lee\u0027s Waffle","Vajra"],"campfire_rested":2,"item_purchase_floors":[20,20],"current_hp_per_floor":[74,74,76,76,71,71,74,74,81,81,46,47,36,36,63,15,77,39,31,104,104,65,65,13,44,44,0],"gold":65,"neow_bonus":"TRANSFORM_TWO_CARDS","is_prod":false,"is_daily":false,"chose_seed":false,"campfire_upgraded":4,"win_rate":0,"timestamp":1548155362,"path_taken":["M","$","M","?","?","R","M","R","T","R","E","M","?","M","R","BOSS","M","M","$","?","M","R","E","R","T","M"],"build_version":"2019-01-17v2","purchased_purges":1,"victory":false,"max_hp_per_floor":[75,75,78,78,71,71,74,74,81,81,85,89,89,93,93,97,97,97,97,104,104,104,104,104,104,104,104],"card_choices":[{"not_picked":["Perfected Strike","Infernal Blade"],"picked":"Clothesline","floor":1},{"not_picked":["Heavy Blade","Perfected Strike"],"picked":"Body Slam","floor":3},{"not_picked":["Seeing Red","Flex"],"picked":"Headbutt","floor":7},{"not_picked":["Hemokinesis","Warcry","Clothesline"],"picked":"SKIP","floor":11},{"not_picked":["Burning Pact","Thunderclap","Cleave"],"picked":"Flame Barrier","floor":12},{"not_picked":["Seeing Red","Dual Wield","Perfected Strike"],"picked":"Fiend Fire","floor":14},{"not_picked":["Impervious","Fiend Fire","Limit Break"],"picked":"Demon Form","floor":16},{"not_picked":["Warcry","Heavy Blade","Shockwave","Pommel Strike"],"picked":"SKIP","floor":18},{"not_picked":["Rampage","Reckless Charge","Twin Strike"],"picked":"Spot Weakness+1","floor":19},{"not_picked":["Flex","Wild Strike","Blood for Blood","Feel No Pain"],"picked":"SKIP","floor":22},{"not_picked":["Fire Breathing","Twin Strike+1","Dark Embrace"],"picked":"True Grit","floor":24}],"player_experience":1223891,"relics_obtained":[{"floor":9,"key":"Strawberry"},{"floor":11,"key":"Question Card"},{"floor":24,"key":"Meat on the Bone"},{"floor":26,"key":"Regal Pillow"}],"event_choices":[{"damage_healed":0,"gold_gain":0,"player_choice":"Ignored","damage_taken":0,"max_hp_gain":0,"max_hp_loss":0,"event_name":"Liars Game","floor":4,"gold_loss":0},{"damage_healed":0,"gold_gain":0,"player_choice":"Lose Max HP","damage_taken":0,"relics_obtained":["Golden Idol"],"max_hp_gain":0,"max_hp_loss":7,"event_name":"Golden Idol","floor":5,"gold_loss":0},{"damage_healed":0,"gold_gain":75,"player_choice":"Gather Gold","damage_taken":11,"max_hp_gain":0,"max_hp_loss":0,"event_name":"World of Goop","floor":13,"gold_loss":0},{"damage_healed":0,"gold_gain":0,"player_choice":"Got Potions","damage_taken":0,"max_hp_gain":0,"max_hp_loss":0,"event_name":"Lab","floor":21,"gold_loss":0}],"is_beta":false,"boss_relics":[{"not_picked":["Mark of Pain","Calling Bell"],"picked":"Black Blood"}],"items_purged_floors":[2],"is_endless":false,"potions_floor_spawned":[3,11,14,18,22],"killed_by":"Centurion and Healer","ascension_level":15}