{"gold_per_floor":[363,382,61,61,77,77,77,107,130,130,9,28,45,45,45,45],"floor_reached":16,"playtime":481,"items_purged":["Strike_R"],"score":150,"play_id":"34efd025-143f-4cbd-9b9d-a132fd8c0913","local_time":"20190207040137","is_ascension_mode":true,"campfire_choices":[{"data":"Bash","floor":6,"key":"SMITH"},{"data":"Ghostly Armor","floor":10,"key":"SMITH"},{"floor":15,"key":"REST"}],"neow_cost":"TEN_PERCENT_HP_LOSS","seed_source_timestamp":20734594761060,"circlet_count":0,"master_deck":["AscendersBane","Strike_R","Strike_R","Strike_R","Defend_R","Defend_R","Defend_R","Defend_R","Bash+1","Carnage","Ghostly Armor+1","Pummel","Shrug It Off"],"relics":["Burning Blood","Medical Kit","Boot","Vajra"],"potions_floor_usage":[5,16],"damage_taken":[{"damage":11,"enemies":"Jaw Worm","floor":1,"turns":4},{"damage":4,"enemies":"2 Louse","floor":2,"turns":4},{"damage":1,"enemies":"Small Slimes","floor":5,"turns":2},{"damage":35,"enemies":"Lagavulin","floor":8,"turns":5},{"damage":5,"enemies":"Red Slaver","floor":12,"turns":3},{"damage":28,"enemies":"Exordium Thugs","floor":13,"turns":6},{"damage":50,"enemies":"Slime Boss","floor":16,"turns":7}],"seed_played":"2433865525206077951","potions_obtained":[{"floor":2,"key":"AttackPotion"},{"floor":8,"key":"Dexterity Potion"}],"is_trial":false,"path_per_floor":["M","M","$","?","M","R","?","E","T","R","$","M","M","$","R","B"],"character_chosen":"IRONCLAD","items_purchased":["Medical Kit","Carnage","Pummel","Shrug It Off"],"campfire_rested":1,"item_purchase_floors":[3,3,11,11],"current_hp_per_floor":[67,69,69,62,67,67,67,38,38,38,38,39,17,17,38,0],"gold":45,"neow_bonus":"TWO_FIFTY_GOLD","is_prod":false,"is_daily":false,"chose_seed":false,"campfire_upgraded":2,"win_rate":0,"timestamp":1549479697,"path_taken":["M","M","$","?","M","R","?","E","T","R","?","M","M","$","R","BOSS"],"build_version":"2019-01-23","purchased_purges":1,"victory":false,"max_hp_per_floor":[72,72,72,72,72,72,72,72,72,72,72,72,72,72,72,72],"card_choices":[{"not_picked":["Cleave","Rage","Bloodletting"],"picked":"SKIP","floor":1},{"not_picked":["Power Through","Searing Blow","Sword Boomerang"],"picked":"SKIP","floor":2},{"not_picked":["Flex","Anger","Armaments"],"picked":"SKIP","floor":5},{"not_picked":["Sever Soul","Bloodletting"],"picked":"Ghostly Armor","floor":8},{"not_picked":["Warcry","Headbutt","Disarm"],"picked":"SKIP","floor":12},{"not_picked":["Searing Blow","Second Wind","Carnage"],"picked":"SKIP","floor":13}],"player_experience":182061,"relics_obtained":[{"floor":8,"key":"Boot"},{"floor":9,"key":"Vajra"}],"event_choices":[{"cards_removed":["Strike_R"],"damage_healed":0,"gold_gain":0,"player_choice":"Card Removal","damage_taken":7,"max_hp_gain":0,"max_hp_loss":0,"event_name":"Golden Wing","floor":4,"gold_loss":0},{"damage_healed":0,"gold_gain":0,"player_choice":"Searched \u00270\u0027 times","damage_taken":0,"max_hp_gain":0,"max_hp_loss":0,"event_name":"Dead Adventurer","floor":7,"gold_loss":0}],"is_beta":false,"boss_relics":[],"items_purged_floors":[3],"is_endless":false,"potions_floor_spawned":[2,8],"killed_by":"Slime Boss","ascension_level":10}