{"gold_per_floor":[218,236,411,426,439,474,474,490,570,113,113,113,142,152,152,257,257,274,286,42,55,66,92,108,108,131,231,245,245,261,261,261,357,357,375,375,375,424,424,424,458,458,483,483,510,26,54,70,70,70],"floor_reached":50,"playtime":5429,"items_purged":["Doubt","Strike_R"],"score":605,"play_id":"95775dd6-9a28-4c0b-bcd8-2499c98f5cec","local_time":"20190210134029","is_ascension_mode":false,"campfire_choices":[{"data":"Juggernaut","floor":7,"key":"SMITH"},{"data":"Shockwave","floor":15,"key":"SMITH"},{"data":"Heavy Blade","floor":29,"key":"SMITH"},{"data":"Fire Breathing","floor":32,"key":"SMITH"},{"floor":40,"key":"REST"},{"data":"Seeing Red","floor":42,"key":"SMITH"},{"data":"1","floor":49,"key":"LIFT"}],"neow_cost":"NONE","seed_source_timestamp":190985371990101,"circlet_count":0,"master_deck":["Defend_R","Defend_R","Defend_R","Defend_R","Fire Breathing+1","Whirlwind","Shockwave+1","Juggernaut+1","Infernal Blade","Metallicize","Heavy Blade","Demon Form","Dual Wield","Burning Pact+1","Heavy Blade+1","Battle Trance+1","Warcry","Shame","Dropkick","Flex","Bite+1","Bite","Bite","Bite+1","Bite","Dark Embrace","Pummel","Inflame+1","Carnage+1","Impervious","Seeing Red+1","Finesse"],"relics":["Burning Blood","Lantern","Meat on the Bone","Red Skull","Bottled Lightning","Pocketwatch","Juzu Bracelet","Orichalcum","Sundial","Pen Nib","Regal Pillow","FossilizedHelix","Ornamental Fan","Orrery","Ginger","Smiling Mask","Dream Catcher","Whetstone","Anchor","Girya","Sling","Dodecahedron"],"potions_floor_usage":[41,41],"damage_taken":[{"damage":10,"enemies":"Small Slimes","floor":1,"turns":5},{"damage":14,"enemies":"Jaw Worm","floor":2,"turns":4},{"damage":1,"enemies":"2 Louse","floor":4,"turns":3},{"damage":9,"enemies":"Looter","floor":5,"turns":5},{"damage":47,"enemies":"3 Sentries","floor":6,"turns":9},{"damage":4,"enemies":"Blue Slaver","floor":8,"turns":4},{"damage":13,"enemies":"Gremlin Nob","floor":13,"turns":4},{"damage":5,"enemies":"Large Slime","floor":14,"turns":5},{"damage":35,"enemies":"The Guardian","floor":16,"turns":10},{"damage":21,"enemies":"2 Thieves","floor":18,"turns":5},{"damage":11,"enemies":"Shell Parasite","floor":19,"turns":4},{"damage":18,"enemies":"Snake Plant","floor":21,"turns":5},{"damage":1,"enemies":"Chosen and Byrds","floor":22,"turns":5},{"damage":18,"enemies":"Gremlin Leader","floor":23,"turns":6},{"damage":11,"enemies":"Cultist and Chosen","floor":24,"turns":5},{"damage":20,"enemies":"Colosseum Slavers","floor":27,"turns":4},{"damage":20,"enemies":"Colosseum Nobs","floor":27,"turns":4},{"damage":0,"enemies":"Centurion and Healer","floor":28,"turns":5},{"damage":9,"enemies":"Shelled Parasite and Fungi","floor":30,"turns":3},{"damage":51,"enemies":"Champ","floor":33,"turns":10},{"damage":3,"enemies":"Orb Walker","floor":35,"turns":3},{"damage":56,"enemies":"2 Orb Walkers","floor":38,"turns":6},{"damage":36,"enemies":"Giant Head","floor":41,"turns":8},{"damage":24,"enemies":"Nemesis","floor":47,"turns":3},{"damage":0,"enemies":"3 Shapes","floor":48,"turns":7},{"damage":76,"enemies":"Time Eater","floor":50,"turns":8}],"seed_played":"7172162496492023228","potions_obtained":[{"floor":4,"key":"FearPotion"},{"floor":5,"key":"LiquidBronze"},{"floor":6,"key":"AttackPotion"},{"floor":16,"key":"Block Potion"},{"floor":41,"key":"Swift Potion"}],"is_trial":false,"path_per_floor":["M","M","?","M","M","E","R","M","T","$","?","?","E","M","R","B",null,"M","M","$","M","M","E","M","?","T","?","M","R","M","?","R","B",null,"M","?","?","?","?","R","E","R","T","?","T","$","E","M","R","B"],"character_chosen":"IRONCLAD","items_purchased":["Red Skull","Bottled Lightning","Orichalcum","Girya","Sling"],"campfire_rested":1,"item_purchase_floors":[10,10,20,46,46],"current_hp_per_floor":[76,68,68,73,70,29,29,31,31,31,31,24,29,42,42,25,80,65,60,60,48,53,53,48,48,48,44,50,50,47,47,47,31,56,56,56,56,20,20,51,35,35,35,35,35,35,29,39,39,0],"gold":70,"neow_bonus":"HUNDRED_GOLD","is_prod":false,"is_daily":false,"chose_seed":false,"campfire_upgraded":5,"win_rate":0.0,"timestamp":1549802429,"path_taken":["M","M","?","M","M","E","R","M","T","$","?","?","E","M","R","BOSS","M","M","$","M","M","E","M","?","T","?","M","R","M","?","R","BOSS","M","?","?","?","?","R","E","R","T","?","?","$","E","M","R","BOSS"],"build_version":"2019-01-23","purchased_purges":2,"victory":false,"max_hp_per_floor":[80,80,80,80,80,80,80,80,80,80,80,80,80,80,80,80,80,80,80,80,80,80,80,80,80,80,80,80,80,80,56,56,56,56,56,56,56,56,56,56,56,56,56,56,56,56,56,56,56,56],"card_choices":[{"not_picked":["Thunderclap","Flex"],"picked":"Fire Breathing","floor":1},{"not_picked":["Shockwave","Shrug It Off"],"picked":"Whirlwind","floor":2},{"not_picked":["Iron Wave","Headbutt"],"picked":"Shockwave","floor":4},{"not_picked":["Twin Strike","Sword Boomerang","Perfected Strike"],"picked":"SKIP","floor":5},{"not_picked":["Power Through","Dropkick"],"picked":"Juggernaut","floor":6},{"not_picked":["Blood for Blood","Hemokinesis"],"picked":"Infernal Blade","floor":8},{"not_picked":["Flex","Perfected Strike"],"picked":"Metallicize","floor":13},{"not_picked":["Anger","True Grit"],"picked":"Heavy Blade","floor":14},{"not_picked":["Exhume","Limit Break"],"picked":"Demon Form","floor":16},{"not_picked":["Headbutt","Havoc","Dropkick+1"],"picked":"SKIP","floor":18},{"not_picked":["Twin Strike+1","Havoc"],"picked":"Dual Wield","floor":19},{"not_picked":["Armaments","Blood for Blood"],"picked":"Burning Pact+1","floor":21},{"not_picked":["Havoc","Clothesline"],"picked":"Heavy Blade","floor":22},{"not_picked":["Fire Breathing","Brutality"],"picked":"Battle Trance+1","floor":23},{"not_picked":["Pommel Strike+1","Wild Strike"],"picked":"Warcry","floor":24},{"not_picked":["Anger","Shrug It Off"],"picked":"Dropkick","floor":27},{"not_picked":["Wild Strike+1","Evolve"],"picked":"Flex","floor":28},{"not_picked":["Shockwave+1","Iron Wave","Clothesline"],"picked":"SKIP","floor":30},{"not_picked":["Bludgeon","Fiend Fire"],"picked":"Dark Embrace","floor":33},{"not_picked":["Sentinel+1","Rampage+1"],"picked":"Pummel","floor":34},{"not_picked":["Wild Strike","Shrug It Off"],"picked":"Inflame+1","floor":34},{"not_picked":["Combust","Wild Strike+1"],"picked":"Carnage+1","floor":34},{"not_picked":["Shrug It Off+1","Shockwave+1"],"picked":"Impervious","floor":35},{"not_picked":["Clothesline+1","Disarm"],"picked":"Seeing Red","floor":38},{"not_picked":["Reckless Charge","Headbutt","Havoc+1"],"picked":"SKIP","floor":41},{"not_picked":["Good Instincts","Blind"],"picked":"Finesse","floor":44},{"not_picked":["Shockwave+1","Shrug It Off+1","Heavy Blade+1"],"picked":"SKIP","floor":47},{"not_picked":["Heavy Blade+1","Havoc+1","Wild Strike+1"],"picked":"SKIP","floor":48}],"player_experience":147703,"relics_obtained":[{"floor":6,"key":"Lantern"},{"floor":9,"key":"Meat on the Bone"},{"floor":13,"key":"Juzu Bracelet"},{"floor":23,"key":"Sundial"},{"floor":26,"key":"Regal Pillow"},{"floor":27,"key":"FossilizedHelix"},{"floor":27,"key":"Ornamental Fan"},{"floor":38,"key":"Ginger"},{"floor":41,"key":"Dream Catcher"},{"floor":43,"key":"Whetstone"},{"floor":45,"key":"Anchor"},{"floor":47,"key":"Dodecahedron"}],"event_choices":[{"damage_healed":0,"gold_gain":175,"player_choice":"AGREE","damage_taken":0,"max_hp_gain":0,"max_hp_loss":0,"event_name":"Liars Game","floor":3,"gold_loss":0,"cards_obtained":["Doubt"]},{"damage_healed":0,"gold_gain":0,"player_choice":"Box","damage_taken":0,"relics_obtained":["Pocketwatch"],"max_hp_gain":0,"max_hp_loss":0,"event_name":"Big Fish","floor":11,"gold_loss":0,"cards_obtained":["Regret"]},{"cards_removed":["Regret"],"damage_healed":0,"gold_gain":0,"player_choice":"Card Removal","damage_taken":7,"max_hp_gain":0,"max_hp_loss":0,"event_name":"Golden Wing","floor":12,"gold_loss":0},{"damage_healed":0,"gold_gain":0,"player_choice":"Stole Relic","damage_taken":0,"relics_obtained":["Pen Nib"],"max_hp_gain":0,"max_hp_loss":0,"event_name":"Addict","floor":25,"gold_loss":0,"cards_obtained":["Shame"]},{"damage_healed":0,"gold_gain":0,"player_choice":"Fight","damage_taken":0,"max_hp_gain":0,"max_hp_loss":0,"event_name":"Colosseum","floor":27,"gold_loss":0},{"damage_healed":0,"gold_gain":0,"player_choice":"Fought Nobs","damage_taken":0,"max_hp_gain":0,"max_hp_loss":0,"event_name":"Colosseum","floor":27,"gold_loss":0},{"damage_healed":0,"gold_gain":0,"player_choice":"Became a vampire","damage_taken":0,"max_hp_gain":0,"max_hp_loss":24,"event_name":"Vampires","floor":31,"gold_loss":0,"cards_obtained":["Bite","Bite","Bite","Bite","Bite"]},{"damage_healed":0,"gold_gain":0,"player_choice":"Ignored","damage_taken":0,"max_hp_gain":0,"max_hp_loss":0,"event_name":"Tomb of Lord Red Mask","floor":36,"gold_loss":0},{"cards_removed":["Bash"],"damage_healed":0,"gold_gain":0,"player_choice":"Removed Attack","damage_taken":0,"max_hp_gain":0,"max_hp_loss":0,"event_name":"Falling","floor":37,"gold_loss":0},{"damage_healed":0,"gold_gain":0,"player_choice":"Fight","damage_taken":0,"max_hp_gain":0,"max_hp_loss":0,"event_name":"Mysterious Sphere","floor":38,"gold_loss":0},{"damage_healed":0,"gold_gain":0,"player_choice":"Gave Potion","damage_taken":0,"relics_obtained":["Smiling Mask"],"max_hp_gain":0,"max_hp_loss":0,"event_name":"WeMeetAgain","floor":39,"gold_loss":0},{"damage_healed":0,"gold_gain":0,"player_choice":"Memory 1","damage_taken":0,"max_hp_gain":0,"max_hp_loss":0,"event_name":"SensoryStone","floor":44,"gold_loss":0}],"is_beta":false,"boss_relics":[{"not_picked":["Ectoplasm","Snecko Eye","Velvet Choker"]},{"not_picked":["Runic Pyramid","Eternal Feather"],"picked":"Orrery"}],"items_purged_floors":[10,20],"is_endless":false,"potions_floor_spawned":[4,5,6,13,16,19,21,23,27,27,41],"killed_by":"Time Eater","ascension_level":0}