{"gold_per_floor":[109,109,109,120,120,151,151,165,165,178,178,189,189,217,229,337,349,373,385,322,322,336,336,348,348,348,362,362,362],"floor_reached":29,"playtime":1795,"items_purged":["Strike_R"],"score":315,"play_id":"664e1acb-f529-4d85-a64a-1cbbd4d6ea81","local_time":"20190204023816","is_ascension_mode":true,"campfire_choices":[{"data":"Bash","floor":7,"key":"SMITH"},{"floor":11,"key":"DIG"},{"floor":13,"key":"DIG"},{"floor":15,"key":"DIG"},{"floor":23,"key":"DIG"},{"floor":25,"key":"DIG"}],"neow_cost":"PERCENT_DAMAGE","seed_source_timestamp":21105203809720,"circlet_count":0,"master_deck":["Strike_R","Defend_R","Defend_R+1","Defend_R","Defend_R","Bash+1","Carnage","Pommel Strike","Ghostly Armor+1","Immolate","Barricade+1","Shrug It Off","Double Tap","Heavy Blade"],"relics":["Burning Blood","FossilizedHelix","Torii","Bag of Marbles","Shovel","War Paint","MawBank","Strawberry","White Beast Statue","Dodecahedron","Gambling Chip","Kunai","Ornamental Fan"],"potions_floor_usage":[6,16,16,24,24,29],"damage_taken":[{"damage":0,"enemies":"2 Louse","floor":1,"turns":4},{"damage":8,"enemies":"Jaw Worm","floor":4,"turns":5},{"damage":23,"enemies":"3 Sentries","floor":6,"turns":10},{"damage":0,"enemies":"Cultist","floor":8,"turns":2},{"damage":8,"enemies":"3 Louse","floor":10,"turns":3},{"damage":0,"enemies":"Red Slaver","floor":12,"turns":4},{"damage":0,"enemies":"Large Slime","floor":14,"turns":3},{"damage":5,"enemies":"The Guardian","floor":16,"turns":15},{"damage":0,"enemies":"Chosen","floor":18,"turns":4},{"damage":61,"enemies":"Spheric Guardian","floor":22,"turns":15},{"damage":9,"enemies":"Chosen and Byrds","floor":24,"turns":6},{"damage":0,"enemies":"3 Cultists","floor":27,"turns":4},{"damage":0,"enemies":"Book of Stabbing","floor":29,"turns":4}],"seed_played":"3410457163452391105","potions_obtained":[{"floor":1,"key":"LiquidBronze"},{"floor":8,"key":"Block Potion"},{"floor":10,"key":"PowerPotion"},{"floor":14,"key":"Fire Potion"},{"floor":16,"key":"Strength Potion"},{"floor":18,"key":"Ancient Potion"},{"floor":22,"key":"SteroidPotion"},{"floor":24,"key":"Weak Potion"},{"floor":27,"key":"SteroidPotion"}],"is_trial":false,"path_per_floor":["M","?","?","M","?","E","R","M","T","M","R","M","R","M","R","B",null,"M","?","$","?","M","R","M","R","T","M","?","E"],"character_chosen":"IRONCLAD","items_purchased":[],"campfire_rested":0,"item_purchase_floors":[],"current_hp_per_floor":[57,62,55,53,50,33,33,39,39,37,37,43,43,49,56,57,83,89,89,89,89,34,34,31,31,31,37,37,37],"gold":362,"neow_bonus":"ONE_RARE_RELIC","is_prod":false,"is_daily":false,"chose_seed":false,"campfire_upgraded":1,"win_rate":0,"timestamp":1549215496,"path_taken":["M","?","?","M","?","E","R","M","T","M","R","M","R","M","R","BOSS","M","?","$","?","?","R","M","R","T","M","?","E"],"build_version":"2019-01-23","purchased_purges":1,"victory":false,"max_hp_per_floor":[80,85,85,85,85,85,85,85,85,85,85,85,85,85,92,92,92,92,92,92,92,92,92,92,92,92,92,92,92],"card_choices":[{"not_picked":["Seeing Red","True Grit"],"picked":"Carnage","floor":1},{"not_picked":["Entrench","Twin Strike","Heavy Blade"],"picked":"SKIP","floor":4},{"not_picked":["Thunderclap","Dark Embrace"],"picked":"Pommel Strike","floor":6},{"not_picked":["Sentinel","Havoc","Clothesline"],"picked":"SKIP","floor":8},{"not_picked":["Power Through","Reckless Charge"],"picked":"Ghostly Armor","floor":10},{"not_picked":["Infernal Blade","True Grit","Combust"],"picked":"SKIP","floor":12},{"not_picked":["Clash","Armaments"],"picked":"Immolate","floor":14},{"not_picked":["Bludgeon","Berserk"],"picked":"Barricade","floor":16},{"not_picked":["Warcry","Feel No Pain"],"picked":"Shrug It Off","floor":18},{"not_picked":["Anger","Headbutt+1","Perfected Strike"],"picked":"SKIP","floor":22},{"not_picked":["Cleave","Bloodletting","Warcry+1"],"picked":"SKIP","floor":24},{"not_picked":["Havoc","Clothesline","Anger"],"picked":"SKIP","floor":27}],"player_experience":156543,"relics_obtained":[{"floor":6,"key":"Bag of Marbles"},{"floor":9,"key":"Shovel"},{"floor":11,"key":"War Paint"},{"floor":13,"key":"MawBank"},{"floor":15,"key":"Strawberry"},{"floor":23,"key":"Gambling Chip"},{"floor":25,"key":"Kunai"},{"floor":26,"key":"Ornamental Fan"}],"event_choices":[{"damage_healed":0,"gold_gain":0,"player_choice":"Donut","damage_taken":0,"max_hp_gain":5,"max_hp_loss":0,"event_name":"Big Fish","floor":2,"gold_loss":0},{"cards_removed":["Strike_R"],"damage_healed":0,"gold_gain":0,"player_choice":"Card Removal","damage_taken":7,"max_hp_gain":0,"max_hp_loss":0,"event_name":"Golden Wing","floor":3,"gold_loss":0},{"damage_healed":0,"gold_gain":0,"player_choice":"Success","damage_taken":3,"relics_obtained":["Torii"],"max_hp_gain":0,"max_hp_loss":0,"event_name":"Scrap Ooze","floor":5,"gold_loss":0},{"damage_healed":0,"gold_gain":0,"cards_transformed":["Strike_R","Strike_R"],"player_choice":"Became Test Subject","damage_taken":0,"max_hp_gain":0,"max_hp_loss":0,"event_name":"Drug Dealer","floor":19,"gold_loss":0,"cards_obtained":["Double Tap","Heavy Blade"]},{"damage_healed":0,"gold_gain":0,"player_choice":"Gave Potion","damage_taken":0,"relics_obtained":["Dodecahedron"],"max_hp_gain":0,"max_hp_loss":0,"event_name":"WeMeetAgain","floor":21,"gold_loss":0},{"damage_healed":0,"gold_gain":0,"player_choice":"Upgraded","damage_taken":0,"max_hp_gain":0,"max_hp_loss":0,"event_name":"Upgrade Shrine","floor":28,"gold_loss":0,"cards_upgraded":["Barricade"]}],"is_beta":false,"boss_relics":[{"not_picked":["Calling Bell","Orrery"],"picked":"White Beast Statue"}],"items_purged_floors":[20],"is_endless":false,"potions_floor_spawned":[1,8,10,14,16,18,22,24,27],"killed_by":"Book of Stabbing","ascension_level":8}