{"gold_per_floor":[113,213,213,213,228,253,253,271,271,271,19,29,29,41,41,41],"floor_reached":16,"playtime":1381,"items_purged":[],"score":100,"play_id":"3ca1371c-cdef-4d07-aeb5-446c6d9cc7d6","local_time":"20180626002555","is_ascension_mode":false,"campfire_choices":[{"floor":7,"key":"REST"},{"floor":10,"key":"REST"},{"floor":13,"key":"REST"},{"floor":15,"key":"REST"}],"neow_cost":"NONE","seed_source_timestamp":11285312621604,"circlet_count":0,"master_deck":["Strike_R","Strike_R","Strike_R+1","Strike_R","Defend_R","Defend_R","Defend_R","Defend_R","Bash","Uppercut","Shrug It Off+1","Perfected Strike","Entrench","Feel No Pain","Impervious","Twin Strike","Finesse","Twin Strike","Armaments","Anger","Carnage"],"relics":["Burning Blood","Question Card","Dream Catcher","Kunai","Bag of Preparation"],"potions_floor_usage":[6,16,16],"damage_taken":[{"damage":1,"enemies":"Cultist","floor":1,"turns":3},{"damage":2,"enemies":"Small Slimes","floor":5,"turns":4},{"damage":44,"enemies":"Lagavulin","floor":6,"turns":6},{"damage":0,"enemies":"Jaw Worm","floor":8,"turns":3},{"damage":10,"enemies":"2 Fungi Beasts","floor":12,"turns":4},{"damage":9,"enemies":"Blue Slaver","floor":14,"turns":3},{"damage":85,"enemies":"Hexaghost","floor":16,"turns":14}],"seed_played":"-3909898862167254908","potions_obtained":[{"floor":1,"key":"SkillPotion"},{"floor":8,"key":"Block Potion"},{"floor":14,"key":"SteroidPotion"}],"is_trial":false,"path_per_floor":["M","?","?","?","M","E","R","M","T","R","$","M","R","M","R"],"character_chosen":"IRONCLAD","items_purchased":["Finesse","Bag of Preparation"],"campfire_rested":4,"item_purchase_floors":[11,11],"current_hp_per_floor":[80,80,64,52,56,18,42,48,48,72,72,68,80,77,80,0],"gold":41,"neow_bonus":"TRANSFORM_CARD","is_prod":false,"is_daily":false,"chose_seed":false,"campfire_upgraded":0,"win_rate":0.0,"timestamp":1529997955,"path_taken":["M","?","?","?","M","E","R","M","T","R","?","M","R","M","R","BOSS"],"build_version":"2018-06-21v2","purchased_purges":0,"victory":false,"max_hp_per_floor":[80,80,80,80,80,80,80,80,80,80,80,80,80,80,80,80],"card_choices":[{"not_picked":["Burning Pact","Clash"],"picked":"Shrug It Off","floor":1},{"not_picked":["Headbutt","Infernal Blade","Flex"],"picked":"Perfected Strike","floor":5},{"not_picked":["Thunderclap","Infernal Blade","Reckless Charge"],"picked":"Entrench","floor":6},{"not_picked":["Whirlwind","Headbutt","Pommel Strike"],"picked":"Feel No Pain","floor":7},{"not_picked":["Spot Weakness","Clothesline","True Grit"],"picked":"Impervious","floor":8},{"not_picked":["Clothesline","Corruption","Flex"],"picked":"Twin Strike","floor":10},{"not_picked":["True Grit","Power Through","Sever Soul"],"picked":"Twin Strike","floor":12},{"not_picked":["Pommel Strike","Second Wind","Twin Strike"],"picked":"Armaments","floor":13},{"not_picked":["Perfected Strike","Headbutt","Hemokinesis"],"picked":"Anger","floor":14},{"not_picked":["Iron Wave","Inflame","Warcry"],"picked":"Carnage","floor":15}],"player_experience":8551,"relics_obtained":[{"floor":6,"key":"Dream Catcher"},{"floor":9,"key":"Kunai"}],"event_choices":[{"event_name":"Golden Shrine","player_choice":"Pray","floor":2,"damage_taken":0},{"event_name":"Shining Light","player_choice":"Entered Light","floor":3,"damage_taken":0},{"event_name":"Scrap Ooze","player_choice":"success","floor":4,"damage_taken":12}],"boss_relics":[],"items_purged_floors":[],"is_endless":false,"potions_floor_spawned":[1,8,14],"killed_by":"Hexaghost","ascension_level":0}