{"gold_per_floor":[113,288,298,298,298,298,328,338,338,338,355,355,387,136,136,236,236,248,268,2,2,2,2,17,46,46,46,64,89,101,111,111,214,214,227,177,399,416,416,431,431,462,462,324,324,374,394,419,419,419],"floor_reached":51,"playtime":3503,"items_purged":["Strike_B","Zap+1","Lockon"],"score":845,"play_id":"6469b28f-7560-4863-9aa4-c9836aa95a11","local_time":"20181101153505","is_ascension_mode":true,"campfire_choices":[{"data":"Regret","floor":6,"key":"PURGE"},{"data":"Doubt","floor":10,"key":"PURGE"},{"data":"Zap","floor":12,"key":"SMITH"},{"data":"Hologram","floor":15,"key":"SMITH"},{"data":"Seek","floor":23,"key":"SMITH"},{"data":"Fusion","floor":27,"key":"SMITH"},{"data":"Beam Cell","floor":32,"key":"SMITH"},{"data":"Force Field+1","floor":41,"key":"PURGE"},{"data":"Double Energy+1","floor":45,"key":"PURGE"},{"data":"Defend_B","floor":49,"key":"PURGE"}],"neow_cost":"CURSE","seed_source_timestamp":84330760475055,"circlet_count":0,"master_deck":["Defend_B","Defend_B","Defend_B","Hologram+1","Genetic Algorithm","Streamline","Hyperbeam","Beam Cell+1","Seek+1","Rebound","Go for the Eyes","Hyperbeam","Fusion+1","Skim","Stack","Self Repair+1","Hologram+1","Hologram+1","Hyperbeam","FTL+1","Hologram+1","Rebound","Finesse+1","Hologram+1","Leap+1","Conserve Battery+1"],"relics":["Cracked Core","Peace Pipe","WarpedTongs","Frozen Egg 2","Meat on the Bone","Lantern","Membership Card","Coffee Dripper","Pantograph","ClockworkSouvenir","Kunai","The Courier","Red Mask","Astrolabe","Question Card","Toxic Egg 2","Prayer Wheel","Dodecahedron"],"potions_floor_usage":[13,13,19,30,33,46,48,48],"damage_taken":[{"damage":2,"enemies":"2 Louse","floor":1,"turns":2},{"damage":10,"enemies":"Small Slimes","floor":3,"turns":2},{"damage":14,"enemies":"3 Sentries","floor":7,"turns":9},{"damage":1,"enemies":"Cultist","floor":8,"turns":4},{"damage":0,"enemies":"Large Slime","floor":11,"turns":4},{"damage":18,"enemies":"Lagavulin","floor":13,"turns":6},{"damage":33,"enemies":"The Guardian","floor":16,"turns":8},{"damage":0,"enemies":"Spheric Guardian","floor":18,"turns":2},{"damage":0,"enemies":"2 Thieves","floor":19,"turns":1},{"damage":0,"enemies":"Sentry and Sphere","floor":24,"turns":3},{"damage":6,"enemies":"Gremlin Leader","floor":25,"turns":6},{"damage":0,"enemies":"Shelled Parasite and Fungi","floor":28,"turns":2},{"damage":0,"enemies":"Masked Bandits","floor":29,"turns":1},{"damage":10,"enemies":"Snecko","floor":30,"turns":3},{"damage":15,"enemies":"Snake Plant","floor":31,"turns":3},{"damage":41,"enemies":"Automaton","floor":33,"turns":8},{"damage":5,"enemies":"3 Darklings","floor":35,"turns":3},{"damage":0,"enemies":"Orb Walker","floor":38,"turns":3},{"damage":0,"enemies":"Jaw Worm Horde","floor":40,"turns":2},{"damage":20,"enemies":"Reptomancer","floor":42,"turns":4},{"damage":17,"enemies":"2 Orb Walkers","floor":46,"turns":4},{"damage":0,"enemies":"Sphere and 2 Shapes","floor":47,"turns":3},{"damage":34,"enemies":"Nemesis","floor":48,"turns":5},{"damage":0,"enemies":"Awakened One","floor":50,"turns":11}],"seed_played":"-8896676869991432282","potions_obtained":[{"floor":1,"key":"FearPotion"},{"floor":8,"key":"Regen Potion"},{"floor":13,"key":"AttackPotion"},{"floor":18,"key":"SteroidPotion"},{"floor":30,"key":"Ancient Potion"},{"floor":31,"key":"LiquidBronze"},{"floor":33,"key":"FocusPotion"},{"floor":38,"key":"FearPotion"},{"floor":42,"key":"PowerPotion"},{"floor":46,"key":"Fire Potion"}],"is_trial":false,"path_per_floor":["M","?","M","?","?","R","E","M","T","R","M","R","E","$","R","B",null,"M","M","$","?","?","R","M","E","T","R","M","?","M","M","R","B",null,"M","$","?","M","?","M","R","E","T","$","R","?","M","E","R","B"],"character_chosen":"DEFECT","items_purchased":["Membership Card","Beam Cell","Pantograph","ClockworkSouvenir","Hyperbeam","Finesse+1","Hologram+1","Leap+1"],"campfire_rested":0,"item_purchase_floors":[14,14,20,20,20,44,44,44],"current_hp_per_floor":[73,73,63,63,56,56,42,41,41,41,41,41,38,38,38,17,75,75,75,75,75,75,75,75,69,69,69,69,69,69,64,64,56,75,75,75,75,75,75,75,75,65,65,65,65,58,68,56,56,75],"gold":419,"neow_bonus":"ONE_RARE_RELIC","is_prod":false,"is_daily":false,"chose_seed":false,"campfire_upgraded":5,"win_rate":0,"timestamp":1541100905,"path_taken":["M","?","M","?","?","R","E","M","T","R","?","R","E","$","R","BOSS","M","M","$","?","?","R","M","E","T","R","?","?","M","M","R","BOSS","M","$","?","M","?","M","R","E","T","$","R","?","M","E","R","BOSS"],"build_version":"2018-10-25v2","purchased_purges":3,"victory":true,"max_hp_per_floor":[75,75,75,75,75,75,75,75,75,75,75,75,75,75,75,75,75,75,75,75,75,75,75,75,75,75,75,75,75,75,75,75,75,75,75,75,75,75,75,75,75,75,75,75,75,75,75,75,75,75],"card_choices":[{"not_picked":["Beam Cell","Undo"],"picked":"Hologram","floor":1},{"not_picked":["Rip and Tear","Storm"],"picked":"Genetic Algorithm","floor":3},{"not_picked":["Static Discharge","Consume"],"picked":"Lockon","floor":7},{"not_picked":["Go for the Eyes","Cold Snap"],"picked":"Recycle","floor":8},{"not_picked":["Beam Cell","Auto Shields"],"picked":"Streamline","floor":11},{"not_picked":["Redo","Darkness"],"picked":"Hyperbeam","floor":13},{"not_picked":["Creative AI+1","Rainbow"],"picked":"Seek","floor":16},{"not_picked":["Darkness","Beam Cell"],"picked":"Rebound","floor":18},{"not_picked":["Barrage","Rebound"],"picked":"Go for the Eyes","floor":19},{"not_picked":["Sweeping Beam","Go for the Eyes"],"picked":"Fusion","floor":24},{"not_picked":["Streamline","Doom and Gloom"],"picked":"Skim","floor":25},{"not_picked":["Force Field","Recycle"],"picked":"Stack","floor":28},{"not_picked":["Rebound","Sweeping Beam"],"picked":"Self Repair+1","floor":29},{"not_picked":["Ball Lightning","Go for the Eyes+1"],"picked":"Hologram+1","floor":30},{"not_picked":["Scrape","Steam Power"],"picked":"Hologram+1","floor":31},{"not_picked":["Reboot","Fission"],"picked":"Hyperbeam","floor":33},{"not_picked":["Storm+1","Capacitor+1"],"picked":"Hologram+1","floor":35},{"not_picked":["Steam","Ball Lightning+1","Turbo+1"],"picked":"SKIP","floor":38},{"not_picked":["Scrape","Redo+1"],"picked":"Rebound","floor":40},{"not_picked":["Hologram","Capacitor+1","Genetic Algorithm+1"],"picked":"SKIP","floor":42},{"not_picked":["Cold Snap+1","Leap+1","Gash"],"picked":"Conserve Battery+1","floor":46},{"not_picked":["Biased Cognition+1","Conserve Battery+1","Leap+1","Coolheaded+1"],"picked":"SKIP","floor":47},{"not_picked":["Auto Shields+1","Redo+1","Compile Driver+1","Conserve Battery+1"],"picked":"SKIP","floor":47},{"not_picked":["Go for the Eyes","Aggregate+1","Chill+1","Ball Lightning+1"],"picked":"SKIP","floor":48}],"player_experience":214030,"relics_obtained":[{"floor":7,"key":"Frozen Egg 2"},{"floor":9,"key":"Meat on the Bone"},{"floor":13,"key":"Lantern"},{"floor":25,"key":"Kunai"},{"floor":26,"key":"The Courier"},{"floor":29,"key":"Red Mask"},{"floor":42,"key":"Question Card"},{"floor":43,"key":"Toxic Egg 2"},{"floor":46,"key":"Prayer Wheel"},{"floor":48,"key":"Dodecahedron"}],"event_choices":[{"damage_healed":0,"gold_gain":175,"player_choice":"AGREE","damage_taken":0,"max_hp_gain":0,"max_hp_loss":0,"event_name":"Liars Game","floor":2,"gold_loss":0,"cards_obtained":["Doubt"]},{"damage_healed":0,"gold_gain":0,"player_choice":"Rummage","damage_taken":0,"relics_obtained":["WarpedTongs"],"max_hp_gain":0,"max_hp_loss":0,"event_name":"Accursed Blacksmith","floor":4,"gold_loss":0,"cards_obtained":["Pain"]},{"cards_removed":["Pain"],"damage_healed":0,"gold_gain":0,"player_choice":"Card Removal","damage_taken":7,"max_hp_gain":0,"max_hp_loss":0,"event_name":"Golden Wing","floor":5,"gold_loss":0},{"damage_healed":0,"gold_gain":0,"player_choice":"Ignored","damage_taken":0,"max_hp_gain":0,"max_hp_loss":0,"event_name":"Beggar","floor":21,"gold_loss":0},{"cards_removed":["Strike_B"],"damage_healed":0,"gold_gain":0,"player_choice":"Elegance","damage_taken":0,"max_hp_gain":0,"max_hp_loss":0,"event_name":"Back to Basics","floor":22,"gold_loss":0},{"damage_healed":0,"gold_gain":0,"player_choice":"Fought Bandits","damage_taken":0,"max_hp_gain":0,"max_hp_loss":0,"event_name":"Masked Bandits","floor":29,"gold_loss":0},{"damage_healed":0,"gold_gain":222,"player_choice":"Wore Mask","damage_taken":0,"max_hp_gain":0,"max_hp_loss":0,"event_name":"Tomb of Lord Red Mask","floor":37,"gold_loss":0},{"cards_removed":["Strike_B"],"damage_healed":0,"gold_gain":0,"player_choice":"Removed Attack","damage_taken":0,"max_hp_gain":0,"max_hp_loss":0,"event_name":"Falling","floor":39,"gold_loss":0},{"damage_healed":0,"gold_gain":0,"player_choice":"Fight","damage_taken":0,"max_hp_gain":0,"max_hp_loss":0,"event_name":"Mysterious Sphere","floor":46,"gold_loss":0}],"is_beta":false,"boss_relics":[{"not_picked":["Philosopher\u0027s Stone","FrozenCore"],"picked":"Coffee Dripper"},{"not_picked":["Black Star","Calling Bell"],"picked":"Astrolabe"}],"items_purged_floors":[14,36,44],"is_endless":false,"potions_floor_spawned":[1,8,13,18,30,31,33,38,42,46,47],"ascension_level":1}