{"gold_per_floor":[17,32,43,61,80,111,111,131,131,158,176,195,195,210,210,210],"floor_reached":16,"playtime":1341,"items_purged":[],"score":113,"play_id":"bdd8a97c-037a-41a8-8270-2f633fc4f0b8","local_time":"20190210233748","is_ascension_mode":true,"campfire_choices":[{"floor":7,"key":"REST"},{"floor":13,"key":"REST"},{"floor":15,"key":"REST"}],"neow_cost":"NO_GOLD","seed_source_timestamp":1281528931804588,"circlet_count":0,"master_deck":["Defend_G","Defend_G","Defend_G","Strike_G","Strike_G","Strike_G","Strike_G","Strike_G","Survivor","Neutralize","Terror","Sucker Punch","Heel Hook","Wraith Form v2","Heel Hook","Leg Sweep","Predator","Caltrops"],"relics":["Ring of the Snake","Pocketwatch","Bottled Flame","Odd Mushroom"],"potions_floor_usage":[3,6,6,11,12],"damage_taken":[{"damage":1,"enemies":"Cultist","floor":1,"turns":4},{"damage":0,"enemies":"Jaw Worm","floor":2,"turns":4},{"damage":2,"enemies":"Small Slimes","floor":3,"turns":5},{"damage":18,"enemies":"Exordium Thugs","floor":4,"turns":4},{"damage":10,"enemies":"Exordium Wildlife","floor":5,"turns":6},{"damage":40,"enemies":"3 Sentries","floor":6,"turns":13},{"damage":3,"enemies":"Looter","floor":8,"turns":4},{"damage":20,"enemies":"The Mushroom Lair","floor":10,"turns":7},{"damage":1,"enemies":"Blue Slaver","floor":11,"turns":4},{"damage":8,"enemies":"Gremlin Gang","floor":12,"turns":7},{"damage":0,"enemies":"3 Louse","floor":14,"turns":6},{"damage":46,"enemies":"The Guardian","floor":16,"turns":12}],"seed_played":"-7687587373522000529","potions_obtained":[{"floor":1,"key":"Weak Potion"},{"floor":3,"key":"Ancient Potion"},{"floor":5,"key":"Regen Potion"},{"floor":10,"key":"Strength Potion"},{"floor":11,"key":"AttackPotion"}],"is_trial":false,"path_per_floor":["M","M","M","M","M","E","R","M","T","?","M","M","R","M","R","B"],"character_chosen":"THE_SILENT","items_purchased":[],"campfire_rested":3,"item_purchase_floors":[],"current_hp_per_floor":[69,69,67,49,39,14,35,32,32,12,11,3,24,24,45,0],"gold":210,"neow_bonus":"REMOVE_TWO","is_prod":false,"is_daily":false,"chose_seed":false,"campfire_upgraded":0,"win_rate":0,"timestamp":1549859868,"path_taken":["M","M","?","M","M","E","R","M","T","?","M","M","R","M","R","BOSS"],"build_version":"2019-01-23","purchased_purges":0,"victory":false,"max_hp_per_floor":[70,70,70,70,70,70,70,70,70,70,70,70,70,70,70,70],"card_choices":[{"not_picked":["Acrobatics","Accuracy"],"picked":"Terror","floor":1},{"not_picked":["PiercingWail","Escape Plan"],"picked":"Sucker Punch","floor":2},{"not_picked":["Slice","All Out Attack"],"picked":"Heel Hook","floor":3},{"not_picked":["Cloak And Dagger","Blade Dance","Dodge and Roll"],"picked":"SKIP","floor":4},{"not_picked":["PiercingWail","Dagger Spray","Cloak And Dagger"],"picked":"SKIP","floor":5},{"not_picked":["Storm of Steel","Dodge and Roll"],"picked":"Wraith Form v2","floor":6},{"not_picked":["Expertise","Blur"],"picked":"Heel Hook","floor":8},{"not_picked":["Flying Knee","Distraction"],"picked":"Leg Sweep","floor":11},{"not_picked":["Blade Dance","Flying Knee"],"picked":"Predator","floor":12},{"not_picked":["Blade Dance","Flying Knee"],"picked":"Caltrops","floor":14}],"player_experience":102494,"relics_obtained":[{"floor":6,"key":"Pocketwatch"},{"floor":9,"key":"Bottled Flame"},{"floor":10,"key":"Odd Mushroom"}],"event_choices":[{"damage_healed":0,"gold_gain":0,"player_choice":"Fought Mushrooms","damage_taken":0,"max_hp_gain":0,"max_hp_loss":0,"event_name":"Mushrooms","floor":10,"gold_loss":0}],"is_beta":false,"boss_relics":[],"items_purged_floors":[],"is_endless":false,"potions_floor_spawned":[1,3,5,10,11],"killed_by":"The Guardian","ascension_level":1}