{"gold_per_floor":[112,112,132,153,78,78,116,116,143,168,30,55,9,0,0,0],"floor_reached":16,"playtime":1399,"items_purged":["Strike_B","Strike_B"],"score":113,"play_id":"2d0f0f8d-4c60-4dd2-8772-dec0e19c5ed9","local_time":"20190208235813","is_ascension_mode":true,"campfire_choices":[{"floor":6.0,"key":"REST"},{"floor":8.0,"key":"REST"},{"floor":15.0,"key":"REST"}],"neow_cost":"NONE","seed_source_timestamp":440695318317484,"circlet_count":0,"master_deck":["Strike_B","Strike_B","Defend_B","Defend_B","Defend_B","Defend_B","Zap","Dualcast","Defragment","Turbo","Steam","Hologram","Fusion","Defragment","Storm","Sweeping Beam"],"special_seed":0,"relics":["Cracked Core","Golden Idol","Centennial Puzzle","Odd Mushroom"],"potions_floor_usage":[16],"damage_taken":[{"damage":4.0,"enemies":"2 Louse","floor":1.0,"turns":2.0},{"damage":2.0,"enemies":"Jaw Worm","floor":3.0,"turns":4.0},{"damage":5.0,"enemies":"Small Slimes","floor":4.0,"turns":4.0},{"damage":34.0,"enemies":"Lagavulin","floor":7.0,"turns":10.0},{"damage":13.0,"enemies":"3 Louse","floor":10.0,"turns":5.0},{"damage":22.0,"enemies":"The Mushroom Lair","floor":12.0,"turns":6.0},{"damage":55,"enemies":"The Guardian","floor":16,"turns":10}],"seed_played":"4436386474072336080","potions_obtained":[{"floor":7.0,"key":"Block Potion"}],"is_trial":false,"path_per_floor":["M","?","M","M","$","R","E","R","T","M","$","?","$","?","R","B"],"character_chosen":"DEFECT","items_purchased":["Defragment","Sweeping Beam"],"campfire_rested":3,"item_purchase_floors":[11,13],"current_hp_per_floor":[78,58,56,51,51,75,41,65,65,52,52,30,30,30,54,0],"gold":0,"neow_bonus":"TEN_PERCENT_HP_BONUS","is_prod":false,"is_daily":false,"chose_seed":false,"campfire_upgraded":0,"win_rate":0,"timestamp":1549666693,"path_taken":["M","?","M","M","$","R","E","R","T","M","$","?","$","?","R","BOSS"],"build_version":"2019-01-23","purchased_purges":2,"victory":false,"max_hp_per_floor":[82,82,82,82,82,82,82,82,82,82,82,82,82,82,82,82],"card_choices":[{"not_picked":["Cold Snap","Coolheaded"],"picked":"Defragment","floor":1.0},{"not_picked":["Coolheaded","Stack"],"picked":"Turbo","floor":3.0},{"not_picked":["Beam Cell","Stack"],"picked":"Steam","floor":4.0},{"not_picked":["Cold Snap","Auto Shields"],"picked":"Hologram","floor":7.0},{"not_picked":["Auto Shields","Leap"],"picked":"Fusion","floor":10.0},{"not_picked":["Stack","Steam"],"picked":"Storm","floor":12.0}],"player_experience":299501,"relics_obtained":[{"floor":7.0,"key":"Centennial Puzzle"},{"floor":12.0,"key":"Odd Mushroom"}],"event_choices":[{"damage_healed":0.0,"max_hp_gain":0.0,"max_hp_loss":0.0,"gold_gain":0.0,"event_name":"Golden Idol","player_choice":"Take Damage","floor":2.0,"gold_loss":0.0,"damage_taken":20.0,"relics_obtained":["Golden Idol"]},{"damage_healed":0.0,"max_hp_gain":0.0,"max_hp_loss":0.0,"gold_gain":0.0,"event_name":"Mushrooms","player_choice":"Fought Mushrooms","floor":12.0,"gold_loss":0.0,"damage_taken":0.0},{"damage_healed":0.0,"max_hp_gain":0.0,"max_hp_loss":0.0,"gold_gain":0.0,"event_name":"World of Goop","player_choice":"Left Gold","floor":14.0,"gold_loss":9.0,"damage_taken":0.0}],"is_beta":false,"boss_relics":[],"items_purged_floors":[5,11],"is_endless":false,"potions_floor_spawned":[7],"killed_by":"The Guardian","ascension_level":3}