{"gold_per_floor":[114,114,131,147,162,162,175,209,209,209,241,79,79,79,79,200,200,215,231,40,54,54,79,79,95,95,95,95,119,158,73,73,197,197,216,231,256,280,23,23,66,66,66,66,66,66,66,26,26,26],"floor_reached":51,"playtime":2444,"items_purged":["Strike_B"],"score":1061,"play_id":"7c63d2d1-c084-4f74-a242-41b0ba1d9594","local_time":"20190209184648","is_ascension_mode":true,"campfire_choices":[{"data":"Hologram","floor":6.0,"key":"SMITH"},{"floor":10.0,"key":"REST"},{"data":"Conserve Battery","floor":13.0,"key":"SMITH"},{"data":"Zap","floor":15.0,"key":"SMITH"},{"floor":24.0,"key":"REST"},{"floor":27.0,"key":"REST"},{"data":"Ghostly","floor":32.0,"key":"SMITH"},{"floor":40,"key":"REST"},{"floor":42,"key":"REST"},{"floor":47,"key":"DIG"},{"floor":49,"key":"DIG"}],"neow_cost":"NONE","seed_source_timestamp":695080146820000,"circlet_count":0,"master_deck":["Strike_B+1","Strike_B+1","Defend_B+1","Defend_B+1","Defend_B+1","Defend_B+1","Zap+1","Dualcast+1","Conserve Battery+1","Ball Lightning+1","Hologram+1","Machine Learning+1","Go for the Eyes+1","Leap+1","BootSequence+1","Storm+1","Coolheaded+1","Electrodynamics+1","Capacitor+1","Mayhem+1","Glacier+1","Coolheaded+1","Ghostly+1","Ghostly+1","Ghostly+1","Ghostly+1","Ghostly+1","Loop+1","Echo Form+1","Echo Form+1","Leap+1","Static Discharge+1","Capacitor+1"],"special_seed":0,"relics":["Cracked Core","Letter Opener","Frozen Egg 2","Omamori","Golden Idol","Inserter","Pocketwatch","Mercury Hourglass","Gremlin Horn","Orrery","Mummified Hand","Shuriken","Shovel","Mark of the Bloom","Question Card","Bottled Lightning"],"potions_floor_usage":[50,50,50],"damage_taken":[{"damage":11.0,"enemies":"Small Slimes","floor":1.0,"turns":3.0},{"damage":0.0,"enemies":"Cultist","floor":3.0,"turns":3.0},{"damage":0.0,"enemies":"Jaw Worm","floor":4.0,"turns":3.0},{"damage":15.0,"enemies":"Large Slime","floor":5.0,"turns":6.0},{"damage":8.0,"enemies":"Blue Slaver","floor":7.0,"turns":4.0},{"damage":20.0,"enemies":"Gremlin Nob","floor":8.0,"turns":4.0},{"damage":0.0,"enemies":"3 Sentries","floor":11.0,"turns":5.0},{"damage":25.0,"enemies":"Slime Boss","floor":16.0,"turns":9.0},{"damage":17.0,"enemies":"3 Byrds","floor":18.0,"turns":3.0},{"damage":12.0,"enemies":"2 Thieves","floor":19.0,"turns":3.0},{"damage":19.0,"enemies":"3 Cultists","floor":21.0,"turns":4.0},{"damage":12.0,"enemies":"Snake Plant","floor":23.0,"turns":4.0},{"damage":11.0,"enemies":"Snecko","floor":25.0,"turns":5.0},{"damage":0.0,"enemies":"Sentry and Sphere","floor":29.0,"turns":4.0},{"damage":3.0,"enemies":"Slavers","floor":30.0,"turns":5.0},{"damage":26.0,"enemies":"Champ","floor":33.0,"turns":13.0},{"damage":0.0,"enemies":"Orb Walker","floor":35.0,"turns":5.0},{"damage":11.0,"enemies":"3 Darklings","floor":36.0,"turns":4.0},{"damage":10.0,"enemies":"Transient","floor":37.0,"turns":5.0},{"damage":8.0,"enemies":"Writhing Mass","floor":38.0,"turns":7.0},{"damage":4,"enemies":"Giant Head","floor":41,"turns":10},{"damage":0,"enemies":"Awakened One","floor":50,"turns":14}],"seed_played":"-9056427014392225219","potions_obtained":[{"floor":5.0,"key":"Swift Potion"},{"floor":7.0,"key":"LiquidBronze"},{"floor":16.0,"key":"FocusPotion"},{"floor":19.0,"key":"Ancient Potion"},{"floor":29.0,"key":"GamblersBrew"},{"floor":30.0,"key":"Swift Potion"},{"floor":35.0,"key":"SteroidPotion"},{"floor":41,"key":"EssenceOfSteel"}],"is_trial":false,"path_per_floor":["M","?","M","M","M","R","M","E","T","R","E","$","R","?","R","B",null,"M","M","$","M","$","M","R","M","T","R","?","M","E","?","R","B",null,"M","M","M","M","$","R","E","R","T","?","?","?","R","$","R","B",null],"character_chosen":"DEFECT","items_purchased":["Storm+1","Coolheaded","Mayhem+1","Mummified Hand","Capacitor+1"],"campfire_rested":5,"item_purchase_floors":[12,12,20,39,48],"current_hp_per_floor":[64,64,64,64,49,49,41,21,21,45,45,45,45,45,45,20,62,45,33,33,14,14,2,24,13,13,35,35,35,32,32,32,6,30,30,19,9,1,1,12,8,19,19,19,19,19,19,19,19,19],"gold":26,"neow_bonus":"TEN_PERCENT_HP_BONUS","is_prod":false,"is_daily":false,"chose_seed":false,"campfire_upgraded":4,"win_rate":0,"timestamp":1549763208,"path_taken":["M","?","M","M","?","R","M","E","T","R","E","$","R","?","R","BOSS","M","M","$","M","$","M","R","M","T","R","?","M","E","?","R","BOSS","M","M","M","M","$","R","E","R","T","?","?","?","R","$","R","BOSS"],"build_version":"2019-01-23","purchased_purges":1,"victory":true,"max_hp_per_floor":[82,82,82,82,82,82,82,82,82,82,82,82,82,76,76,76,76,76,76,76,76,76,76,76,76,76,76,38,38,38,38,38,38,38,38,38,38,38,38,38,38,38,38,38,36,36,36,36,36,36],"card_choices":[{"not_picked":["Rebound","Loop"],"picked":"Conserve Battery","floor":1.0},{"not_picked":["Steam","Redo"],"picked":"Ball Lightning","floor":3.0},{"not_picked":["Rebound","Steam"],"picked":"Hologram","floor":4.0},{"not_picked":["Leap","Hologram"],"picked":"Machine Learning","floor":5.0},{"not_picked":["Skim","Streamline"],"picked":"Go for the Eyes","floor":7.0},{"not_picked":["Hello World","Stack"],"picked":"Leap","floor":8.0},{"not_picked":["Chaos","Sweeping Beam"],"picked":"BootSequence","floor":11.0},{"not_picked":["Core Surge","Creative AI+1"],"picked":"Electrodynamics+1","floor":16.0},{"not_picked":["Melter","Aggregate"],"picked":"Capacitor+1","floor":18.0},{"not_picked":["Tempest","Redo","Stack+1"],"picked":"SKIP","floor":19.0},{"not_picked":["Streamline","Hologram"],"picked":"Glacier","floor":21.0},{"not_picked":["Stack","Sweeping Beam","Barrage"],"picked":"SKIP","floor":23.0},{"not_picked":["FTL","Ball Lightning"],"picked":"Coolheaded","floor":25.0},{"not_picked":["Barrage","Reprogram","Beam Cell"],"picked":"SKIP","floor":29.0},{"not_picked":["Cold Snap","FTL"],"picked":"Loop+1","floor":30.0},{"not_picked":["Creative AI+1","Hyperbeam"],"picked":"Echo Form+1","floor":33.0},{"not_picked":["Redo","Compile Driver+1"],"picked":"Echo Form+1","floor":34.0},{"not_picked":["Stack","Steam"],"picked":"Leap","floor":34.0},{"not_picked":["Blizzard","Auto Shields+1","Recycle"],"picked":"SKIP","floor":35.0},{"not_picked":["Reprogram","Rainbow"],"picked":"Static Discharge+1","floor":36.0},{"not_picked":["Coolheaded","Gash+1","Steam Power+1"],"picked":"SKIP","floor":37.0},{"not_picked":["Rip and Tear+1","Go for the Eyes","Leap"],"picked":"SKIP","floor":38.0},{"not_picked":["Tempest+1","Redo","Scrape+1"],"picked":"SKIP","floor":41}],"player_experience":332495,"relics_obtained":[{"floor":8.0,"key":"Letter Opener"},{"floor":9.0,"key":"Frozen Egg 2"},{"floor":11.0,"key":"Omamori"},{"floor":26.0,"key":"Pocketwatch"},{"floor":30.0,"key":"Mercury Hourglass"},{"floor":41,"key":"Shuriken"},{"floor":43,"key":"Shovel"},{"floor":47,"key":"Question Card"},{"floor":49,"key":"Bottled Lightning"}],"event_choices":[{"cards_removed":["Strike_B"],"damage_healed":0.0,"max_hp_gain":0.0,"max_hp_loss":0.0,"gold_gain":0.0,"event_name":"Bonfire Elementals","player_choice":"Offered Basic","floor":2.0,"gold_loss":0.0,"damage_taken":0.0},{"damage_healed":0.0,"max_hp_gain":0.0,"max_hp_loss":6.0,"gold_gain":0.0,"event_name":"Golden Idol","player_choice":"Lose Max HP","floor":14.0,"gold_loss":0.0,"damage_taken":0.0,"relics_obtained":["Golden Idol"]},{"damage_healed":0.0,"max_hp_gain":0.0,"max_hp_loss":38.0,"gold_gain":0.0,"event_name":"Ghosts","player_choice":"Became a Ghost","floor":28.0,"gold_loss":0.0,"damage_taken":0.0,"cards_obtained":["Ghostly","Ghostly","Ghostly","Ghostly","Ghostly"]},{"damage_healed":0.0,"max_hp_gain":0.0,"max_hp_loss":0.0,"gold_gain":0.0,"event_name":"Addict","player_choice":"Obtained Relic","floor":31.0,"gold_loss":85.0,"damage_taken":0.0,"relics_obtained":["Gremlin Horn"]},{"damage_healed":0,"gold_gain":0,"player_choice":"Upgrade","damage_taken":0,"relics_obtained":["Mark of the Bloom"],"max_hp_gain":0,"max_hp_loss":0,"event_name":"MindBloom","floor":44,"gold_loss":0,"cards_upgraded":["Strike_B","Strike_B","Defend_B","Defend_B","Defend_B","Defend_B","Dualcast","Ball Lightning","Machine Learning","Go for the Eyes","Leap","BootSequence","Coolheaded","Glacier","Coolheaded","Ghostly","Ghostly","Ghostly","Ghostly","Leap"]},{"damage_healed":0,"gold_gain":0,"player_choice":"Max HP","damage_taken":0,"max_hp_gain":0,"max_hp_loss":2,"event_name":"Winding Halls","floor":45,"gold_loss":0},{"damage_healed":0,"gold_gain":0,"player_choice":"Ignored","damage_taken":0,"max_hp_gain":0,"max_hp_loss":0,"event_name":"Upgrade Shrine","floor":46,"gold_loss":0}],"is_beta":false,"boss_relics":[{"not_picked":["Runic Dome","Busted Crown"],"picked":"Inserter"},{"not_picked":["FrozenCore","Tiny House"],"picked":"Orrery"}],"items_purged_floors":[12],"is_endless":false,"potions_floor_spawned":[5,7,16,19,29,30,35,41],"ascension_level":7}