{"gold_per_floor":[366,376,376,386,15,15,43,43,43,43,43,59,59,83,83,83],"floor_reached":16,"playtime":1831,"items_purged":[],"score":105,"play_id":"89c41716-640f-4c70-9d58-0be6fba9a547","local_time":"20190131211308","is_ascension_mode":true,"campfire_choices":[{"floor":6,"key":"REST"},{"floor":8,"key":"REST"},{"data":"Storm of Steel","floor":10,"key":"SMITH"},{"floor":15,"key":"REST"}],"neow_cost":"PERCENT_DAMAGE","seed_source_timestamp":1134110702495403,"circlet_count":0,"master_deck":["Defend_G","Defend_G","Defend_G","Defend_G","Defend_G","Strike_G","Strike_G","Strike_G","Strike_G","Strike_G","Survivor","Neutralize","Blade Dance","Predator","Crippling Poison","Storm of Steel+1","Underhanded Strike","Acrobatics","Blade Dance","Injury","Bullet Time+1","Footwork"],"relics":["Ring of the Snake","Membership Card","Potion Belt","Matryoshka","Mummified Hand","Toxic Egg 2","Golden Idol","Ginger"],"potions_floor_usage":[16,16,16,16,16],"damage_taken":[{"damage":0,"enemies":"Cultist","floor":1,"turns":4},{"damage":0,"enemies":"2 Louse","floor":2,"turns":4},{"damage":0,"enemies":"Small Slimes","floor":4,"turns":3},{"damage":32,"enemies":"3 Sentries","floor":7,"turns":10},{"damage":7,"enemies":"Exordium Thugs","floor":12,"turns":4},{"damage":4,"enemies":"3 Louse","floor":14,"turns":3},{"damage":69,"enemies":"The Guardian","floor":16,"turns":13}],"seed_played":"-1204531800463910201","potions_obtained":[{"floor":7,"key":"Energy Potion"},{"floor":12,"key":"SneckoOil"},{"floor":14,"key":"EntropicBrew"}],"is_trial":false,"path_per_floor":["M","M","$","M","$","R","E","R","T","R","?","M","?","M","R","B"],"character_chosen":"THE_SILENT","items_purchased":["Membership Card","Potion Belt","Storm of Steel","Underhanded Strike","Acrobatics"],"campfire_rested":3,"item_purchase_floors":[5,5,5,5,5],"current_hp_per_floor":[49,49,49,49,49,70,38,59,59,59,59,52,52,48,69,0],"gold":83,"neow_bonus":"TWO_FIFTY_GOLD","is_prod":false,"is_daily":false,"chose_seed":false,"campfire_upgraded":1,"win_rate":0,"timestamp":1548965588,"path_taken":["M","?","$","M","$","R","E","R","T","R","?","M","?","M","R","BOSS"],"build_version":"2019-01-23","purchased_purges":0,"victory":false,"max_hp_per_floor":[70,70,70,70,70,70,70,70,70,70,70,70,70,70,70,70],"card_choices":[{"not_picked":["Cloak And Dagger","Deflect"],"picked":"Blade Dance","floor":1},{"not_picked":["Deadly Poison","Prepared"],"picked":"Predator","floor":2},{"not_picked":["Sucker Punch","Dagger Throw"],"picked":"Crippling Poison","floor":4},{"not_picked":["Quick Slash","Poisoned Stab"],"picked":"Blade Dance","floor":7},{"not_picked":["Slice","Dodge and Roll+1"],"picked":"Bullet Time+1","floor":12},{"not_picked":["Deadly Poison+1","Riddle With Holes"],"picked":"Footwork","floor":14}],"player_experience":33460,"relics_obtained":[{"floor":7,"key":"Matryoshka"},{"floor":9,"key":"Mummified Hand"},{"floor":9,"key":"Toxic Egg 2"}],"event_choices":[{"damage_healed":0,"gold_gain":0,"player_choice":"Take Wound","damage_taken":0,"relics_obtained":["Golden Idol"],"max_hp_gain":0,"max_hp_loss":0,"event_name":"Golden Idol","floor":11,"gold_loss":0,"cards_obtained":["Injury"]},{"damage_healed":0,"gold_gain":0,"player_choice":"Gave Potion","damage_taken":0,"relics_obtained":["Ginger"],"max_hp_gain":0,"max_hp_loss":0,"event_name":"WeMeetAgain","floor":13,"gold_loss":0}],"is_beta":false,"boss_relics":[],"items_purged_floors":[],"is_endless":false,"potions_floor_spawned":[7,12,14],"killed_by":"The Guardian","ascension_level":1}