{"gold_per_floor":[112,112,36,53,70,98,118,145,145,156,156,40,40,40,40,119,119,132,144,8,8],"floor_reached":21,"playtime":1174,"items_purged":["Strike_R","Strike_R"],"score":346,"play_id":"6b64e402-6364-4126-9c60-24ee3a7aac6b","local_time":"20181208131643","is_ascension_mode":true,"campfire_choices":[{"floor":11,"key":"REST"},{"data":"Perfected Strike","floor":13,"key":"SMITH"},{"data":"Double Tap","floor":15,"key":"SMITH"}],"neow_cost":"NONE","seed_source_timestamp":655516643108351,"circlet_count":0,"master_deck":["AscendersBane","Strike_R","Strike_R","Defend_R","Defend_R","Defend_R","Defend_R","Bash","Double Tap+1","Pommel Strike","Whirlwind","Perfected Strike+1","Thunderclap","Pommel Strike","Pommel Strike","Uppercut+1","Rampage+1","Feed+1","Shrug It Off","Pommel Strike+1","Flame Barrier"],"relics":["Black Blood","Mummified Hand","Oddly Smooth Stone","Molten Egg 2","Regal Pillow"],"potions_floor_usage":[6,8,16,18],"damage_taken":[{"damage":7,"enemies":"Small Slimes","floor":1,"turns":3},{"damage":8,"enemies":"2 Louse","floor":4,"turns":2},{"damage":0,"enemies":"Cultist","floor":5,"turns":2},{"damage":30,"enemies":"3 Sentries","floor":6,"turns":7},{"damage":0,"enemies":"Exordium Wildlife","floor":7,"turns":3},{"damage":34,"enemies":"Lagavulin","floor":8,"turns":5},{"damage":0,"enemies":"2 Fungi Beasts","floor":10,"turns":3},{"damage":62,"enemies":"Hexaghost","floor":16,"turns":10},{"damage":56,"enemies":"Shell Parasite","floor":18,"turns":5},{"damage":12,"enemies":"3 Byrds","floor":19,"turns":4},{"damage":11,"enemies":"Sentry and Sphere","floor":21,"turns":4}],"seed_played":"3449259326289030921","potions_obtained":[{"floor":5,"key":"Swift Potion"},{"floor":7,"key":"Fire Potion"},{"floor":10,"key":"EssenceOfSteel"},{"floor":16,"key":"Energy Potion"},{"floor":19,"key":"SpeedPotion"}],"is_trial":false,"path_per_floor":["M","?","$","M","M","E","M","E","T","M","R","$","R","?","R","B",null,"M","M","$","M"],"character_chosen":"IRONCLAD","items_purchased":["Whirlwind","Rampage+1","Flame Barrier"],"campfire_rested":1,"item_purchase_floors":[3,12,20],"current_hp_per_floor":[67,64,64,62,68,44,50,22,22,28,65,65,65,65,65,9,59,13,11,11,0],"gold":8,"neow_bonus":"ONE_RANDOM_RARE_CARD","is_prod":false,"is_daily":false,"chose_seed":false,"campfire_upgraded":2,"win_rate":0,"timestamp":1544275003,"path_taken":["M","?","$","M","M","E","M","E","T","M","R","$","R","?","R","BOSS","M","?","$","M"],"build_version":"2018-12-06","purchased_purges":2,"victory":false,"max_hp_per_floor":[75,75,75,75,75,75,75,75,75,75,75,75,75,75,75,75,75,75,75,75,75],"card_choices":[{"not_picked":["Clash","Flex"],"picked":"Pommel Strike","floor":1},{"not_picked":["Clothesline","Wild Strike"],"picked":"Perfected Strike","floor":4},{"not_picked":["Anger","Armaments"],"picked":"Thunderclap","floor":5},{"not_picked":["Sword Boomerang","Clash"],"picked":"Pommel Strike","floor":6},{"not_picked":["Rage","Heavy Blade"],"picked":"Pommel Strike","floor":7},{"not_picked":["Armaments","Clash","Warcry"],"picked":"SKIP","floor":8},{"not_picked":["Thunderclap+1","Perfected Strike+1"],"picked":"Uppercut+1","floor":10},{"not_picked":["Double Tap","Offering"],"picked":"Feed+1","floor":16},{"not_picked":["Power Through","Seeing Red+1"],"picked":"Shrug It Off","floor":18},{"not_picked":["Entrench","Havoc"],"picked":"Pommel Strike+1","floor":19}],"player_experience":999470,"relics_obtained":[{"floor":6,"key":"Oddly Smooth Stone"},{"floor":8,"key":"Molten Egg 2"},{"floor":9,"key":"Regal Pillow"}],"event_choices":[{"damage_healed":0,"gold_gain":0,"player_choice":"Success","damage_taken":3,"relics_obtained":["Mummified Hand"],"max_hp_gain":0,"max_hp_loss":0,"event_name":"Scrap Ooze","floor":2,"gold_loss":0},{"cards_removed":["Strike_R"],"damage_healed":0,"gold_gain":0,"player_choice":"Purged","damage_taken":0,"max_hp_gain":0,"max_hp_loss":0,"event_name":"Purifier","floor":14,"gold_loss":0}],"is_beta":false,"boss_relics":[{"not_picked":["Black Star","Tiny House"],"picked":"Black Blood"}],"items_purged_floors":[12,20],"is_endless":false,"potions_floor_spawned":[5,7,10,16,19],"killed_by":"Sentry and Sphere","ascension_level":14}