{"gold_per_floor":[117,117,117,127,137,137,23,36,36,22,22,39,39,54,54,159,159,170,170],"floor_reached":19,"playtime":895,"items_purged":["Strike_R"],"score":242,"play_id":"5eec17cb-9fca-4d15-a7e5-6dadc68c5818","local_time":"20190206013026","is_ascension_mode":true,"campfire_choices":[{"data":"Bash","floor":6,"key":"SMITH"},{"data":"Flame Barrier","floor":11,"key":"SMITH"},{"data":"Uppercut","floor":13,"key":"SMITH"},{"data":"Inflame","floor":15,"key":"SMITH"}],"neow_cost":"NONE","seed_source_timestamp":7235496110074,"circlet_count":0,"master_deck":["AscendersBane","Bash+1","Flame Barrier+1","Havoc","Inflame+1","Uppercut+1","Battle Trance+1","Impervious+1","Clothesline","Bloodletting+1","Impervious+1","Clothesline","Rupture","Rampage","Rage+1","Battle Trance+1"],"relics":["Burning Blood","NeowsBlessing","Toxic Egg 2","Pandora\u0027s Box"],"potions_floor_usage":[16,16],"damage_taken":[{"damage":0,"enemies":"2 Louse","floor":1,"turns":1},{"damage":0,"enemies":"Small Slimes","floor":4,"turns":1},{"damage":0,"enemies":"Jaw Worm","floor":5,"turns":1},{"damage":13,"enemies":"2 Fungi Beasts","floor":8,"turns":5},{"damage":12,"enemies":"Exordium Thugs","floor":10,"turns":4},{"damage":9,"enemies":"Red Slaver","floor":12,"turns":5},{"damage":12,"enemies":"Exordium Wildlife","floor":14,"turns":5},{"damage":32,"enemies":"Hexaghost","floor":16,"turns":11},{"damage":8,"enemies":"Chosen","floor":18,"turns":5},{"damage":10,"enemies":"Colosseum Slavers","floor":19,"turns":4},{"damage":44,"enemies":"Colosseum Nobs","floor":19,"turns":6}],"seed_played":"-5720754518477707641","potions_obtained":[{"floor":4,"key":"SpeedPotion"},{"floor":5,"key":"EssenceOfSteel"},{"floor":10,"key":"LiquidBronze"},{"floor":16,"key":"Poison Potion"}],"is_trial":false,"path_per_floor":["M","?","?","M","M","R","$","M","T","M","R","M","R","M","R","B",null,"M","?"],"character_chosen":"IRONCLAD","items_purchased":["Uppercut"],"campfire_rested":0,"item_purchase_floors":[7],"current_hp_per_floor":[78,78,78,80,80,80,80,73,73,67,67,64,64,58,58,32,68,66,18],"gold":170,"neow_bonus":"THREE_ENEMY_KILL","is_prod":false,"is_daily":false,"chose_seed":false,"campfire_upgraded":4,"win_rate":0,"timestamp":1549384226,"path_taken":["M","?","?","M","M","R","$","M","T","M","R","M","R","?","R","BOSS","M","?"],"build_version":"2019-01-23","purchased_purges":1,"victory":false,"max_hp_per_floor":[80,80,80,80,80,80,80,80,80,80,80,80,80,80,80,80,80,80,80],"card_choices":[{"not_picked":["Flex","Entrench"],"picked":"Flame Barrier","floor":1},{"not_picked":["Headbutt","Armaments"],"picked":"Inflame","floor":4},{"not_picked":["Entrench","Headbutt","Seeing Red"],"picked":"SKIP","floor":5},{"not_picked":["Dropkick","Cleave","Metallicize"],"picked":"SKIP","floor":8},{"not_picked":["Clash","Infernal Blade+1"],"picked":"Battle Trance+1","floor":10},{"not_picked":["Fiend Fire","Second Wind+1","Entrench+1"],"picked":"SKIP","floor":12},{"not_picked":["Burning Pact+1","Anger","Havoc+1"],"picked":"SKIP","floor":14},{"not_picked":["Fiend Fire","Berserk"],"picked":"Impervious+1","floor":16},{"not_picked":["Iron Wave","Infernal Blade+1"],"picked":"Battle Trance+1","floor":18}],"player_experience":177968,"relics_obtained":[{"floor":9,"key":"Toxic Egg 2"}],"event_choices":[{"damage_healed":0,"gold_gain":0,"player_choice":"Ignored","damage_taken":0,"max_hp_gain":0,"max_hp_loss":0,"event_name":"Liars Game","floor":2,"gold_loss":0},{"damage_healed":0,"gold_gain":0,"cards_transformed":["Strike_R"],"player_choice":"Change","damage_taken":0,"max_hp_gain":0,"max_hp_loss":0,"event_name":"Living Wall","floor":3,"gold_loss":0,"cards_obtained":["Havoc"]},{"damage_healed":0,"gold_gain":0,"player_choice":"Fight","damage_taken":0,"max_hp_gain":0,"max_hp_loss":0,"event_name":"Colosseum","floor":19,"gold_loss":0},{"damage_healed":0,"gold_gain":0,"player_choice":"Fought Nobs","damage_taken":0,"max_hp_gain":0,"max_hp_loss":0,"event_name":"Colosseum","floor":19,"gold_loss":0}],"is_beta":false,"boss_relics":[{"not_picked":["Runic Pyramid","White Beast Statue"],"picked":"Pandora\u0027s Box"}],"items_purged_floors":[7],"is_endless":false,"potions_floor_spawned":[4,5,10,16],"killed_by":"Colosseum Nobs","ascension_level":10}