{"gold_per_floor":[115,215,225,239,257,287,287,247,324,344,344,344,355,370,370,468,468,485,498,342,342,342,342,342],"floor_reached":24,"playtime":1046,"items_purged":[],"score":349,"play_id":"3b437484-b90e-486b-83ce-fc7ed964dc45","local_time":"20190105025107","is_ascension_mode":true,"campfire_choices":[{"floor":7,"key":"REST"},{"floor":11,"key":"REST"},{"data":"Defragment","floor":15,"key":"SMITH"}],"neow_cost":"NONE","seed_source_timestamp":0,"circlet_count":0,"master_deck":["AscendersBane","Zap","Dualcast","Madness","Hologram","Go for the Eyes","Rainbow","Defragment+1","BootSequence","Sweeping Beam","Storm","Rainbow","Glacier","Consume","BootSequence","Tempest","Sweeping Beam","BootSequence","Turbo+1","Skim","Force Field"],"special_seed":0,"relics":["Cracked Core","Dead Branch","Bottled Tornado","Pandora\u0027s Box","Lantern"],"potions_floor_usage":[6,13,16,16,23],"damage_taken":[{"damage":0.0,"enemies":"2 Louse","floor":1.0,"turns":3.0},{"damage":11.0,"enemies":"Cultist","floor":3.0,"turns":4.0},{"damage":11.0,"enemies":"Small Slimes","floor":4.0,"turns":4.0},{"damage":19,"enemies":"3 Louse","floor":5,"turns":4},{"damage":17,"enemies":"Gremlin Nob","floor":6,"turns":4},{"damage":3,"enemies":"Looter","floor":10,"turns":3},{"damage":2,"enemies":"Exordium Wildlife","floor":13,"turns":2},{"damage":3,"enemies":"3 Louse","floor":14,"turns":3},{"damage":18,"enemies":"Hexaghost","floor":16,"turns":8},{"damage":23,"enemies":"Spheric Guardian","floor":18,"turns":5},{"damage":2,"enemies":"Chosen","floor":19,"turns":4},{"damage":18,"enemies":"Slavers","floor":23,"turns":5},{"damage":22,"enemies":"3 Cultists","floor":24,"turns":4}],"seed_played":"7093222479661396309","potions_obtained":[{"floor":4.0,"key":"SkillPotion"},{"floor":6,"key":"SteroidPotion"},{"floor":10,"key":"Regen Potion"},{"floor":14,"key":"Block Potion"},{"floor":19,"key":"SmokeBomb"}],"is_trial":false,"path_per_floor":["M","?","M","M","M","E","R","?","T","M","R","?","M","M","R","B",null,"M","M","$","?","?","E","M"],"character_chosen":"DEFECT","items_purchased":["Lantern"],"campfire_rested":2,"item_purchase_floors":[20],"current_hp_per_floor":[68,68,57,46,27,10,32,32,32,29,51,51,54,51,51,33,65,42,40,40,40,40,22,0],"gold":342,"neow_bonus":"RANDOM_COLORLESS","is_prod":false,"is_daily":false,"chose_seed":false,"campfire_upgraded":1,"win_rate":0,"timestamp":1546674667,"path_taken":["M","?","?","M","M","E","R","?","T","M","R","?","?","M","R","BOSS","M","?","$","?","?","E","?"],"build_version":"2019-01-03v4","purchased_purges":0,"victory":false,"max_hp_per_floor":[75,75,75,75,75,75,75,75,75,75,75,75,75,75,75,75,75,75,75,75,75,75,75,75],"card_choices":[{"not_picked":["Leap","Steam"],"picked":"Hologram","floor":1.0},{"not_picked":["Turbo","Hologram"],"picked":"Go for the Eyes","floor":3.0},{"not_picked":["Compile Driver","Cold Snap"],"picked":"Rainbow","floor":4.0},{"not_picked":["Compile Driver","Coolheaded"],"picked":"Beam Cell","floor":5},{"not_picked":["Hyperbeam","Go for the Eyes"],"picked":"Defragment","floor":6},{"not_picked":["Conserve Battery","Turbo"],"picked":"BootSequence","floor":10},{"not_picked":["Beam Cell","Heatsinks"],"picked":"Sweeping Beam","floor":13},{"not_picked":["Cold Snap","Hologram"],"picked":"Storm","floor":14},{"not_picked":["All For One","Creative AI"],"picked":"Rainbow","floor":16},{"not_picked":["Static Discharge","Storm+1"],"picked":"BootSequence","floor":18},{"not_picked":["Tempest","Rip and Tear"],"picked":"Turbo+1","floor":19}],"player_experience":467949,"relics_obtained":[{"floor":6,"key":"Dead Branch"},{"floor":9,"key":"Bottled Tornado"}],"event_choices":[{"damage_healed":0.0,"max_hp_gain":0.0,"max_hp_loss":0.0,"gold_gain":100.0,"event_name":"Golden Shrine","player_choice":"Pray","floor":2.0,"gold_loss":0.0,"damage_taken":0.0},{"damage_healed":0,"gold_gain":0,"player_choice":"Left Gold","damage_taken":0,"max_hp_gain":0,"max_hp_loss":0,"event_name":"World of Goop","floor":8,"gold_loss":40},{"cards_removed":["Strike_B"],"damage_healed":0,"gold_gain":0,"player_choice":"Purged","damage_taken":0,"max_hp_gain":0,"max_hp_loss":0,"event_name":"Purifier","floor":12,"gold_loss":0},{"cards_removed":["Stack"],"damage_healed":0,"gold_gain":0,"player_choice":"Elegance","damage_taken":0,"max_hp_gain":0,"max_hp_loss":0,"event_name":"Back to Basics","floor":21,"gold_loss":0},{"damage_healed":0,"gold_gain":0,"cards_transformed":["Force Field","Beam Cell"],"player_choice":"Became Test Subject","damage_taken":0,"max_hp_gain":0,"max_hp_loss":0,"event_name":"Drug Dealer","floor":22,"gold_loss":0,"cards_obtained":["Skim","Force Field"]}],"is_beta":false,"boss_relics":[{"not_picked":["Busted Crown","Calling Bell"],"picked":"Pandora\u0027s Box"}],"items_purged_floors":[],"is_endless":false,"potions_floor_spawned":[4,6,10,14,19],"killed_by":"3 Cultists","ascension_level":12}