{"gold_per_floor":[12,28,46,61,61,91,105,105,105,105,105,139,167,199,199,295,295,310,323,155,155,186,186],"floor_reached":23,"playtime":1011,"items_purged":["Strike_R"],"score":329,"play_id":"c1083061-56d7-4a5c-8dfc-97351ec3456f","local_time":"20190130183700","is_ascension_mode":true,"campfire_choices":[{"data":"Whirlwind","floor":8.0,"key":"SMITH"},{"data":"Immolate","floor":11,"key":"SMITH"},{"data":"Uppercut","floor":15,"key":"SMITH"}],"neow_cost":"NO_GOLD","seed_source_timestamp":0,"circlet_count":0,"master_deck":["AscendersBane","Strike_R","Strike_R","Strike_R","Defend_R","Defend_R","Defend_R","Defend_R","Bash","Thunderclap","Immolate+1","Whirlwind+1","Carnage","Shrug It Off","Uppercut+1","Shrug It Off","Demon Form","Bloodletting","Warcry","Flex","Shrug It Off+1"],"special_seed":0,"relics":["Burning Blood","Orichalcum","WingedGreaves","Pantograph","Incense Burner","Question Card","Black Star","Red Mask"],"potions_floor_usage":[19],"damage_taken":[{"damage":1.0,"enemies":"Cultist","floor":1.0,"turns":3.0},{"damage":0.0,"enemies":"2 Louse","floor":2.0,"turns":2.0},{"damage":0.0,"enemies":"Small Slimes","floor":3.0,"turns":2.0},{"damage":16.0,"enemies":"Blue Slaver","floor":4.0,"turns":3.0},{"damage":42.0,"enemies":"Lagavulin","floor":6.0,"turns":5.0},{"damage":13.0,"enemies":"Red Slaver","floor":7.0,"turns":5.0},{"damage":12,"enemies":"Gremlin Nob","floor":12,"turns":4},{"damage":23,"enemies":"Lagavulin","floor":13,"turns":6},{"damage":4,"enemies":"3 Sentries","floor":14,"turns":2},{"damage":58,"enemies":"Slime Boss","floor":16,"turns":10},{"damage":30,"enemies":"Shell Parasite","floor":18,"turns":7},{"damage":1,"enemies":"3 Byrds","floor":19,"turns":4},{"damage":4,"enemies":"Masked Bandits","floor":22,"turns":3},{"damage":60,"enemies":"Book of Stabbing","floor":23,"turns":7}],"seed_played":"-5872339248312009188","potions_obtained":[{"floor":2.0,"key":"FairyPotion"},{"floor":7.0,"key":"SteroidPotion"},{"floor":12,"key":"Strength Potion"},{"floor":13,"key":"AttackPotion"},{"floor":16,"key":"SkillPotion"},{"floor":19,"key":"Explosive Potion"}],"is_trial":false,"path_per_floor":["M","M","M","M","?","E","M","R","T","?","R","E","E","E","R","B",null,"M","M","$","?","?","E"],"character_chosen":"IRONCLAD","items_purchased":["Bloodletting","Warcry"],"campfire_rested":0,"item_purchase_floors":[20,20],"current_hp_per_floor":[77,80,80,70,70,34,27,27,27,90,90,84,67,69,69,38,77,53,58,58,58,60,0],"gold":186,"neow_bonus":"THREE_RARE_CARDS","is_prod":false,"is_daily":false,"chose_seed":false,"campfire_upgraded":3,"win_rate":0,"timestamp":1548895020,"path_taken":["M","M","?","M","?","E","?","R","T","?","R","E","E","E","R","BOSS","M","M","$","?","?","E"],"build_version":"2019-01-23","purchased_purges":1,"victory":false,"max_hp_per_floor":[80,80,80,80,80,80,80,80,80,90,90,90,90,90,90,90,90,90,90,90,90,90,90],"card_choices":[{"not_picked":["Exhume","Dark Embrace"],"picked":"Fiend Fire","floor":0.0},{"not_picked":["Pommel Strike","Sword Boomerang"],"picked":"Thunderclap","floor":1.0},{"not_picked":["Clash","Rampage"],"picked":"Immolate","floor":2.0},{"not_picked":["Iron Wave","Havoc","Flex"],"picked":"SKIP","floor":3.0},{"not_picked":["Armaments","Iron Wave","Whirlwind"],"picked":"SKIP","floor":4.0},{"not_picked":["Disarm","Thunderclap"],"picked":"Carnage","floor":6.0},{"not_picked":["Bludgeon","Body Slam"],"picked":"Shrug It Off","floor":7.0},{"not_picked":["Impervious","Wild Strike"],"picked":"Uppercut","floor":12},{"not_picked":["Pommel Strike","Anger"],"picked":"Shrug It Off","floor":13},{"not_picked":["Warcry","Wild Strike","Fire Breathing"],"picked":"SKIP","floor":14},{"not_picked":["Limit Break","Juggernaut","Feed"],"picked":"Demon Form","floor":16},{"not_picked":["Rampage","Armaments","Pommel Strike","Searing Blow+1"],"picked":"SKIP","floor":18},{"not_picked":["Headbutt","Clothesline","Pommel Strike","Searing Blow"],"picked":"SKIP","floor":19},{"not_picked":["Warcry","Cleave","Clash+1"],"picked":"Shrug It Off+1","floor":22}],"player_experience":229647,"relics_obtained":[{"floor":6.0,"key":"Orichalcum"},{"floor":9.0,"key":"WingedGreaves"},{"floor":12,"key":"Pantograph"},{"floor":13,"key":"Incense Burner"},{"floor":14,"key":"Question Card"},{"floor":22,"key":"Red Mask"}],"event_choices":[{"damage_healed":0.0,"max_hp_gain":0.0,"max_hp_loss":0.0,"gold_gain":0.0,"cards_transformed":["Strike_R"],"event_name":"Transmorgrifier","player_choice":"Transformed","floor":5.0,"gold_loss":0.0,"damage_taken":0.0,"cards_obtained":["Whirlwind"]},{"cards_removed":["Fiend Fire"],"damage_healed":53,"gold_gain":0,"player_choice":"Offered Rare","damage_taken":0,"max_hp_gain":10,"max_hp_loss":0,"event_name":"Bonfire Elementals","floor":10,"gold_loss":0},{"damage_healed":0,"gold_gain":0,"player_choice":"Read","damage_taken":0,"max_hp_gain":0,"max_hp_loss":0,"event_name":"The Library","floor":21,"gold_loss":0,"cards_obtained":["Flex"]},{"damage_healed":0,"gold_gain":0,"player_choice":"Fought Bandits","damage_taken":0,"max_hp_gain":0,"max_hp_loss":0,"event_name":"Masked Bandits","floor":22,"gold_loss":0}],"is_beta":false,"boss_relics":[{"not_picked":["Coffee Dripper","Orrery"],"picked":"Black Star"}],"items_purged_floors":[20],"is_endless":false,"potions_floor_spawned":[2,7,12,13,16,18,19],"killed_by":"Book of Stabbing","ascension_level":10}