{"gold_per_floor":[114,129,27,27,37,71,83,111,123,149,174,220,197,227,239,350,362,392,504,535,562,574,586,598],"floor_reached":24,"playtime":5669,"items_purged":[],"score":210,"play_id":"9d9658dc-4dae-4463-9ed6-e96ab5129931","local_time":"20190207152525","is_ascension_mode":false,"campfire_choices":[{"data":"Brutality","floor":15,"key":"SMITH"},{"data":"Juggernaut","floor":23,"key":"SMITH"}],"neow_cost":"","seed_source_timestamp":3711615168564,"circlet_count":0,"master_deck":["Strike_R","Strike_R","Strike_R","Strike_R","Defend_R","Defend_R","Defend_R","Defend_R","Bash","Whirlwind","Armaments","Uppercut","Inflame","Shockwave","Uppercut","Iron Wave","Clothesline","Impervious","Shrug It Off","Thunderclap","Brutality+1","Juggernaut+1","Shrug It Off","Iron Wave","Armaments+1"],"relics":["Burning Blood","Bottled Tornado","MawBank","Meat on the Bone","Oddly Smooth Stone","Runic Cube"],"potions_floor_usage":[21,24,24],"damage_taken":[{"damage":10,"enemies":"Cultist","floor":1,"turns":4},{"damage":7,"enemies":"Small Slimes","floor":2,"turns":2},{"damage":9,"enemies":"2 Louse","floor":5,"turns":2},{"damage":31,"enemies":"3 Sentries","floor":6,"turns":6},{"damage":1,"enemies":"Exordium Wildlife","floor":8,"turns":4},{"damage":5,"enemies":"Gremlin Gang","floor":10,"turns":5},{"damage":14,"enemies":"Looter","floor":11,"turns":3},{"damage":36,"enemies":"Gremlin Nob","floor":12,"turns":6},{"damage":3,"enemies":"Exordium Wildlife","floor":14,"turns":3},{"damage":37,"enemies":"The Guardian","floor":16,"turns":14},{"damage":27,"enemies":"Shell Parasite","floor":18,"turns":10},{"damage":27,"enemies":"3 Byrds","floor":20,"turns":6},{"damage":34,"enemies":"Centurion and Healer","floor":21,"turns":13},{"damage":51,"enemies":"Gremlin Leader","floor":24,"turns":10}],"seed_played":"-1284041482552608598","potions_obtained":[{"floor":6,"key":"Weak Potion"},{"floor":10,"key":"EssenceOfSteel"},{"floor":16,"key":"Regen Potion"},{"floor":18,"key":"BloodPotion"}],"is_trial":false,"path_per_floor":["M","M","$","T","M","E","?","M","T","M","M","E","?","M","R","B",null,"M","?","M","M","$","R","E"],"character_chosen":"IRONCLAD","items_purchased":["Uppercut","Inflame"],"campfire_rested":0,"item_purchase_floors":[3,3],"current_hp_per_floor":[76,75,75,75,72,47,47,52,52,53,57,39,59,62,62,43,80,59,59,50,42,42,42,0],"gold":598,"neow_bonus":"","is_prod":false,"is_daily":false,"chose_seed":false,"campfire_upgraded":2,"win_rate":0.0,"timestamp":1549549525,"path_taken":["M","?","$","?","?","E","?","M","T","M","?","E","?","M","R","BOSS","M","?","M","?","$","R","E"],"build_version":"2019-01-23","purchased_purges":0,"victory":false,"max_hp_per_floor":[80,80,80,80,80,80,80,80,80,80,80,80,80,80,80,80,80,80,80,80,80,80,80,80],"card_choices":[{"not_picked":["Clash","Ghostly Armor"],"picked":"Whirlwind","floor":1},{"not_picked":["Anger","Corruption"],"picked":"Armaments","floor":2},{"not_picked":["Iron Wave","Second Wind"],"picked":"Shockwave","floor":5},{"not_picked":["True Grit","Feel No Pain"],"picked":"Uppercut","floor":6},{"not_picked":["Warcry","Power Through"],"picked":"Clothesline","floor":8},{"not_picked":["Whirlwind","Armaments"],"picked":"Impervious","floor":10},{"not_picked":["Anger","Twin Strike"],"picked":"Shrug It Off","floor":11},{"not_picked":["Twin Strike","Inflame"],"picked":"Thunderclap","floor":12},{"not_picked":["Disarm","Clash"],"picked":"Brutality","floor":14},{"not_picked":["Double Tap","Dark Embrace"],"picked":"Juggernaut","floor":16},{"not_picked":["Pommel Strike","Clash"],"picked":"Shrug It Off","floor":18},{"not_picked":["Burning Pact","Anger"],"picked":"Iron Wave","floor":20},{"not_picked":["Clash+1","Pommel Strike+1"],"picked":"Armaments+1","floor":21}],"player_experience":0,"relics_obtained":[{"floor":4,"key":"Bottled Tornado"},{"floor":6,"key":"MawBank"},{"floor":9,"key":"Meat on the Bone"},{"floor":12,"key":"Oddly Smooth Stone"}],"event_choices":[{"cards_removed":["Strike_R"],"damage_healed":0,"gold_gain":0,"player_choice":"Took Card","damage_taken":0,"max_hp_gain":0,"max_hp_loss":0,"event_name":"NoteForYourself","floor":7,"gold_loss":0,"cards_obtained":["Iron Wave"]},{"damage_healed":20,"gold_gain":0,"player_choice":"Healed","damage_taken":0,"max_hp_gain":0,"max_hp_loss":0,"event_name":"The Cleric","floor":13,"gold_loss":35},{"damage_healed":0,"gold_gain":100,"player_choice":"Pray","damage_taken":0,"max_hp_gain":0,"max_hp_loss":0,"event_name":"Golden Shrine","floor":19,"gold_loss":0}],"is_beta":false,"boss_relics":[{"not_picked":["White Beast Statue","Fusion Hammer"],"picked":"Runic Cube"}],"items_purged_floors":[],"is_endless":false,"potions_floor_spawned":[6,10,16,18],"killed_by":"Gremlin Leader","ascension_level":0}