{"gold_per_floor":[115,115,128,139,158,186,186,186,240,34,47,72,146,186,186,311,311,329,329,343,357,372,410,424,424,424,324,348,423,467,487,487,617,617,640,1065,1085,1106,722,760,760,1093,1093,1111,1111,1185,771,784,784,784],"floor_reached":51,"playtime":6923,"items_purged":["Defend_B","Strike_B","Strike_B","Strike_B"],"score":756,"play_id":"e52cf412-2198-40a5-9b63-371c9349590b","local_time":"20190205014459","is_ascension_mode":false,"campfire_choices":[{"floor":7,"key":"REST"},{"data":"Redo","floor":15,"key":"SMITH"},{"data":"Redo","floor":25,"key":"SMITH"},{"data":"Reboot","floor":32,"key":"SMITH"},{"floor":41,"key":"REST"},{"data":"Redo","floor":49,"key":"SMITH"}],"neow_cost":"NONE","seed_source_timestamp":535836651233200,"circlet_count":0,"master_deck":["Strike_B","Defend_B","Defend_B","Defend_B+1","Zap","Dualcast+1","Darkness+1","Conserve Battery","Ball Lightning","Go for the Eyes","Leap","Melter","Machine Learning","Redo+1","Doom and Gloom","Stack","Reboot+1","Self Repair+1","Redo+1","Hologram+1","Go for the Eyes","Auto Shields+1","Go for the Eyes","Go for the Eyes","Go for the Eyes","Chaos+1","Redo+1","Hologram","Go for the Eyes","The Bomb","Hologram","Leap"],"relics":["Cracked Core","Pear","War Paint","Anchor","Mercury Hourglass","Runic Pyramid","Vajra","Bottled Tornado","Happy Flower","Busted Crown","Old Coin","Strawberry","PreservedInsect","Molten Egg 2","Bottled Lightning"],"potions_floor_usage":[33,33,33,50,50],"damage_taken":[{"damage":7,"enemies":"Small Slimes","floor":1,"turns":4},{"damage":0,"enemies":"Cultist","floor":3,"turns":3},{"damage":0,"enemies":"2 Louse","floor":4,"turns":2},{"damage":11,"enemies":"Large Slime","floor":5,"turns":5},{"damage":26,"enemies":"Gremlin Nob","floor":6,"turns":4},{"damage":2,"enemies":"Exordium Wildlife","floor":11,"turns":5},{"damage":2,"enemies":"Blue Slaver","floor":12,"turns":3},{"damage":15,"enemies":"Lagavulin Event","floor":13,"turns":5},{"damage":5,"enemies":"Lagavulin","floor":14,"turns":5},{"damage":12,"enemies":"Slime Boss","floor":16,"turns":6},{"damage":9,"enemies":"2 Thieves","floor":18,"turns":3},{"damage":0,"enemies":"Chosen","floor":20,"turns":4},{"damage":10,"enemies":"Shelled Parasite and Fungi","floor":21,"turns":5},{"damage":29,"enemies":"3 Cultists","floor":22,"turns":5},{"damage":23,"enemies":"Slavers","floor":23,"turns":4},{"damage":11,"enemies":"Snake Plant","floor":24,"turns":3},{"damage":0,"enemies":"Cultist and Chosen","floor":28,"turns":4},{"damage":1,"enemies":"Book of Stabbing","floor":30,"turns":5},{"damage":0,"enemies":"Snecko","floor":31,"turns":3},{"damage":17,"enemies":"Collector","floor":33,"turns":7},{"damage":5,"enemies":"3 Shapes","floor":35,"turns":3},{"damage":2,"enemies":"Mind Bloom Boss Battle","floor":36,"turns":5},{"damage":7,"enemies":"3 Darklings","floor":37,"turns":4},{"damage":0,"enemies":"Sphere and 2 Shapes","floor":38,"turns":4},{"damage":38,"enemies":"Nemesis","floor":40,"turns":7},{"damage":0,"enemies":"4 Shapes","floor":44,"turns":5},{"damage":9,"enemies":"Jaw Worm Horde","floor":48,"turns":5},{"damage":49,"enemies":"Time Eater","floor":50,"turns":8}],"seed_played":"-5872446589493538764","potions_obtained":[{"floor":1,"key":"Strength Potion"},{"floor":6,"key":"EssenceOfSteel"},{"floor":11,"key":"Regen Potion"},{"floor":18,"key":"SteroidPotion"},{"floor":21,"key":"PowerPotion"},{"floor":35,"key":"FocusPotion"},{"floor":38,"key":"LiquidBronze"},{"floor":40,"key":"Poison Potion"},{"floor":48,"key":"PowerPotion"}],"is_trial":false,"path_per_floor":["M","?","M","M","M","E","R","?","T","$","M","M","?","E","R","B",null,"M","?","M","M","M","E","M","R","T","$","M","?","E","M","R","B",null,"M","?","M","M","$","E","R","?","T","M","?","T","$","M","R","B",null],"character_chosen":"DEFECT","items_purchased":["Leap","Melter","Strawberry","Redo","Hologram","The Bomb","Hologram","Leap"],"campfire_rested":2,"item_purchase_floors":[10,10,39,39,39,47,47,47],"current_hp_per_floor":[75,75,75,75,64,48,75,75,75,75,73,71,56,51,51,39,85,76,76,85,85,66,53,52,52,52,52,62,54,53,63,63,60,85,80,78,81,85,92,64,91,91,91,92,92,92,92,92,92,53],"gold":784,"neow_bonus":"TEN_PERCENT_HP_BONUS","is_prod":false,"is_daily":false,"chose_seed":false,"campfire_upgraded":4,"win_rate":0.0,"timestamp":1549327499,"path_taken":["M","?","M","M","?","E","R","?","T","$","M","M","?","E","R","BOSS","M","?","M","M","M","E","M","R","T","$","M","?","E","?","R","BOSS","M","?","M","M","$","E","R","?","T","?","?","?","$","M","R","BOSS"],"build_version":"2019-01-23","purchased_purges":4,"victory":true,"max_hp_per_floor":[82,82,82,82,82,92,92,85,85,85,85,85,85,85,85,85,85,85,85,85,85,85,85,85,85,85,85,85,85,85,85,85,85,85,85,85,85,85,92,92,92,92,92,92,92,92,92,92,92,92],"card_choices":[{"not_picked":["Leap","Barrage"],"picked":"Darkness","floor":1},{"not_picked":["Consume","Leap","Cold Snap"],"picked":"SKIP","floor":3},{"not_picked":["Barrage","Steam Power"],"picked":"Conserve Battery","floor":4},{"not_picked":["Gash","Hello World"],"picked":"Ball Lightning","floor":5},{"not_picked":["Cold Snap","Aggregate"],"picked":"Go for the Eyes","floor":6},{"not_picked":["Gash","Rebound"],"picked":"Machine Learning","floor":11},{"not_picked":["Hello World","Compile Driver"],"picked":"Redo","floor":12},{"not_picked":["Scrape","Static Discharge"],"picked":"Doom and Gloom","floor":13},{"not_picked":["Barrage","Fusion"],"picked":"Stack","floor":14},{"not_picked":["Biased Cognition","Amplify"],"picked":"Reboot","floor":16},{"not_picked":["Go for the Eyes","Heatsinks"],"picked":"Self Repair+1","floor":18},{"not_picked":["Barrage","Sweeping Beam","Conserve Battery"],"picked":"SKIP","floor":20},{"not_picked":["Undo","Rebound+1"],"picked":"Hologram+1","floor":21},{"not_picked":["White Noise","Cold Snap"],"picked":"Go for the Eyes","floor":22},{"not_picked":["Echo Form","Streamline+1"],"picked":"Auto Shields+1","floor":23},{"not_picked":["Defragment","Compile Driver","Fusion+1"],"picked":"SKIP","floor":24},{"not_picked":["Cold Snap","Sweeping Beam"],"picked":"Go for the Eyes","floor":28},{"not_picked":["Steam Power","Melter","Heatsinks"],"picked":"SKIP","floor":30},{"not_picked":["Barrage","Hello World"],"picked":"Go for the Eyes","floor":31},{"not_picked":["Compile Driver+1"],"picked":"SKIP","floor":35},{"not_picked":[],"picked":"Go for the Eyes","floor":36},{"not_picked":[],"picked":"Chaos+1","floor":37},{"not_picked":["Stack"],"picked":"SKIP","floor":38},{"not_picked":[],"picked":"Go for the Eyes","floor":40},{"not_picked":["Cold Snap+1"],"picked":"SKIP","floor":44},{"not_picked":["Glacier"],"picked":"SKIP","floor":48}],"player_experience":30561,"relics_obtained":[{"floor":6,"key":"Pear"},{"floor":9,"key":"War Paint"},{"floor":13,"key":"Anchor"},{"floor":14,"key":"Mercury Hourglass"},{"floor":23,"key":"Vajra"},{"floor":26,"key":"Bottled Tornado"},{"floor":30,"key":"Happy Flower"},{"floor":36,"key":"Old Coin"},{"floor":40,"key":"PreservedInsect"},{"floor":43,"key":"Molten Egg 2"},{"floor":46,"key":"Bottled Lightning"}],"event_choices":[{"damage_healed":0,"gold_gain":0,"player_choice":"Forge","damage_taken":0,"max_hp_gain":0,"max_hp_loss":0,"event_name":"Accursed Blacksmith","floor":2,"gold_loss":0,"cards_upgraded":["Darkness"]},{"damage_healed":0,"gold_gain":0,"player_choice":"Lose Max HP","damage_taken":0,"relics_obtained":["Golden Idol"],"max_hp_gain":0,"max_hp_loss":7,"event_name":"Golden Idol","floor":8,"gold_loss":0},{"damage_healed":0,"gold_gain":0,"player_choice":"Searched \u00272\u0027 times","damage_taken":0,"max_hp_gain":0,"max_hp_loss":0,"event_name":"Dead Adventurer","floor":13,"gold_loss":0},{"damage_healed":0,"gold_gain":0,"player_choice":"Read","damage_taken":0,"max_hp_gain":0,"max_hp_loss":0,"event_name":"The Library","floor":19,"gold_loss":0,"cards_obtained":["Redo"]},{"damage_healed":0,"gold_gain":75,"player_choice":"Touch","damage_taken":8,"max_hp_gain":0,"max_hp_loss":0,"event_name":"FaceTrader","floor":29,"gold_loss":0},{"damage_healed":0,"gold_gain":0,"player_choice":"Fight","damage_taken":0,"max_hp_gain":0,"max_hp_loss":0,"event_name":"MindBloom","floor":36,"gold_loss":0},{"damage_healed":0,"gold_gain":333,"player_choice":"Gave Idol","damage_taken":0,"max_hp_gain":0,"max_hp_loss":0,"event_name":"The Moai Head","floor":42,"relics_lost":["Golden Idol"],"gold_loss":0},{"damage_healed":0,"gold_gain":0,"player_choice":"Ignored","damage_taken":0,"max_hp_gain":0,"max_hp_loss":0,"event_name":"Tomb of Lord Red Mask","floor":45,"gold_loss":0}],"is_beta":false,"boss_relics":[{"not_picked":["Snecko Eye","FrozenCore"],"picked":"Runic Pyramid"},{"not_picked":["White Beast Statue","Nuclear Battery"],"picked":"Busted Crown"}],"items_purged_floors":[10,27,39,47],"is_endless":false,"potions_floor_spawned":[1,6,11,14,18,20,21,23,28,31,35,38,40,48],"ascension_level":0}