{"gold_per_floor":[116,116,116,136,136,167,167,196,268,288,308,324,338,338],"floor_reached":14,"playtime":1236,"items_purged":[],"score":107,"play_id":"7ec2e1c3-14e6-450d-b551-a4683508c1cb","local_time":"20190210135929","is_ascension_mode":true,"campfire_choices":[{"data":"Seek","floor":7,"key":"SMITH"}],"neow_cost":"CURSE","seed_source_timestamp":223597617791707,"circlet_count":0,"master_deck":["Strike_B","Strike_B+1","Strike_B+1","Defend_B","Defend_B","Defend_B","Defend_B","Zap","Dualcast","Injury","Seek+1","Reinforced Body","Turbo","Machine Learning","Skim","Hologram","Hologram","Chill"],"relics":["Cracked Core","Boot","Gremlin Horn","Thread and Needle"],"potions_floor_usage":[8,13,14],"damage_taken":[{"damage":1,"enemies":"2 Louse","floor":1,"turns":4},{"damage":2,"enemies":"Small Slimes","floor":4,"turns":3},{"damage":30,"enemies":"3 Sentries","floor":6,"turns":8},{"damage":26,"enemies":"Lagavulin","floor":8,"turns":7},{"damage":0,"enemies":"Cultist","floor":10,"turns":3},{"damage":0,"enemies":"Blue Slaver","floor":11,"turns":4},{"damage":2,"enemies":"3 Louse","floor":12,"turns":4},{"damage":0,"enemies":"Exordium Wildlife","floor":13,"turns":4},{"damage":7,"enemies":"Gremlin Nob","floor":14,"turns":2}],"seed_played":"-607825154052252408","potions_obtained":[{"floor":1,"key":"FairyPotion"},{"floor":6,"key":"AttackPotion"},{"floor":8,"key":"SpeedPotion"},{"floor":11,"key":"Ancient Potion"},{"floor":13,"key":"Dexterity Potion"}],"is_trial":false,"path_per_floor":["?","?","?","M"],"character_chosen":"DEFECT","items_purchased":[],"campfire_rested":0,"item_purchase_floors":[],"current_hp_per_floor":[74,59,56,54,54,24,24,7,7,7,7,5,5,0],"gold":338,"neow_bonus":"THREE_RARE_CARDS","is_prod":false,"is_daily":false,"chose_seed":false,"campfire_upgraded":1,"win_rate":0,"timestamp":1549803569,"path_taken":["M","?","?","M","?","E","R","E","T","M","?","M","M","E"],"build_version":"2019-01-23","purchased_purges":0,"victory":false,"max_hp_per_floor":[75,75,75,75,75,75,75,75,75,75,75,75,75,75],"card_choices":[{"not_picked":["Rainbow","Amplify"],"picked":"Seek","floor":0},{"not_picked":["Gash","Lockon"],"picked":"Reinforced Body","floor":1},{"not_picked":["Leap","Auto Shields","Go for the Eyes"],"picked":"SKIP","floor":4},{"not_picked":["Turbo","Fusion"],"picked":"Machine Learning","floor":6},{"not_picked":["Compile Driver","Sunder"],"picked":"Skim","floor":8},{"not_picked":["Force Field","Cold Snap"],"picked":"Hologram","floor":10},{"not_picked":["Gash","Steam"],"picked":"Hologram","floor":11},{"not_picked":["Tempest","Leap"],"picked":"Chill","floor":12},{"not_picked":["Barrage","Turbo","Leap"],"picked":"SKIP","floor":13}],"player_experience":60576,"relics_obtained":[{"floor":6,"key":"Gremlin Horn"},{"floor":8,"key":"Thread and Needle"}],"event_choices":[{"damage_healed":0,"gold_gain":0,"player_choice":"Entered Light","damage_taken":15,"max_hp_gain":0,"max_hp_loss":0,"event_name":"Shining Light","floor":2,"gold_loss":0,"cards_upgraded":["Strike_B","Strike_B"]},{"damage_healed":0,"gold_gain":0,"player_choice":"Success","damage_taken":3,"relics_obtained":["Boot"],"max_hp_gain":0,"max_hp_loss":0,"event_name":"Scrap Ooze","floor":3,"gold_loss":0},{"damage_healed":0,"gold_gain":0,"cards_transformed":["Strike_B"],"player_choice":"Transformed","damage_taken":0,"max_hp_gain":0,"max_hp_loss":0,"event_name":"Transmorgrifier","floor":5,"gold_loss":0,"cards_obtained":["Turbo"]}],"is_beta":false,"boss_relics":[],"items_purged_floors":[],"is_endless":false,"potions_floor_spawned":[1,6,8,11,13],"killed_by":"Gremlin Nob","ascension_level":1}