{"gold_per_floor":[115,290,310,34,54,54,87,103,103,115,127,153,165,220,232,372,384,379,407,438,468,66,66,107,107,107,107,141,141,157,171,171,297,297,322,27,27,27,0,41,41,64,88,88,102,50,74,74,74,74],"floor_reached":51,"playtime":4940,"items_purged":["Doubt","Injury"],"score":811,"play_id":"8294f899-ac13-486a-bdac-5364118bc8ce","local_time":"20181024234740","is_ascension_mode":true,"campfire_choices":[{"data":"Footwork","floor":6.0,"key":"SMITH"},{"data":"Cloak And Dagger","floor":10,"key":"SMITH"},{"data":"Sucker Punch","floor":15,"key":"SMITH"},{"data":"A Thousand Cuts","floor":23,"key":"SMITH"},{"data":"Chrysalis","floor":25,"key":"SMITH"},{"data":"Choke","floor":29,"key":"SMITH"},{"floor":32,"key":"REST"},{"data":"Slice","floor":41,"key":"SMITH"},{"floor":44,"key":"REST"},{"data":"Finisher","floor":49,"key":"SMITH"}],"neow_cost":"NONE","seed_source_timestamp":0,"circlet_count":0,"master_deck":["Defend_G+1","Defend_G+1","Defend_G+1","Defend_G+1","Defend_G+1","Strike_G+1","Strike_G+1","Strike_G+1","Strike_G+1","Strike_G+1","Survivor+1","Neutralize+1","Blade Dance+1","Backflip+1","Footwork+1","Cloak And Dagger+1","Blade Dance+1","Endless Agony+1","Sucker Punch+1","A Thousand Cuts+1","Deflect+1","Quick Slash+1","Outmaneuver+1","Choke+1","Chrysalis+1","Slice+1","Footwork+1","Outmaneuver+1","PiercingWail+1","All Out Attack+1","Dodge and Roll+1","Sucker Punch+1","Bullet Time+1","Acrobatics+1","Slice+1","Cloak And Dagger+1","Normality","Masterful Stab+1","Finisher+1","Chrysalis+1"],"special_seed":0,"relics":["Ring of the Serpent","Sling","Centennial Puzzle","MawBank","Golden Idol","Meat on the Bone","Tough Bandages","Shuriken","Bottled Tornado","Dodecahedron","Cursed Key","Blue Candle","Mark of the Bloom","Red Mask","Pantograph","Juzu Bracelet"],"potions_floor_usage":[7,14,18,24,28,33,33,40,45,50,50],"damage_taken":[{"damage":0.0,"enemies":"Cultist","floor":1.0,"turns":4.0},{"damage":0.0,"enemies":"2 Louse","floor":3.0,"turns":3.0},{"damage":3.0,"enemies":"Small Slimes","floor":5.0,"turns":3.0},{"damage":6,"enemies":"Lagavulin","floor":7,"turns":9},{"damage":1,"enemies":"Blue Slaver","floor":8,"turns":5},{"damage":2,"enemies":"Looter","floor":12,"turns":4},{"damage":4,"enemies":"Gremlin Nob","floor":14,"turns":3},{"damage":57,"enemies":"The Guardian","floor":16,"turns":19},{"damage":4,"enemies":"2 Thieves","floor":18,"turns":4},{"damage":11,"enemies":"Chosen","floor":19,"turns":4},{"damage":13,"enemies":"Snake Plant","floor":20,"turns":7},{"damage":13,"enemies":"Cultist and Chosen","floor":21,"turns":7},{"damage":19,"enemies":"Slavers","floor":24,"turns":6},{"damage":32,"enemies":"Gremlin Leader","floor":28,"turns":5},{"damage":17,"enemies":"Shelled Parasite and Fungi","floor":30,"turns":5},{"damage":6,"enemies":"Chosen and Byrds","floor":31,"turns":3},{"damage":22,"enemies":"Collector","floor":33,"turns":9},{"damage":0,"enemies":"Orb Walker","floor":35,"turns":3},{"damage":0,"enemies":"Nemesis","floor":40,"turns":4},{"damage":0,"enemies":"3 Darklings","floor":42,"turns":3},{"damage":47,"enemies":"Transient","floor":45,"turns":5},{"damage":6,"enemies":"4 Shapes","floor":47,"turns":2},{"damage":12,"enemies":"Donu and Deca","floor":50,"turns":5}],"seed_played":"-3864704075300832203","potions_obtained":[{"floor":3.0,"key":"FearPotion"},{"floor":8,"key":"EssenceOfSteel"},{"floor":12,"key":"SneckoOil"},{"floor":19,"key":"Regen Potion"},{"floor":20,"key":"SkillPotion"},{"floor":30,"key":"AttackPotion"},{"floor":31,"key":"Dexterity Potion"},{"floor":33,"key":"GhostInAJar"},{"floor":45,"key":"Weak Potion"}],"is_trial":false,"path_per_floor":["M","?","M","$","M","R","E","M","T","R","?","M","?","E","R","B",null,"M","M","M","M","$","R","E","R","T","T","E","R","M","M","R","B",null,"M","$","?","?","?","E","R","M","T","R","M","$","M","?","R","B"],"character_chosen":"THE_SILENT","items_purchased":["Sling","Chrysalis","Slice","Footwork","Outmaneuver","Blue Candle","PowerPotion","FearPotion"],"campfire_rested":2,"item_purchase_floors":[4,22,22,22,22,36,36,46],"current_hp_per_floor":[77,77,77,77,74,74,68,67,67,67,67,65,65,61,61,16,77,73,62,49,48,48,48,41,41,41,41,35,35,30,36,59,49,77,77,77,77,77,77,77,77,77,77,77,30,30,24,24,24,12],"gold":74,"neow_bonus":"TEN_PERCENT_HP_BONUS","is_prod":false,"is_daily":false,"chose_seed":false,"campfire_upgraded":8,"win_rate":0,"timestamp":1540439260,"path_taken":["M","?","?","$","M","R","E","M","T","R","?","M","?","E","R","BOSS","M","M","M","M","$","R","E","R","T","?","E","R","M","M","R","BOSS","M","$","?","?","?","E","R","M","T","R","M","?","M","?","R","BOSS"],"build_version":"2018-10-18","purchased_purges":2,"victory":true,"max_hp_per_floor":[77,77,77,77,77,77,77,77,77,77,77,77,77,77,77,77,77,77,77,77,77,77,77,77,77,77,77,77,77,77,77,77,77,77,77,77,77,77,77,77,77,77,77,77,77,77,77,77,77,77],"card_choices":[{"not_picked":["Catalyst","Acrobatics"],"picked":"Blade Dance","floor":1.0},{"not_picked":["Prepared","Tactician"],"picked":"Backflip","floor":3.0},{"not_picked":["Quick Slash","Underhanded Strike"],"picked":"Footwork","floor":5.0},{"not_picked":["Deflect","Glass Knife"],"picked":"Cloak And Dagger","floor":7},{"not_picked":["Predator","Sucker Punch"],"picked":"Blade Dance","floor":8},{"not_picked":["Heel Hook","PiercingWail"],"picked":"Endless Agony","floor":12},{"not_picked":["Acrobatics","Masterful Stab"],"picked":"Sucker Punch","floor":14},{"not_picked":["Adrenaline","Burst"],"picked":"A Thousand Cuts","floor":16},{"not_picked":["Underhanded Strike","Bane"],"picked":"Deflect","floor":18},{"not_picked":["Well Laid Plans","Poisoned Stab"],"picked":"Quick Slash","floor":19},{"not_picked":["Crippling Poison","Masterful Stab"],"picked":"Outmaneuver+1","floor":20},{"not_picked":["Predator","Acrobatics"],"picked":"Choke","floor":21},{"not_picked":["Dagger Spray","Skewer+1"],"picked":"PiercingWail","floor":24},{"not_picked":["Dash","Deadly Poison"],"picked":"All Out Attack","floor":28},{"not_picked":["Backflip+1","Reflex+1"],"picked":"Dodge and Roll","floor":30},{"not_picked":["Bane","Eviscerate"],"picked":"Sucker Punch","floor":31},{"not_picked":["Glass Knife","Phantasmal Killer"],"picked":"Bullet Time","floor":33},{"not_picked":["Backflip+1","Tactician"],"picked":"Acrobatics+1","floor":35},{"not_picked":["Noxious Fumes+1","Catalyst"],"picked":"Slice","floor":40},{"not_picked":["Slice","Distraction+1"],"picked":"Cloak And Dagger+1","floor":42},{"not_picked":["Slice","Poisoned Stab"],"picked":"Masterful Stab+1","floor":45},{"not_picked":["Quick Slash","Backflip+1"],"picked":"Finisher","floor":47}],"player_experience":169141,"relics_obtained":[{"floor":7,"key":"Centennial Puzzle"},{"floor":9,"key":"MawBank"},{"floor":14,"key":"Meat on the Bone"},{"floor":24,"key":"Tough Bandages"},{"floor":26,"key":"Shuriken"},{"floor":27,"key":"Bottled Tornado"},{"floor":28,"key":"Dodecahedron"},{"floor":40,"key":"Pantograph"},{"floor":43,"key":"Juzu Bracelet"}],"event_choices":[{"damage_healed":0.0,"max_hp_gain":0.0,"max_hp_loss":0.0,"gold_gain":175.0,"event_name":"Liars Game","player_choice":"AGREE","floor":2.0,"gold_loss":0.0,"damage_taken":0.0,"cards_obtained":["Doubt"]},{"damage_healed":0,"gold_gain":0,"player_choice":"Grow","damage_taken":0,"max_hp_gain":0,"max_hp_loss":0,"event_name":"Living Wall","floor":11,"gold_loss":0,"cards_upgraded":["Blade Dance"]},{"damage_healed":0,"gold_gain":0,"player_choice":"Take Wound","damage_taken":0,"relics_obtained":["Golden Idol"],"max_hp_gain":0,"max_hp_loss":0,"event_name":"Golden Idol","floor":13,"gold_loss":0,"cards_obtained":["Injury"]},{"damage_healed":0,"gold_gain":0,"player_choice":"Upgrade","damage_taken":0,"relics_obtained":["Mark of the Bloom"],"max_hp_gain":0,"max_hp_loss":0,"event_name":"MindBloom","floor":37,"gold_loss":0,"cards_upgraded":["Defend_G","Defend_G","Defend_G","Defend_G","Defend_G","Strike_G","Strike_G","Strike_G","Strike_G","Strike_G","Survivor","Neutralize","Backflip","Blade Dance","Endless Agony","Deflect","Quick Slash","Slice","Footwork","Outmaneuver","PiercingWail","All Out Attack","Dodge and Roll","Sucker Punch","Bullet Time"]},{"damage_healed":0,"gold_gain":0,"player_choice":"Ignored","damage_taken":0,"max_hp_gain":0,"max_hp_loss":0,"event_name":"Mysterious Sphere","floor":38,"gold_loss":0},{"damage_healed":0,"gold_gain":0,"player_choice":"Paid","damage_taken":0,"relics_obtained":["Red Mask"],"max_hp_gain":0,"max_hp_loss":0,"event_name":"Tomb of Lord Red Mask","floor":39,"gold_loss":27},{"damage_healed":0,"gold_gain":0,"player_choice":"Copied","damage_taken":0,"max_hp_gain":0,"max_hp_loss":0,"event_name":"Duplicator","floor":48,"gold_loss":0,"cards_obtained":["Chrysalis"]}],"is_beta":false,"boss_relics":[{"not_picked":["White Beast Statue","Philosopher\u0027s Stone"],"picked":"Ring of the Serpent"},{"not_picked":["Eternal Feather","Black Star"],"picked":"Cursed Key"}],"items_purged_floors":[4,22],"is_endless":false,"potions_floor_spawned":[3,8,12,19,20,30,31,33,45],"ascension_level":1}