{"gold_per_floor":[117,292,10,23,43,43,74,85,85,85,85,160,160,30,30,130,130,149,149,64,64,75,93,93,121,121,154,2,2,2,21,21,121,121,134,9,0,18,18,18,73,73,73,90,116,116,142,158,158,158],"floor_reached":50,"playtime":4271,"items_purged":["Doubt","Pain","Tactician"],"score":614,"play_id":"e14b6e3e-8f5a-4b8c-9474-2553580afdce","local_time":"20180704235347","is_ascension_mode":false,"campfire_choices":[{"data":"Apotheosis","floor":6,"key":"SMITH"},{"data":"Noxious Fumes","floor":10,"key":"SMITH"},{"floor":13,"key":"REST"},{"floor":15,"key":"REST"},{"floor":30,"key":"REST"},{"floor":32,"key":"REST"},{"floor":40,"key":"REST"},{"floor":46,"key":"REST"},{"floor":49,"key":"REST"}],"neow_cost":"NONE","seed_source_timestamp":1441778513386909,"circlet_count":0,"master_deck":["Defend_G","Defend_G","Defend_G","Defend_G+1","Defend_G","Survivor","Neutralize","Outmaneuver","Dodge and Roll","Noxious Fumes+1","Dagger Spray","Dagger Spray","Sucker Punch","Apotheosis+1","Backflip","Distraction","PiercingWail","Acrobatics","Reflex","Noxious Fumes","Adrenaline","Doubt","Decay","Terror+1","Bite","Bite","Bite","Bite","Bite","Bouncing Flask+1","Catalyst","Noxious Fumes","Caltrops","Dodge and Roll","Blur","Adrenaline","Poisoned Stab+1","Dodge and Roll+1","Madness","Madness","Dagger Throw+1","Predator","Bouncing Flask","Skewer+1","Crippling Poison+1"],"relics":["Orrery","Ancient Tea Set","Juzu Bracelet","Calling Bell","Bag of Preparation","Ninja Scroll","Du-Vu Doll","Enchiridion","Meat on the Bone","War Paint","Thread and Needle","Dodecahedron","Fusion Hammer","Red Mask","Tiny Chest","Happy Flower","Strawberry","Torii"],"potions_floor_usage":[16,16,18,25,33,33,33,48,50,50],"damage_taken":[{"damage":5,"enemies":"Jaw Worm","floor":1,"turns":5},{"damage":2,"enemies":"Small Slimes","floor":4,"turns":4},{"damage":0,"enemies":"Cultist","floor":5,"turns":4},{"damage":8,"enemies":"3 Sentries","floor":7,"turns":7},{"damage":7,"enemies":"Exordium Thugs","floor":8,"turns":4},{"damage":20,"enemies":"Hexaghost","floor":16,"turns":8},{"damage":3,"enemies":"Spheric Guardian","floor":18,"turns":3},{"damage":0,"enemies":"3 Byrds","floor":22,"turns":5},{"damage":25,"enemies":"Centurion and Healer","floor":23,"turns":7},{"damage":20,"enemies":"Gremlin Leader","floor":25,"turns":6},{"damage":29,"enemies":"Slavers","floor":27,"turns":4},{"damage":0,"enemies":"3 Cultists","floor":31,"turns":4},{"damage":39,"enemies":"Automaton","floor":33,"turns":10},{"damage":0,"enemies":"3 Shapes","floor":35,"turns":6},{"damage":0,"enemies":"Orb Walker","floor":38,"turns":3},{"damage":27,"enemies":"Nemesis","floor":41,"turns":7},{"damage":17,"enemies":"3 Darklings","floor":44,"turns":5},{"damage":32,"enemies":"Giant Head","floor":45,"turns":8},{"damage":24,"enemies":"Nemesis","floor":47,"turns":5},{"damage":12,"enemies":"Maw","floor":48,"turns":7},{"damage":68,"enemies":"Awakened One","floor":50,"turns":8}],"seed_played":"1297595529470280490","potions_obtained":[{"floor":5,"key":"SkillPotion"},{"floor":8,"key":"Fire Potion"},{"floor":16,"key":"Explosive Potion"},{"floor":22,"key":"LiquidBronze"},{"floor":25,"key":"SneckoOil"},{"floor":33,"key":"Strength Potion"},{"floor":35,"key":"Poison Potion"},{"floor":44,"key":"Energy Potion"}],"is_trial":false,"path_per_floor":["M","?","$","M","M","R","E","M","T","R","?","?","R","$","R","B",null,"M","?","?","?","M","M","?","E","T","E","$","?","R","M","R","B",null,"M","$","?","M","?","R","E","$","T","M","E","R","E","M","R"],"character_chosen":"THE_SILENT","items_purchased":["Apotheosis","Backflip","Noxious Fumes","Poison Potion","Dodge and Roll"],"campfire_rested":7,"item_purchase_floors":[3,3,14,14,28],"current_hp_per_floor":[65,65,65,63,63,63,55,48,48,48,48,37,58,58,70,50,70,67,51,51,49,49,33,33,31,31,17,17,17,31,37,49,31,49,49,49,49,49,43,49,35,35,35,34,34,50,32,42,56,0],"gold":158,"neow_bonus":"BOSS_RELIC","is_prod":false,"is_daily":false,"chose_seed":false,"campfire_upgraded":2,"win_rate":0,"timestamp":1530762827,"path_taken":["M","?","?","?","M","R","E","M","T","R","?","?","R","?","R","BOSS","M","?","?","?","M","M","?","E","T","E","$","?","R","M","R","BOSS","M","$","?","M","?","R","E","?","T","M","E","R","E","M","R","BOSS"],"build_version":"2018-06-28","purchased_purges":3,"victory":false,"max_hp_per_floor":[70,70,70,70,70,70,70,70,70,70,70,70,70,70,70,70,70,70,70,70,49,49,49,49,49,49,49,49,49,49,49,49,49,49,49,49,49,49,49,49,49,49,49,49,56,56,56,56,56,56],"card_choices":[{"not_picked":["Flying Knee","Slice"],"picked":"Outmaneuver","floor":0},{"not_picked":["Riddle With Holes","Underhanded Strike"],"picked":"Dodge and Roll","floor":0},{"not_picked":["Prepared","Heel Hook"],"picked":"Noxious Fumes","floor":0},{"not_picked":["Dagger Throw","Wraith Form v2"],"picked":"Dagger Spray","floor":0},{"not_picked":["Finisher","Flechettes"],"picked":"Dagger Spray","floor":0},{"not_picked":["Dagger Throw","Prepared"],"picked":"Sucker Punch","floor":1},{"not_picked":["Reflex","Prepared"],"picked":"Distraction","floor":4},{"not_picked":["Finisher","Blade Dance"],"picked":"PiercingWail","floor":5},{"not_picked":["Outmaneuver","PiercingWail"],"picked":"Tactician","floor":7},{"not_picked":["Escape Plan","Slice"],"picked":"Acrobatics","floor":8},{"not_picked":["Night Terror","Glass Knife"],"picked":"Adrenaline","floor":16},{"not_picked":["Blade Dance","Quick Slash"],"picked":"Terror","floor":18},{"not_picked":["PiercingWail","Escape Plan"],"picked":"Bouncing Flask+1","floor":22},{"not_picked":["All Out Attack","Predator"],"picked":"Catalyst","floor":23},{"not_picked":["Flechettes+1","Footwork"],"picked":"Noxious Fumes","floor":25},{"not_picked":["Phantasmal Killer","PiercingWail"],"picked":"Caltrops","floor":27},{"not_picked":["Slice+1","Outmaneuver"],"picked":"Blur","floor":31},{"not_picked":["Corpse Explosion","Die Die Die"],"picked":"Adrenaline","floor":33},{"not_picked":["Masterful Stab+1","Dash+1"],"picked":"Poisoned Stab+1","floor":35},{"not_picked":["Heel Hook+1","Dagger Spray"],"picked":"Dodge and Roll+1","floor":38},{"not_picked":["Die Die Die","Sucker Punch+1"],"picked":"Dagger Throw+1","floor":41},{"not_picked":["Underhanded Strike+1","Malaise+1"],"picked":"Predator","floor":44},{"not_picked":["Footwork","Glass Knife"],"picked":"Bouncing Flask","floor":45},{"not_picked":["Riddle With Holes","Expertise"],"picked":"Skewer+1","floor":47},{"not_picked":["Caltrops+1","Reflex+1"],"picked":"Crippling Poison+1","floor":48}],"player_experience":36382,"relics_obtained":[{"floor":7,"key":"Ancient Tea Set"},{"floor":9,"key":"Juzu Bracelet"},{"floor":17,"key":"Bag of Preparation"},{"floor":17,"key":"Ninja Scroll"},{"floor":17,"key":"Du-Vu Doll"},{"floor":19,"key":"Enchiridion"},{"floor":25,"key":"War Paint"},{"floor":26,"key":"Thread and Needle"},{"floor":27,"key":"Dodecahedron"},{"floor":41,"key":"Tiny Chest"},{"floor":43,"key":"Happy Flower"},{"floor":45,"key":"Strawberry"},{"floor":47,"key":"Torii"}],"event_choices":[{"event_name":"Liars Game","player_choice":"agreed","floor":2,"damage_taken":0},{"event_name":"Transmorgrifier","player_choice":"Transform","floor":11,"damage_taken":0},{"event_name":"World of Goop","player_choice":"Gather Gold","floor":12,"damage_taken":0},{"event_name":"Cursed Tome","player_choice":"Obtained Book","floor":19,"damage_taken":0},{"event_name":"Addict","player_choice":"Obtained Relic","floor":20,"damage_taken":0},{"event_name":"Vampires","player_choice":"Became a vampire","floor":21,"damage_taken":0},{"event_name":"Ghosts","player_choice":"Ignored","floor":24,"damage_taken":0},{"event_name":"Drug Dealer","player_choice":"Ignored","floor":29,"damage_taken":0},{"event_name":"Tomb of Lord Red Mask","player_choice":"Paid","floor":37,"damage_taken":0},{"event_name":"Winding Halls","player_choice":"Embrace Madness","floor":39,"damage_taken":0}],"boss_relics":[{"not_picked":["Tiny House","Ectoplasm"],"picked":"Calling Bell"},{"not_picked":["Busted Crown","White Beast Statue"],"picked":"Fusion Hammer"}],"items_purged_floors":[3,28,36],"is_endless":false,"potions_floor_spawned":[5,8,16,22,25,33,35,44],"killed_by":"Awakened One","ascension_level":0}