{"gold_per_floor":[117,129,145,145,162,162,12,12,12,12,26,58,233,245,245,341,341,352,552,562,589,604,604,618,344,394,411,56,70,99,24,24,123,123,133,21,31,0,11,37,37,55,55,85,103,103,103,128,128,128],"floor_reached":50,"playtime":4950,"items_purged":["Doubt"],"score":599,"play_id":"fd03628b-1fa2-4f69-aaf4-758c4493c4e4","local_time":"20181215223109","is_ascension_mode":false,"campfire_choices":[{"data":"Cloak And Dagger","floor":6,"key":"SMITH"},{"data":"Quick Slash","floor":8,"key":"SMITH"},{"data":"Neutralize","floor":10,"key":"SMITH"},{"floor":15,"key":"REST"},{"floor":23,"key":"REST"},{"floor":32,"key":"REST"},{"floor":41,"key":"REST"},{"floor":46,"key":"REST"},{"floor":49,"key":"REST"}],"neow_cost":"NONE","seed_source_timestamp":302732163755071,"circlet_count":0,"master_deck":["Defend_G","Defend_G","Defend_G","Strike_G","Strike_G","Survivor","Neutralize+1","Die Die Die","Prepared","Terror","Cloak And Dagger+1","Quick Slash+1","Infinite Blades","Blade Dance","Noxious Fumes","Adrenaline","Flying Knee+1","Crippling Poison","Dagger Spray","Choke+1","Accuracy","Terror+1","Noxious Fumes","Deflect+1","Crippling Poison","Corpse Explosion","Escape Plan+1","Noxious Fumes+1","Finisher+1","Deadly Poison+1","Well Laid Plans","Leg Sweep+1","Noxious Fumes+1","Endless Agony","Concentrate+1","Reflex+1","Outmaneuver+1","Poisoned Stab"],"relics":["Ring of the Serpent","PreservedInsect","Kunai","Regal Pillow","Juzu Bracelet","Tiny Chest","Orichalcum","Snake Skull","Turnip","Astrolabe","Red Mask","Anchor","Prayer Wheel","Ancient Tea Set","Art of War"],"potions_floor_usage":[18,24,27,29,30,30,33,39,40,40,42],"damage_taken":[{"damage":0,"enemies":"Small Slimes","floor":1,"turns":3},{"damage":0,"enemies":"Cultist","floor":2,"turns":4},{"damage":0,"enemies":"Jaw Worm","floor":3,"turns":3},{"damage":5,"enemies":"Blue Slaver","floor":5,"turns":4},{"damage":0,"enemies":"Lots of Slimes","floor":11,"turns":3},{"damage":18,"enemies":"3 Sentries","floor":12,"turns":5},{"damage":4,"enemies":"Exordium Thugs","floor":14,"turns":4},{"damage":24,"enemies":"Slime Boss","floor":16,"turns":12},{"damage":18,"enemies":"2 Thieves","floor":18,"turns":4},{"damage":19,"enemies":"3 Byrds","floor":20,"turns":4},{"damage":6,"enemies":"Snecko","floor":22,"turns":5},{"damage":42,"enemies":"Shelled Parasite and Fungi","floor":24,"turns":6},{"damage":9,"enemies":"Snake Plant","floor":27,"turns":3},{"damage":5,"enemies":"3 Cultists","floor":29,"turns":4},{"damage":6,"enemies":"Slavers","floor":30,"turns":4},{"damage":20,"enemies":"Automaton","floor":33,"turns":9},{"damage":12,"enemies":"3 Darklings","floor":35,"turns":2},{"damage":1,"enemies":"3 Shapes","floor":37,"turns":5},{"damage":6,"enemies":"Spire Growth","floor":39,"turns":4},{"damage":45,"enemies":"Reptomancer","floor":40,"turns":6},{"damage":13,"enemies":"Sphere and 2 Shapes","floor":42,"turns":5},{"damage":33,"enemies":"Nemesis","floor":44,"turns":7},{"damage":7,"enemies":"Transient","floor":45,"turns":5},{"damage":70,"enemies":"Awakened One","floor":50,"turns":14}],"seed_played":"-3185661706893283305","potions_obtained":[{"floor":1,"key":"Energy Potion"},{"floor":5,"key":"Regen Potion"},{"floor":14,"key":"Explosive Potion"},{"floor":20,"key":"AttackPotion"},{"floor":29,"key":"FearPotion"},{"floor":33,"key":"SneckoOil"},{"floor":35,"key":"Energy Potion"},{"floor":37,"key":"Weak Potion"},{"floor":40,"key":"Regen Potion"}],"is_trial":false,"path_per_floor":["M","M","M","?","M","R","$","R","T","R","M","E","?","M","R","B",null,"M","?","M","T","M","R","M","$","T","M","$","M","E","?","R","B",null,"M","$","M","?","M","E","R","M","T","E","M","R","?","T","R","B"],"character_chosen":"THE_SILENT","items_purchased":["PreservedInsect","Tiny Chest","Accuracy","Noxious Fumes","Snake Skull","Block Potion","GhostInAJar","Well Laid Plans","Regen Potion"],"campfire_rested":6,"item_purchase_floors":[7,25,25,28,28,28,28,36,36],"current_hp_per_floor":[70,70,70,70,65,65,65,65,65,65,65,47,47,43,70,46,70,52,52,33,33,27,63,35,35,35,26,26,21,15,15,51,31,70,58,58,57,57,51,21,57,59,59,26,19,55,55,55,70,0],"gold":128,"neow_bonus":"ONE_RANDOM_RARE_CARD","is_prod":false,"is_daily":false,"chose_seed":false,"campfire_upgraded":3,"win_rate":0,"timestamp":1544913069,"path_taken":["M","M","M","?","M","R","?","R","T","R","M","E","?","?","R","BOSS","M","?","?","?","M","R","M","$","T","M","$","M","E","?","R","BOSS","M","$","M","?","M","E","R","M","T","E","M","R","?","?","R","BOSS"],"build_version":"2018-12-13","purchased_purges":1,"victory":false,"max_hp_per_floor":[70,70,70,70,70,70,70,70,70,70,70,70,70,70,70,70,70,70,70,70,70,70,70,70,70,70,70,70,70,70,70,70,70,70,70,70,70,70,70,70,70,70,70,70,70,70,70,70,70,70],"card_choices":[{"not_picked":["Catalyst","PiercingWail"],"picked":"Prepared","floor":1},{"not_picked":["Outmaneuver","Deflect"],"picked":"Terror","floor":2},{"not_picked":["Slice","Dodge and Roll"],"picked":"Cloak And Dagger","floor":3},{"not_picked":["Dagger Throw","Escape Plan"],"picked":"Quick Slash","floor":5},{"not_picked":["Terror","Deadly Poison"],"picked":"Infinite Blades","floor":11},{"not_picked":["Blur","Dagger Throw"],"picked":"Blade Dance","floor":12},{"not_picked":["Glass Knife","PiercingWail"],"picked":"Noxious Fumes","floor":14},{"not_picked":["Phantasmal Killer","Bullet Time"],"picked":"Adrenaline","floor":16},{"not_picked":["Concentrate+1","Noxious Fumes"],"picked":"Flying Knee+1","floor":18},{"not_picked":["Poisoned Stab","Slice+1"],"picked":"Crippling Poison","floor":20},{"not_picked":["Slice","Expertise"],"picked":"Dagger Spray","floor":22},{"not_picked":["Slice","Flying Knee+1"],"picked":"Choke+1","floor":24},{"not_picked":["Acrobatics","Expertise"],"picked":"Terror+1","floor":27},{"not_picked":["Well Laid Plans+1","Noxious Fumes"],"picked":"Deflect+1","floor":29},{"not_picked":["Deadly Poison","Infinite Blades"],"picked":"Crippling Poison","floor":30},{"not_picked":["Storm of Steel","A Thousand Cuts"],"picked":"Corpse Explosion","floor":33},{"not_picked":["Underhanded Strike","Dagger Spray"],"picked":"Deadly Poison+1","floor":35},{"not_picked":["Reflex","Poisoned Stab+1"],"picked":"Leg Sweep+1","floor":37},{"not_picked":["Acrobatics","Calculated Gamble"],"picked":"Noxious Fumes+1","floor":39},{"not_picked":["Flechettes","Leg Sweep"],"picked":"Endless Agony","floor":40},{"not_picked":["Setup","Slice+1"],"picked":"Concentrate+1","floor":42},{"not_picked":["Prepared+1","PiercingWail"],"picked":"Reflex+1","floor":44},{"not_picked":["Skewer","PiercingWail"],"picked":"Outmaneuver+1","floor":45},{"not_picked":["Outmaneuver","Cloak And Dagger"],"picked":"Poisoned Stab","floor":45}],"player_experience":221141,"relics_obtained":[{"floor":9,"key":"Kunai"},{"floor":12,"key":"Regal Pillow"},{"floor":21,"key":"Juzu Bracelet"},{"floor":26,"key":"Orichalcum"},{"floor":30,"key":"Turnip"},{"floor":40,"key":"Anchor"},{"floor":43,"key":"Prayer Wheel"},{"floor":44,"key":"Ancient Tea Set"},{"floor":48,"key":"Art of War"}],"event_choices":[{"cards_removed":["Strike_G"],"damage_healed":0,"gold_gain":0,"player_choice":"Purged","damage_taken":0,"max_hp_gain":0,"max_hp_loss":0,"event_name":"Purifier","floor":4,"gold_loss":0},{"damage_healed":0,"gold_gain":175,"player_choice":"AGREE","damage_taken":0,"max_hp_gain":0,"max_hp_loss":0,"event_name":"Liars Game","floor":13,"gold_loss":0,"cards_obtained":["Doubt"]},{"damage_healed":0,"gold_gain":200,"player_choice":"Gold","damage_taken":0,"max_hp_gain":0,"max_hp_loss":0,"event_name":"Wheel of Change","floor":19,"gold_loss":0},{"cards_removed":["Strike_G"],"damage_healed":0,"gold_gain":0,"player_choice":"Gave Gold","damage_taken":0,"max_hp_gain":0,"max_hp_loss":0,"event_name":"Beggar","floor":31,"gold_loss":75},{"damage_healed":0,"gold_gain":0,"player_choice":"Paid","damage_taken":0,"relics_obtained":["Red Mask"],"max_hp_gain":0,"max_hp_loss":0,"event_name":"Tomb of Lord Red Mask","floor":38,"gold_loss":31},{"damage_healed":0,"gold_gain":0,"player_choice":"Ignored","damage_taken":0,"max_hp_gain":0,"max_hp_loss":0,"event_name":"Mysterious Sphere","floor":47,"gold_loss":0}],"is_beta":false,"boss_relics":[{"not_picked":["Philosopher\u0027s Stone","Busted Crown"],"picked":"Ring of the Serpent"},{"not_picked":["Runic Dome","Tiny House"],"picked":"Astrolabe"}],"items_purged_floors":[25],"is_endless":false,"potions_floor_spawned":[1,5,14,16,20,29,33,35,37,40],"killed_by":"Awakened One","ascension_level":0}