{"gold_per_floor":[110,210,66,84,104,104,124,24,24,24,43,43,78,78,78,78],"floor_reached":16,"playtime":497,"items_purged":["Strike_G","Strike_G"],"score":120,"play_id":"623a5279-8038-43ef-b455-8e7c738c3ee3","local_time":"20181217234316","is_ascension_mode":true,"campfire_choices":[{"data":"Noxious Fumes","floor":6,"key":"SMITH"},{"floor":10,"key":"RECALL"},{"data":"Neutralize","floor":12,"key":"SMITH"},{"floor":15,"key":"REST"}],"neow_cost":"NONE","seed_source_timestamp":15354697825600,"circlet_count":0,"master_deck":["Defend_G","Defend_G","Defend_G","Defend_G","Defend_G","Strike_G","Strike_G","Strike_G","Survivor+1","Neutralize+1","Prepared","Noxious Fumes+1","Backflip"],"relics":["Ring of the Snake","NeowsBlessing","Bronze Scales","Gremlin Horn"],"potions_floor_usage":[13,13],"damage_taken":[{"damage":0,"enemies":"Jaw Worm","floor":1,"turns":1},{"damage":0,"enemies":"Cultist","floor":4,"turns":1},{"damage":0,"enemies":"2 Louse","floor":5,"turns":1},{"damage":2,"enemies":"Large Slime","floor":7,"turns":8},{"damage":14,"enemies":"Lots of Slimes","floor":11,"turns":3},{"damage":20,"enemies":"Gremlin Nob","floor":13,"turns":6},{"damage":55,"enemies":"Slime Boss","floor":16,"turns":13}],"seed_played":"1468048108083497196","potions_obtained":[{"floor":1,"key":"GhostInAJar"},{"floor":11,"key":"EssenceOfSteel"},{"floor":13,"key":"FearPotion"}],"is_trial":false,"path_per_floor":["M","?","$","M","M","R","M","$","T","R","M","R","E","?","R","B"],"character_chosen":"THE_SILENT","items_purchased":["Noxious Fumes"],"campfire_rested":1,"item_purchase_floors":[3],"current_hp_per_floor":[70,70,70,70,70,70,68,68,68,68,54,54,34,34,55,0],"gold":78,"neow_bonus":"THREE_ENEMY_KILL","is_prod":false,"is_daily":false,"chose_seed":false,"campfire_upgraded":2,"win_rate":0,"timestamp":1545086596,"path_taken":["M","?","$","?","M","R","M","$","T","R","?","R","E","?","R","BOSS"],"build_version":"2018-12-13","purchased_purges":2,"victory":false,"max_hp_per_floor":[70,70,70,70,70,70,70,70,70,70,70,70,70,70,70,70],"card_choices":[{"not_picked":["Setup","Masterful Stab"],"picked":"Prepared","floor":1},{"not_picked":["Choke","Sucker Punch","Underhanded Strike"],"picked":"SKIP","floor":4},{"not_picked":["Crippling Poison","Deflect"],"picked":"Backflip","floor":5},{"not_picked":["Well Laid Plans","Underhanded Strike","Backflip"],"picked":"SKIP","floor":7},{"not_picked":["Dagger Throw","Concentrate","Outmaneuver"],"picked":"SKIP","floor":11},{"not_picked":["Flying Knee","Dagger Spray","Riddle With Holes"],"picked":"SKIP","floor":13}],"player_experience":804777,"relics_obtained":[{"floor":9,"key":"Bronze Scales"},{"floor":13,"key":"Gremlin Horn"}],"event_choices":[{"damage_healed":0,"gold_gain":100,"player_choice":"Pray","damage_taken":0,"max_hp_gain":0,"max_hp_loss":0,"event_name":"Golden Shrine","floor":2,"gold_loss":0},{"damage_healed":0,"gold_gain":0,"player_choice":"Forge","damage_taken":0,"max_hp_gain":0,"max_hp_loss":0,"event_name":"Accursed Blacksmith","floor":14,"gold_loss":0,"cards_upgraded":["Survivor"]}],"is_beta":false,"boss_relics":[],"items_purged_floors":[3,8],"is_endless":false,"potions_floor_spawned":[1,11,13],"killed_by":"Slime Boss","ascension_level":4}