{"gold_per_floor":[115,115,132,146,146,146,174,174],"floor_reached":8,"playtime":587,"items_purged":[],"score":56,"play_id":"f29b3014-1d21-4bc0-997e-0bd61705c691","local_time":"20181023231646","is_ascension_mode":false,"campfire_choices":[{"floor":6,"key":"DIG"}],"neow_cost":"NONE","seed_source_timestamp":364775212941784,"circlet_count":0,"master_deck":["Defend_G","Defend_G","Defend_G","Defend_G","Defend_G","Strike_G","Strike_G","Strike_G","Strike_G","Strike_G","Survivor","Neutralize","Decay","Writhe","Dagger Throw","Dagger Throw","Reflex"],"relics":["Calling Bell","Ancient Tea Set","Singing Bowl","Shovel","Tingsha","Blue Candle","Lantern"],"potions_floor_usage":[4,7],"damage_taken":[{"damage":5,"enemies":"Jaw Worm","floor":1,"turns":8},{"damage":0,"enemies":"Small Slimes","floor":3,"turns":4},{"damage":0,"enemies":"2 Louse","floor":4,"turns":2},{"damage":22,"enemies":"3 Sentries","floor":7,"turns":7},{"damage":18,"enemies":"Lots of Slimes","floor":8,"turns":2}],"seed_played":"-2137027491059002278","potions_obtained":[{"floor":1,"key":"Poison Potion"},{"floor":3,"key":"Fruit Juice"}],"is_trial":false,"path_per_floor":["M","?","M","M","?","R","E"],"character_chosen":"THE_SILENT","items_purchased":[],"campfire_rested":0,"item_purchase_floors":[],"current_hp_per_floor":[65,32,32,37,37,37,17,0],"gold":174,"neow_bonus":"BOSS_RELIC","is_prod":false,"is_daily":false,"chose_seed":false,"campfire_upgraded":0,"win_rate":0,"timestamp":1540351006,"path_taken":["M","?","M","M","?","R","E","M"],"build_version":"2018-10-18","purchased_purges":0,"victory":false,"max_hp_per_floor":[70,70,70,75,75,75,77,77],"card_choices":[{"not_picked":["Quick Slash","Skewer"],"picked":"Dagger Throw","floor":1},{"not_picked":["Prepared","Bane"],"picked":"Dagger Throw","floor":3},{"not_picked":["Dodge and Roll","PiercingWail"],"picked":"Reflex","floor":4},{"not_picked":["Heel Hook","Dodge and Roll","Glass Knife"],"picked":"Singing Bowl","floor":7}],"player_experience":168554,"relics_obtained":[{"floor":0,"key":"Ancient Tea Set"},{"floor":0,"key":"Singing Bowl"},{"floor":0,"key":"Shovel"},{"floor":6,"key":"Blue Candle"},{"floor":7,"key":"Lantern"}],"event_choices":[{"damage_healed":0,"gold_gain":0,"player_choice":"Success","damage_taken":33,"relics_obtained":["Tingsha"],"max_hp_gain":0,"max_hp_loss":0,"event_name":"Scrap Ooze","floor":2,"gold_loss":0},{"cards_removed":["Normality"],"damage_healed":0,"gold_gain":0,"player_choice":"Purged","damage_taken":0,"max_hp_gain":0,"max_hp_loss":0,"event_name":"Purifier","floor":5,"gold_loss":0}],"is_beta":false,"boss_relics":[],"items_purged_floors":[],"is_endless":false,"potions_floor_spawned":[1,3],"killed_by":"Lots of Slimes","ascension_level":0}