{"gold_per_floor":[16,16,91,91,191,191,210,239,239,256,284,298,298,312,312,417,417,428,428,98,98,98,98],"floor_reached":23,"playtime":1686,"items_purged":["Regret"],"score":187,"play_id":"3cfa460f-b7d0-4056-84ef-3671e2b20ef7","local_time":"20180625220904","is_ascension_mode":false,"campfire_choices":[{"data":"Bash","floor":6,"key":"SMITH"},{"data":"Rage","floor":13,"key":"SMITH"},{"data":"Armaments","floor":15,"key":"SMITH"}],"neow_cost":"NO_GOLD","seed_source_timestamp":660469211101226,"circlet_count":0,"master_deck":["Strike_R","Strike_R","Defend_R+1","Defend_R","Defend_R+1","Defend_R","Bash+1","Headbutt","Cleave","Armaments+1","Rage+1","Sever Soul","Spot Weakness","Combust","Juggernaut","Searing Blow+1","Uppercut+1","Rupture+1","Body Slam","Decay","Metallicize","Armaments"],"relics":["Burning Blood","Bird Faced Urn","War Paint","Odd Mushroom","Matryoshka","Centennial Puzzle","Astrolabe","Bag of Marbles","Nilry\u0027s Codex"],"potions_floor_usage":[16,16,23],"damage_taken":[{"damage":20,"enemies":"Jaw Worm","floor":1,"turns":5},{"damage":2,"enemies":"Small Slimes","floor":7,"turns":4},{"damage":11,"floor":8,"turns":5},{"damage":9,"enemies":"2 Louse","floor":10,"turns":3},{"damage":13,"enemies":"3 Sentries","floor":11,"turns":7},{"damage":5,"enemies":"Exordium Wildlife","floor":12,"turns":4},{"damage":7,"enemies":"Looter","floor":14,"turns":3},{"damage":36,"enemies":"Slime Boss","floor":16,"turns":8},{"damage":43,"enemies":"2 Thieves","floor":18,"turns":5},{"damage":52,"enemies":"Gremlin Leader","floor":23,"turns":7}],"seed_played":"4259600749859911339","potions_obtained":[{"floor":1,"key":"PowerPotion"},{"floor":11,"key":"Explosive Potion"},{"floor":14,"key":"SteroidPotion"},{"floor":16,"key":"Ancient Potion"}],"is_trial":false,"path_per_floor":["M","$","?","?","?","R","M","?","T","M","E","M","R","M","R","B",null,"M","?","$","?","?"],"character_chosen":"IRONCLAD","items_purchased":["Metallicize","Armaments","Bag of Marbles"],"campfire_rested":0,"item_purchase_floors":[20,20,20],"current_hp_per_floor":[66,66,55,55,55,55,59,54,54,51,44,45,45,44,44,18,80,47,47,47,47,31,0],"gold":98,"neow_bonus":"ONE_RARE_RELIC","is_prod":false,"is_daily":false,"chose_seed":false,"campfire_upgraded":3,"win_rate":0.0,"timestamp":1529978944,"path_taken":["M","$","?","?","?","R","?","?","T","M","E","M","R","M","R","BOSS","M","?","$","?","?","E"],"build_version":"2018-06-21v2","purchased_purges":1,"victory":false,"max_hp_per_floor":[80,80,80,80,80,80,80,80,80,80,80,80,80,80,80,80,80,80,80,80,80,80,80],"card_choices":[{"not_picked":["Searing Blow","Thunderclap"],"picked":"Headbutt","floor":1},{"not_picked":["Ghostly Armor","Shockwave"],"picked":"Cleave","floor":7},{"not_picked":["Pommel Strike","Power Through"],"picked":"Armaments","floor":8},{"not_picked":["Thunderclap","Pommel Strike"],"picked":"Rage","floor":10},{"not_picked":["Shrug It Off","Sword Boomerang"],"picked":"Sever Soul","floor":11},{"not_picked":["Flex","Rage"],"picked":"Spot Weakness","floor":12},{"not_picked":["Pommel Strike","Perfected Strike"],"picked":"Combust","floor":14},{"not_picked":["Fiend Fire","Double Tap"],"picked":"Juggernaut","floor":16},{"not_picked":["Flex","Clash"],"picked":"Body Slam","floor":18}],"player_experience":10972,"relics_obtained":[{"floor":8,"key":"Odd Mushroom"},{"floor":9,"key":"Matryoshka"},{"floor":11,"key":"Centennial Puzzle"},{"floor":22,"key":"Nilry\u0027s Codex"}],"event_choices":[{"event_name":"World of Goop","player_choice":"Gather Gold","floor":3,"damage_taken":0},{"event_name":"Big Fish","player_choice":"Box","floor":4,"damage_taken":0},{"event_name":"Golden Shrine","player_choice":"Pray","floor":5,"damage_taken":0},{"event_name":"Mushrooms","player_choice":"Fought Mushrooms","floor":8,"damage_taken":0},{"event_name":"Forgotten Altar","player_choice":"Smashed Altar","floor":19,"damage_taken":0},{"event_name":"Drug Dealer","player_choice":"Ignored","floor":21,"damage_taken":0},{"event_name":"Cursed Tome","player_choice":"Obtained Book","floor":22,"damage_taken":0}],"boss_relics":[{"not_picked":["Runic Cube","Cursed Key"],"picked":"Astrolabe"}],"items_purged_floors":[20],"is_endless":false,"potions_floor_spawned":[1,11,14,16],"killed_by":"Gremlin Leader","ascension_level":0}