{"gold_per_floor":[111,111,111,111,124,124,142,162,162,201,219,94,125,200,200,326,326,347,246,265,288,169,169,268,268,318,338,363,386,409,429,429,554,554,573,330,349,373,373],"floor_reached":39,"playtime":4452,"items_purged":["Strike_B","Strike_B","Strike_B","Defend_B"],"score":633,"play_id":"116d388a-7536-4fda-a906-062c48d4e652","local_time":"20181219000032","is_ascension_mode":true,"campfire_choices":[{"floor":6,"key":"RECALL"},{"floor":15,"key":"REST"},{"floor":23,"key":"REST"},{"floor":25,"key":"REST"},{"floor":32,"key":"REST"}],"neow_cost":"NONE","seed_source_timestamp":559933771322363,"circlet_count":0,"master_deck":["AscendersBane","Zap","Dualcast","Redo","Auto Shields","Cold Snap","Cold Snap","Echo Form","Glacier","All For One","Streamline","Force Field","Sunder","Reinforced Body+1","Melter+1","Glacier+1","Creative AI","Redo+1","Storm+1","Heatsinks+1","Glacier","Mayhem"],"relics":["Snecko Eye","Golden Idol","Smiling Mask","Pen Nib","Happy Flower","DataDisk","Astrolabe"],"potions_floor_usage":[13,13,13,16,18,28,33,33,39],"damage_taken":[{"damage":0,"enemies":"Cultist","floor":1,"turns":3},{"damage":7,"enemies":"Jaw Worm","floor":5,"turns":3},{"damage":7,"enemies":"2 Louse","floor":7,"turns":3},{"damage":7,"enemies":"Large Slime","floor":8,"turns":8},{"damage":15,"enemies":"3 Sentries","floor":10,"turns":19},{"damage":0,"enemies":"Blue Slaver","floor":11,"turns":4},{"damage":0,"enemies":"Lagavulin","floor":13,"turns":8},{"damage":2,"enemies":"Slime Boss","floor":16,"turns":24},{"damage":14,"enemies":"Spheric Guardian","floor":18,"turns":7},{"damage":17,"enemies":"2 Thieves","floor":20,"turns":4},{"damage":11,"enemies":"Snake Plant","floor":21,"turns":4},{"damage":0,"enemies":"Sentry and Sphere","floor":27,"turns":3},{"damage":11,"enemies":"Centurion and Healer","floor":28,"turns":3},{"damage":2,"enemies":"Cultist and Chosen","floor":29,"turns":4},{"damage":0,"enemies":"3 Cultists","floor":30,"turns":5},{"damage":10,"enemies":"Snake Plant","floor":31,"turns":4},{"damage":50,"enemies":"Collector","floor":33,"turns":15},{"damage":18,"enemies":"3 Shapes","floor":35,"turns":4},{"damage":15,"enemies":"3 Darklings","floor":37,"turns":3},{"damage":8,"enemies":"4 Shapes","floor":38,"turns":3},{"damage":19,"enemies":"Transient","floor":39,"turns":1}],"seed_played":"60452610064659970","potions_obtained":[{"floor":8,"key":"Ancient Potion"},{"floor":10,"key":"FearPotion"},{"floor":11,"key":"GamblersBrew"},{"floor":13,"key":"GamblersBrew"},{"floor":16,"key":"AttackPotion"},{"floor":21,"key":"Block Potion"},{"floor":29,"key":"Dexterity Potion"},{"floor":30,"key":"SpeedPotion"},{"floor":31,"key":"Regen Potion"},{"floor":35,"key":"FearPotion"},{"floor":38,"key":"Dexterity Potion"}],"is_trial":false,"path_per_floor":["M","?","T","?","M","R","M","M","T","E","M","$","E","?","R","B",null,"M","$","M","M","$","R","?","R","T","M","M","M","M","M","R","B",null,"M","$","M","M","M"],"character_chosen":"DEFECT","items_purchased":["Glacier","Streamline","Sunder","Mayhem"],"campfire_rested":4,"item_purchase_floors":[12,19,22,36],"current_hp_per_floor":[68,68,68,68,61,61,54,47,47,32,32,32,32,21,41,39,62,48,48,31,20,20,40,40,60,60,60,49,47,47,37,57,22,57,39,39,24,16,0],"gold":373,"neow_bonus":"BOSS_RELIC","is_prod":false,"is_daily":false,"chose_seed":false,"campfire_upgraded":0,"win_rate":0,"timestamp":1545177632,"path_taken":["M","?","?","?","M","R","M","M","T","E","M","$","E","?","R","BOSS","M","$","M","M","$","R","?","R","T","M","M","M","M","M","R","BOSS","M","$","M","M","M"],"build_version":"2018-12-13","purchased_purges":4,"victory":false,"max_hp_per_floor":[75,75,75,69,69,69,69,69,69,69,69,69,69,69,69,69,69,69,69,69,69,69,69,69,69,69,69,69,69,69,69,69,69,69,69,69,69,69,69],"card_choices":[{"not_picked":["Gash","Hello World"],"picked":"Redo","floor":1},{"not_picked":["Chill","Leap"],"picked":"Cold Snap","floor":5},{"not_picked":["Skim","Ball Lightning"],"picked":"Cold Snap","floor":7},{"not_picked":["Blizzard","Rebound","Hello World"],"picked":"SKIP","floor":8},{"not_picked":["Beam Cell","Rainbow"],"picked":"Echo Form","floor":10},{"not_picked":["Lockon","Rebound","Reprogram"],"picked":"SKIP","floor":11},{"not_picked":["Compile Driver","Ball Lightning","Barrage"],"picked":"SKIP","floor":13},{"not_picked":["Seek","Core Surge"],"picked":"All For One","floor":16},{"not_picked":["Beam Cell","Coolheaded","Barrage+1"],"picked":"SKIP","floor":18},{"not_picked":["Coolheaded","Turbo+1","Redo"],"picked":"SKIP","floor":20},{"not_picked":["Loop","Stack"],"picked":"Force Field","floor":21},{"not_picked":["Loop","Conserve Battery"],"picked":"Reinforced Body+1","floor":27},{"not_picked":["Chaos","Coolheaded+1"],"picked":"Melter+1","floor":28},{"not_picked":["Gash","Cold Snap","Genetic Algorithm"],"picked":"SKIP","floor":29},{"not_picked":["Cold Snap","Stack","Reprogram"],"picked":"SKIP","floor":30},{"not_picked":["Compile Driver","Beam Cell"],"picked":"Glacier+1","floor":31},{"not_picked":["Biased Cognition","Core Surge"],"picked":"Creative AI","floor":33},{"not_picked":["Auto Shields+1","Reinforced Body+1"],"picked":"Glacier","floor":35},{"not_picked":["Compile Driver","Stack+1","Go for the Eyes+1"],"picked":"SKIP","floor":37},{"not_picked":["Self Repair","Compile Driver+1","Leap+1"],"picked":"SKIP","floor":38}],"player_experience":1064285,"relics_obtained":[{"floor":9,"key":"Smiling Mask"},{"floor":10,"key":"Pen Nib"},{"floor":13,"key":"Happy Flower"},{"floor":26,"key":"DataDisk"}],"event_choices":[{"damage_healed":0,"gold_gain":0,"cards_transformed":["Strike_B"],"player_choice":"Change","damage_taken":0,"max_hp_gain":0,"max_hp_loss":0,"event_name":"Living Wall","floor":2,"gold_loss":0,"cards_obtained":["Auto Shields"]},{"damage_healed":0,"gold_gain":0,"player_choice":"Lose Max HP","damage_taken":0,"relics_obtained":["Golden Idol"],"max_hp_gain":0,"max_hp_loss":6,"event_name":"Golden Idol","floor":4,"gold_loss":0},{"damage_healed":0,"gold_gain":75,"player_choice":"Gather Gold","damage_taken":11,"max_hp_gain":0,"max_hp_loss":0,"event_name":"World of Goop","floor":14,"gold_loss":0},{"damage_healed":0,"gold_gain":99,"player_choice":"Stole From Cult","damage_taken":0,"max_hp_gain":0,"max_hp_loss":0,"event_name":"Nest","floor":24,"gold_loss":0}],"is_beta":false,"boss_relics":[{"not_picked":["Busted Crown","Sozu","Runic Pyramid"]},{"not_picked":["Fusion Hammer","Coffee Dripper"],"picked":"Astrolabe"}],"items_purged_floors":[12,19,22,36],"is_endless":false,"potions_floor_spawned":[8,10,11,13,16,21,29,30,31,35,38],"killed_by":"Transient","ascension_level":10}