{"gold_per_floor":[117,133,143,143,143,143,158,192,192,208,226,238,238,265,265,366,366,379,379,379],"floor_reached":20,"playtime":574,"items_purged":[],"score":279,"play_id":"63e90130-3164-4427-a196-7340982047bb","local_time":"20181215183314","is_ascension_mode":true,"campfire_choices":[{"data":"Shrug It Off","floor":6.0,"key":"SMITH"},{"floor":13.0,"key":"REST"},{"data":"Clothesline","floor":15.0,"key":"SMITH"}],"neow_cost":"TEN_PERCENT_HP_LOSS","seed_source_timestamp":29630013252979,"circlet_count":0,"master_deck":["AscendersBane","Strike_R","Strike_R","Strike_R","Strike_R","Defend_R","Defend_R","Defend_R","Defend_R","Bash","True Grit+1","Shrug It Off+1","Immolate","Demon Form","Clothesline+1","Barricade+1"],"special_seed":0,"relics":["Burning Blood","Calipers","Sundial","Matryoshka","Frozen Egg 2","Mark of Pain"],"potions_floor_usage":[20,20],"damage_taken":[{"damage":4.0,"enemies":"Jaw Worm","floor":1.0,"turns":4.0},{"damage":0.0,"enemies":"2 Louse","floor":2.0,"turns":2.0},{"damage":10.0,"enemies":"Cultist","floor":3.0,"turns":5.0},{"damage":7.0,"enemies":"Lots of Slimes","floor":7.0,"turns":8.0},{"damage":50.0,"enemies":"Lagavulin","floor":8.0,"turns":10.0},{"damage":10.0,"enemies":"Red Slaver","floor":10.0,"turns":6.0},{"damage":0.0,"enemies":"2 Fungi Beasts","floor":11.0,"turns":2.0},{"damage":0.0,"enemies":"Gremlin Gang","floor":12.0,"turns":1.0},{"damage":23.0,"enemies":"Gremlin Nob","floor":14.0,"turns":4.0},{"damage":12.0,"enemies":"Hexaghost","floor":16.0,"turns":10.0},{"damage":17.0,"enemies":"Chosen","floor":18.0,"turns":7.0},{"damage":52,"enemies":"Masked Bandits","floor":20,"turns":3}],"seed_played":"-2019564509542665925","potions_obtained":[{"floor":3.0,"key":"SkillPotion"},{"floor":8.0,"key":"Block Potion"},{"floor":11.0,"key":"AttackPotion"},{"floor":12.0,"key":"Dexterity Potion"},{"floor":16.0,"key":"AttackPotion"},{"floor":18.0,"key":"Weak Potion"}],"is_trial":false,"path_per_floor":["M","M","M","?","?","R","M","E","T","M","M","M","R","E","R","B",null,"M","?","?"],"character_chosen":"IRONCLAD","items_purchased":[],"campfire_rested":1,"item_purchase_floors":[],"current_hp_per_floor":[72,72,68,68,68,68,67,23,23,19,25,31,52,35,35,29,61,50,50,0],"gold":379,"neow_bonus":"ONE_RARE_RELIC","is_prod":false,"is_daily":false,"chose_seed":false,"campfire_upgraded":2,"win_rate":0,"timestamp":1544916794,"path_taken":["M","M","M","?","?","R","M","E","T","?","?","M","R","E","R","BOSS","M","?","?"],"build_version":"2018-12-13","purchased_purges":0,"victory":false,"max_hp_per_floor":[72,72,72,72,72,72,72,72,72,72,72,72,72,72,72,72,72,72,72,72],"card_choices":[{"not_picked":["Headbutt","Thunderclap"],"picked":"True Grit","floor":1.0},{"not_picked":["Warcry","Infernal Blade"],"picked":"Shrug It Off","floor":2.0},{"not_picked":["True Grit","Cleave","Rampage"],"picked":"SKIP","floor":3.0},{"not_picked":["Perfected Strike","Anger","Sword Boomerang"],"picked":"SKIP","floor":7.0},{"not_picked":["Shockwave","Pommel Strike"],"picked":"Immolate","floor":8.0},{"not_picked":["Pommel Strike","Clash","Anger"],"picked":"SKIP","floor":10.0},{"not_picked":["Pommel Strike","Thunderclap"],"picked":"Demon Form","floor":11.0},{"not_picked":["Thunderclap","Havoc","Iron Wave"],"picked":"SKIP","floor":12.0},{"not_picked":["Inflame","Brutality"],"picked":"Clothesline","floor":14.0},{"not_picked":["Impervious","Demon Form+1"],"picked":"Barricade+1","floor":16.0},{"not_picked":["Wild Strike","Twin Strike+1","Warcry"],"picked":"SKIP","floor":18.0}],"player_experience":588553,"relics_obtained":[{"floor":8.0,"key":"Sundial"},{"floor":9.0,"key":"Matryoshka"},{"floor":14.0,"key":"Frozen Egg 2"}],"event_choices":[{"damage_healed":0.0,"max_hp_gain":0.0,"max_hp_loss":0.0,"gold_gain":0.0,"event_name":"Living Wall","player_choice":"Grow","floor":4.0,"gold_loss":0.0,"damage_taken":0.0,"cards_upgraded":["True Grit"]},{"cards_removed":["Strike_R"],"damage_healed":0.0,"max_hp_gain":0.0,"max_hp_loss":0.0,"gold_gain":0.0,"event_name":"Bonfire Elementals","player_choice":"Offered Basic","floor":5.0,"gold_loss":0.0,"damage_taken":0.0},{"damage_healed":0.0,"max_hp_gain":0.0,"max_hp_loss":0.0,"gold_gain":0.0,"event_name":"Vampires","player_choice":"Ignored","floor":19.0,"gold_loss":0.0,"damage_taken":0.0},{"damage_healed":0,"gold_gain":0,"player_choice":"Fought Bandits","damage_taken":0,"max_hp_gain":0,"max_hp_loss":0,"event_name":"Masked Bandits","floor":20,"gold_loss":0}],"is_beta":true,"boss_relics":[{"not_picked":["Orrery","Runic Pyramid"],"picked":"Mark of Pain"}],"items_purged_floors":[],"is_endless":false,"potions_floor_spawned":[3,8,11,12,16,18],"killed_by":"Masked Bandits","ascension_level":10}