{"gold_per_floor":[117,135,150,161,336,336,40,40,40,40,40,40,13,48,48,145,145,162,177,177,189,203,237,237,237,285,303,313,331,344,359,359,458,458,477,491,61,61,74,104,104,122,122,149,249,296,296,313,313,313],"floor_reached":51,"playtime":6089,"items_purged":["Doubt","Defend_B"],"score":879,"play_id":"e51b334f-5ada-42e8-803a-ff8f7bf7ee23","local_time":"20181116202149","is_ascension_mode":true,"campfire_choices":[{"data":"Zap","floor":6,"key":"SMITH"},{"data":"Apotheosis","floor":8,"key":"SMITH"},{"floor":12,"key":"REST"},{"data":"Skim","floor":15,"key":"SMITH"},{"data":"Hologram","floor":24,"key":"SMITH"},{"data":"Seek","floor":32,"key":"SMITH"},{"data":"White Noise","floor":41,"key":"SMITH"},{"data":"Defend_B","floor":47,"key":"PURGE"},{"data":"Defend_B","floor":49,"key":"PURGE"}],"neow_cost":"NONE","seed_source_timestamp":146342600347812,"circlet_count":0,"master_deck":["Zap+1","Dualcast","Panacea","Beam Cell","Skim+1","Gash","Steam","Apotheosis+1","Steam+1","Leap","Gash","Seek+1","Reprogram","Bite","Bite","Bite","Bite","Bite","Hologram+1","Skim+1","Steam","Beam Cell","Core Surge","Scrape+1","Steam","Thinking Ahead+1","White Noise+1","White Noise+1","Beam Cell+1"],"relics":["Cracked Core","Ornamental Fan","Letter Opener","Lizard Tail","Happy Flower","Centennial Puzzle","Philosopher\u0027s Stone","Pen Nib","War Paint","Gremlin Horn","Molten Egg 2","Peace Pipe","Dead Branch"],"potions_floor_usage":[11,16,21,22,23,33,33,50,50,50],"damage_taken":[{"damage":7,"enemies":"Jaw Worm","floor":1,"turns":3},{"damage":0,"enemies":"Cultist","floor":2,"turns":3},{"damage":3,"enemies":"Small Slimes","floor":3,"turns":3},{"damage":21,"enemies":"Exordium Wildlife","floor":4,"turns":4},{"damage":3,"enemies":"3 Sentries","floor":14,"turns":7},{"damage":12,"enemies":"Hexaghost","floor":16,"turns":8},{"damage":18,"enemies":"2 Thieves","floor":18,"turns":4},{"damage":3,"enemies":"Chosen","floor":19,"turns":4},{"damage":4,"enemies":"3 Cultists","floor":21,"turns":5},{"damage":1,"enemies":"Centurion and Healer","floor":22,"turns":8},{"damage":20,"enemies":"Gremlin Leader","floor":23,"turns":7},{"damage":3,"enemies":"Cultist and Chosen","floor":27,"turns":5},{"damage":39,"enemies":"Snecko","floor":28,"turns":6},{"damage":12,"enemies":"Snake Plant","floor":29,"turns":4},{"damage":1,"enemies":"Centurion and Healer","floor":30,"turns":5},{"damage":21,"enemies":"Chosen and Byrds","floor":31,"turns":6},{"damage":41,"enemies":"Automaton","floor":33,"turns":7},{"damage":8,"enemies":"3 Darklings","floor":35,"turns":3},{"damage":0,"enemies":"3 Shapes","floor":36,"turns":4},{"damage":0,"enemies":"3 Darklings","floor":39,"turns":3},{"damage":0,"enemies":"Giant Head","floor":40,"turns":5},{"damage":0,"enemies":"Sphere and 2 Shapes","floor":42,"turns":3},{"damage":9,"enemies":"Reptomancer","floor":44,"turns":4},{"damage":0,"enemies":"Mind Bloom Boss Battle","floor":45,"turns":4},{"damage":4,"enemies":"2 Orb Walkers","floor":46,"turns":3},{"damage":0,"enemies":"Maw","floor":48,"turns":4},{"damage":40,"enemies":"Donu and Deca","floor":50,"turns":6}],"seed_played":"-5089982368878906900","potions_obtained":[{"floor":1,"key":"PowerPotion"},{"floor":4,"key":"Explosive Potion"},{"floor":11,"key":"Fruit Juice"},{"floor":11,"key":"FocusPotion"},{"floor":11,"key":"FearPotion"},{"floor":19,"key":"EssenceOfSteel"},{"floor":22,"key":"Explosive Potion"},{"floor":29,"key":"Explosive Potion"},{"floor":31,"key":"Strength Potion"},{"floor":36,"key":"Strength Potion"},{"floor":40,"key":"Explosive Potion"},{"floor":44,"key":"GamblersBrew"},{"floor":46,"key":"Ancient Potion"}],"is_trial":false,"path_per_floor":["M","M","M","M","?","R","$","R","T","$","?","R","$","E","R","B",null,"M","M","?","M","M","E","R","?","T","M","M","M","M","M","R","B",null,"M","M","$","?","M","E","R","M","T","E","?","?","R","M","R","B",null],"character_chosen":"DEFECT","items_purchased":["Apotheosis","Steam","Leap","Thinking Ahead","Pen Nib"],"campfire_rested":1,"item_purchase_floors":[7,7,13,37,37],"current_hp_per_floor":[68,68,65,44,44,44,44,44,44,44,49,73,73,70,70,58,80,62,59,56,56,56,56,56,56,56,56,29,32,55,44,44,27,56,56,56,56,56,56,56,56,56,56,56,56,56,56,56,56,31],"gold":313,"neow_bonus":"RANDOM_COLORLESS","is_prod":false,"is_daily":false,"chose_seed":false,"campfire_upgraded":6,"win_rate":0,"timestamp":1542417709,"path_taken":["M","M","M","M","?","R","?","R","T","$","?","R","$","E","R","BOSS","M","?","?","M","M","E","R","?","T","M","M","M","M","M","R","BOSS","M","M","$","?","M","E","R","M","T","E","?","?","R","M","R","BOSS"],"build_version":"2018-11-15","purchased_purges":2,"victory":true,"max_hp_per_floor":[75,75,75,75,75,75,75,75,75,75,80,80,80,80,80,80,80,80,80,56,56,56,56,56,56,56,56,56,56,56,56,56,56,56,56,56,56,56,56,56,56,56,56,56,56,56,56,56,56,56],"card_choices":[{"not_picked":["Loop","Leap"],"picked":"Beam Cell","floor":1},{"not_picked":["Cold Snap","Ball Lightning"],"picked":"Skim","floor":2},{"not_picked":["Compile Driver","Rip and Tear"],"picked":"Gash","floor":3},{"not_picked":["Glacier","Lockon"],"picked":"Steam","floor":4},{"not_picked":["Steam","Loop"],"picked":"Gash","floor":14},{"not_picked":["Machine Learning","Rainbow"],"picked":"Seek","floor":16},{"not_picked":["Coolheaded+1","Ball Lightning"],"picked":"Reprogram","floor":18},{"not_picked":["Leap","Cold Snap","Turbo"],"picked":"SKIP","floor":19},{"not_picked":["Turbo","Aggregate","BootSequence+1"],"picked":"SKIP","floor":21},{"not_picked":["Stack","Compile Driver+1"],"picked":"Hologram","floor":22},{"not_picked":["Capacitor","BootSequence","Heatsinks+1"],"picked":"SKIP","floor":23},{"not_picked":["Cold Snap","Darkness","Barrage"],"picked":"SKIP","floor":27},{"not_picked":["Conserve Battery","Biased Cognition"],"picked":"Skim+1","floor":28},{"not_picked":["Melter","Conserve Battery"],"picked":"Steam","floor":29},{"not_picked":["Double Energy","Steam"],"picked":"Beam Cell","floor":30},{"not_picked":["Sweeping Beam","Barrage"],"picked":"Gash","floor":31},{"not_picked":["Creative AI","Electrodynamics"],"picked":"Core Surge","floor":33},{"not_picked":["Genetic Algorithm+1","Stack+1"],"picked":"Scrape+1","floor":35},{"not_picked":["Stack","Coolheaded"],"picked":"Steam","floor":36},{"not_picked":["Storm+1","Conserve Battery","Blizzard"],"picked":"SKIP","floor":39},{"not_picked":["Sweeping Beam","Conserve Battery"],"picked":"White Noise","floor":40},{"not_picked":["Fission","Conserve Battery+1","Barrage+1"],"picked":"SKIP","floor":42},{"not_picked":["Melter","Barrage"],"picked":"White Noise+1","floor":44},{"not_picked":["Aggregate+1","Ball Lightning+1"],"picked":"Beam Cell+1","floor":46},{"not_picked":["Heatsinks+1","Force Field+1","BootSequence"],"picked":"SKIP","floor":48}],"player_experience":274316,"relics_obtained":[{"floor":9,"key":"Ornamental Fan"},{"floor":14,"key":"Letter Opener"},{"floor":23,"key":"Happy Flower"},{"floor":26,"key":"Centennial Puzzle"},{"floor":40,"key":"War Paint"},{"floor":43,"key":"Gremlin Horn"},{"floor":44,"key":"Molten Egg 2"},{"floor":45,"key":"Peace Pipe"},{"floor":46,"key":"Dead Branch"}],"event_choices":[{"damage_healed":0,"gold_gain":175,"player_choice":"AGREE","damage_taken":0,"max_hp_gain":0,"max_hp_loss":0,"event_name":"Liars Game","floor":5,"gold_loss":0,"cards_obtained":["Doubt"]},{"damage_healed":0,"gold_gain":0,"player_choice":"Got Potions","damage_taken":0,"max_hp_gain":0,"max_hp_loss":0,"event_name":"Lab","floor":11,"gold_loss":0},{"damage_healed":0,"gold_gain":0,"player_choice":"Became a vampire","damage_taken":0,"max_hp_gain":0,"max_hp_loss":24,"event_name":"Vampires","floor":20,"gold_loss":0,"cards_obtained":["Bite","Bite","Bite","Bite","Bite"]},{"cards_removed":["Defend_B"],"damage_healed":0,"gold_gain":0,"player_choice":"Elegance","damage_taken":0,"max_hp_gain":0,"max_hp_loss":0,"event_name":"Back to Basics","floor":25,"gold_loss":0},{"cards_removed":["Gash"],"damage_healed":0,"gold_gain":0,"player_choice":"Removed Attack","damage_taken":0,"max_hp_gain":0,"max_hp_loss":0,"event_name":"Falling","floor":38,"gold_loss":0},{"damage_healed":0,"gold_gain":0,"player_choice":"Fight","damage_taken":0,"max_hp_gain":0,"max_hp_loss":0,"event_name":"MindBloom","floor":45,"gold_loss":0},{"damage_healed":0,"gold_gain":0,"player_choice":"Fight","damage_taken":0,"max_hp_gain":0,"max_hp_loss":0,"event_name":"Mysterious Sphere","floor":46,"gold_loss":0}],"is_beta":false,"boss_relics":[{"not_picked":["Snecko Eye","Ectoplasm"],"picked":"Lizard Tail"},{"not_picked":["FrozenCore","Runic Dome"],"picked":"Philosopher\u0027s Stone"}],"items_purged_floors":[7,37],"is_endless":false,"potions_floor_spawned":[1,4,19,22,29,31,36,40,44,46],"ascension_level":2}