{"gold_per_floor":[112,126,76,76,76,101,101,128,128,128,142,142,153,78,78,173,173,191,204,204,62,162,190,208,234,261,288,300,312,350,277,289,301],"floor_reached":33,"playtime":1388,"items_purged":["Strike_R"],"score":420,"play_id":"a485466e-600c-4fe8-b631-ed691681a3b8","local_time":"20181129164308","is_ascension_mode":true,"campfire_choices":[{"data":"Whirlwind","floor":7,"key":"SMITH"},{"data":"Warcry","floor":12,"key":"SMITH"},{"data":"Carnage","floor":15,"key":"SMITH"},{"data":"Bludgeon","floor":29,"key":"SMITH"},{"data":"Uppercut","floor":32,"key":"SMITH"}],"neow_cost":"CURSE","seed_source_timestamp":530992411218248,"circlet_count":0,"master_deck":["Strike_R","Defend_R","Defend_R","Defend_R","Defend_R","Bash","Uppercut+1","Clash","Carnage+1","Whirlwind+1","Iron Wave","Sentinel","Warcry+1","Iron Wave","Bludgeon+1","Rage+1","Corruption+1","Evolve","Power Through","Power Through","Armaments+1","Metallicize","Havoc"],"relics":["Burning Blood","Pear","Mercury Hourglass","Kunai","Philosopher\u0027s Stone","Pen Nib","PreservedInsect","MawBank","Shuriken","Lantern"],"potions_floor_usage":[19,19,23,25,30,33],"damage_taken":[{"damage":8,"enemies":"Small Slimes","floor":1,"turns":4},{"damage":9,"enemies":"Jaw Worm","floor":2,"turns":3},{"damage":20,"enemies":"3 Sentries","floor":6,"turns":6},{"damage":6,"enemies":"Gremlin Nob","floor":8,"turns":3},{"damage":2,"enemies":"2 Louse","floor":11,"turns":2},{"damage":13,"enemies":"Large Slime","floor":13,"turns":5},{"damage":54,"enemies":"The Guardian","floor":16,"turns":9},{"damage":14,"enemies":"Shell Parasite","floor":18,"turns":3},{"damage":26,"enemies":"3 Byrds","floor":19,"turns":4},{"damage":24,"enemies":"Gremlin Leader","floor":23,"turns":7},{"damage":1,"enemies":"Centurion and Healer","floor":24,"turns":4},{"damage":23,"enemies":"Book of Stabbing","floor":25,"turns":5},{"damage":0,"enemies":"Snake Plant","floor":27,"turns":4},{"damage":0,"enemies":"Slavers","floor":30,"turns":2},{"damage":61,"enemies":"Collector","floor":33,"turns":6}],"seed_played":"-8976162296024673832","potions_obtained":[{"floor":1,"key":"BloodPotion"},{"floor":6,"key":"Explosive Potion"},{"floor":10,"key":"EssenceOfSteel"},{"floor":10,"key":"BloodPotion"},{"floor":18,"key":"Regen Potion"},{"floor":19,"key":"SkillPotion"},{"floor":24,"key":"Energy Potion"},{"floor":30,"key":"SkillPotion"}],"is_trial":false,"path_per_floor":["M","M","?","?","?","E","R","E","T","?","M","R","M","$","R","B",null,"M","M","?","$","?","E","M","E","T","M","$","R","E","?","R","B"],"character_chosen":"IRONCLAD","items_purchased":["Evolve","Power Through"],"campfire_rested":0,"item_purchase_floors":[21,21],"current_hp_per_floor":[78,75,75,82,82,68,68,68,68,68,72,72,65,65,65,17,72,64,62,62,62,62,59,64,47,47,53,53,53,59,59,59,0],"gold":301,"neow_bonus":"TRANSFORM_TWO_CARDS","is_prod":false,"is_daily":false,"chose_seed":false,"campfire_upgraded":5,"win_rate":0,"timestamp":1543527788,"path_taken":["M","M","?","?","?","E","R","E","T","?","?","R","M","?","R","BOSS","M","M","?","?","?","E","M","E","T","?","?","R","E","?","R","BOSS"],"build_version":"2018-11-15","purchased_purges":1,"victory":false,"max_hp_per_floor":[80,80,80,90,90,90,90,90,90,90,90,90,90,90,90,90,90,90,90,90,90,90,90,90,90,90,90,90,90,90,90,90,90],"card_choices":[{"not_picked":["Pommel Strike","Clash"],"picked":"Carnage","floor":1},{"not_picked":["Sword Boomerang","Pommel Strike"],"picked":"Whirlwind","floor":2},{"not_picked":["Rupture","Flex"],"picked":"Iron Wave","floor":6},{"not_picked":["Sword Boomerang","Inflame"],"picked":"Sentinel","floor":8},{"not_picked":["Sever Soul","Anger"],"picked":"Warcry","floor":11},{"not_picked":["Warcry","Sword Boomerang"],"picked":"Iron Wave","floor":13},{"not_picked":["Exhume","Fiend Fire"],"picked":"Bludgeon","floor":16},{"not_picked":["Carnage","Disarm"],"picked":"Rage+1","floor":18},{"not_picked":["Battle Trance","Shrug It Off"],"picked":"Corruption","floor":19},{"not_picked":["Pummel","Heavy Blade"],"picked":"Power Through","floor":23},{"not_picked":["Twin Strike","Burning Pact"],"picked":"Armaments+1","floor":24},{"not_picked":["Hemokinesis","Pummel"],"picked":"Metallicize","floor":25},{"not_picked":["Rage","Perfected Strike+1","Anger"],"picked":"SKIP","floor":27},{"not_picked":["Perfected Strike","Corruption+1"],"picked":"Havoc","floor":30}],"player_experience":327727,"relics_obtained":[{"floor":6,"key":"Mercury Hourglass"},{"floor":8,"key":"Kunai"},{"floor":23,"key":"Pen Nib"},{"floor":25,"key":"PreservedInsect"},{"floor":26,"key":"MawBank"},{"floor":30,"key":"Shuriken"}],"event_choices":[{"cards_removed":["Pain"],"damage_healed":0,"gold_gain":0,"player_choice":"Card Removal","damage_taken":0,"max_hp_gain":0,"max_hp_loss":0,"event_name":"The Cleric","floor":3,"gold_loss":50},{"damage_healed":0,"gold_gain":0,"player_choice":"Success","damage_taken":3,"relics_obtained":["Pear"],"max_hp_gain":0,"max_hp_loss":0,"event_name":"Scrap Ooze","floor":4,"gold_loss":0},{"cards_removed":["Strike_R"],"damage_healed":0,"gold_gain":0,"player_choice":"Forget","damage_taken":0,"max_hp_gain":0,"max_hp_loss":0,"event_name":"Living Wall","floor":5,"gold_loss":0},{"damage_healed":0,"gold_gain":0,"player_choice":"Got Potions","damage_taken":0,"max_hp_gain":0,"max_hp_loss":0,"event_name":"Lab","floor":10,"gold_loss":0},{"damage_healed":0,"gold_gain":0,"player_choice":"Upgraded","damage_taken":0,"max_hp_gain":0,"max_hp_loss":0,"event_name":"Upgrade Shrine","floor":20,"gold_loss":0,"cards_upgraded":["Corruption"]},{"damage_healed":0,"gold_gain":100,"player_choice":"Pray","damage_taken":0,"max_hp_gain":0,"max_hp_loss":0,"event_name":"Golden Shrine","floor":22,"gold_loss":0},{"damage_healed":0,"gold_gain":0,"player_choice":"Obtained Relic","damage_taken":0,"relics_obtained":["Lantern"],"max_hp_gain":0,"max_hp_loss":0,"event_name":"Addict","floor":31,"gold_loss":85}],"is_beta":false,"boss_relics":[{"not_picked":["Black Star","Velvet Choker"],"picked":"Philosopher\u0027s Stone"}],"items_purged_floors":[14],"is_endless":false,"potions_floor_spawned":[1,6,18,19,24,30],"killed_by":"Collector","ascension_level":5}