{"gold_per_floor":[113,113,113,125,125,158,170,170,170,170,57,57,90,106,106,205,205,223,235,72,72,85,98,108,108],"floor_reached":25,"playtime":2273,"items_purged":["Defend_B"],"score":213,"play_id":"00abd74b-a106-45c0-bd2b-e5b74ca6ca32","local_time":"20181125001334","is_ascension_mode":false,"campfire_choices":[{"data":"Hologram","floor":8,"key":"SMITH"},{"data":"Static Discharge","floor":12,"key":"SMITH"},{"floor":15,"key":"REST"}],"neow_cost":"NONE","seed_source_timestamp":884548818480175,"circlet_count":0,"master_deck":["Strike_B","Strike_B","Defend_B","Defend_B","Zap","Dualcast","Leap","Hologram+1","Rainbow","Defragment","Static Discharge+1","Electrodynamics","Self Repair","Buffer","Chaos","FTL","Beam Cell","Capacitor","BootSequence","Consume"],"relics":["Cracked Core","Thread and Needle","Ginger","Ornamental Fan","Boot","Inserter"],"potions_floor_usage":[],"damage_taken":[{"damage":11,"enemies":"Jaw Worm","floor":1,"turns":2},{"damage":0,"enemies":"2 Louse","floor":4,"turns":3},{"damage":19,"enemies":"Lagavulin","floor":6,"turns":8},{"damage":0,"enemies":"Small Slimes","floor":7,"turns":3},{"damage":9,"enemies":"3 Sentries","floor":13,"turns":6},{"damage":17,"enemies":"Gremlin Gang","floor":14,"turns":2},{"damage":21,"enemies":"Slime Boss","floor":16,"turns":7},{"damage":20,"enemies":"Spheric Guardian","floor":18,"turns":5},{"damage":26,"enemies":"2 Thieves","floor":19,"turns":4},{"damage":18,"enemies":"3 Cultists","floor":22,"turns":4},{"damage":24,"enemies":"Shelled Parasite and Fungi","floor":23,"turns":5},{"damage":10,"enemies":"Centurion and Healer","floor":24,"turns":6},{"damage":45,"enemies":"Cultist and Chosen","floor":25,"turns":6}],"seed_played":"4577611937622944243","potions_obtained":[{"floor":4,"key":"Poison Potion"},{"floor":6,"key":"GamblersBrew"},{"floor":16,"key":"LiquidBronze"},{"floor":19,"key":"PowerPotion"},{"floor":24,"key":"Poison Potion"}],"is_trial":false,"path_per_floor":["M","?","?","M","?","E","M","R","T","?","$","R","E","M","R","B",null,"M","M","$","?","M","M","M","M"],"character_chosen":"DEFECT","items_purchased":["Static Discharge","Beam Cell","Capacitor","BootSequence"],"campfire_rested":1,"item_purchase_floors":[11,20,20,20],"current_hp_per_floor":[71,64,69,69,62,43,43,43,43,43,43,43,34,17,43,29,87,74,55,55,55,44,27,24,0],"gold":108,"neow_bonus":"TEN_PERCENT_HP_BONUS","is_prod":false,"is_daily":false,"chose_seed":false,"campfire_upgraded":2,"win_rate":0.0,"timestamp":1543076014,"path_taken":["M","?","?","M","?","E","M","R","T","?","?","R","E","?","R","BOSS","M","M","$","?","M","?","M","M"],"build_version":"2018-11-15","purchased_purges":1,"victory":false,"max_hp_per_floor":[82,82,87,87,87,87,87,87,87,87,87,87,87,87,87,87,87,87,87,87,87,87,87,87,87],"card_choices":[{"not_picked":["Go for the Eyes","Reinforced Body"],"picked":"Leap","floor":1},{"not_picked":["Leap","Doom and Gloom"],"picked":"Hologram","floor":4},{"not_picked":["Compile Driver","Chaos"],"picked":"Rainbow","floor":6},{"not_picked":["Reinforced Body","Double Energy"],"picked":"Defragment","floor":7},{"not_picked":["Cold Snap","Go for the Eyes"],"picked":"Electrodynamics","floor":13},{"not_picked":["Stack","Reprogram"],"picked":"Self Repair","floor":14},{"not_picked":["Biased Cognition","Fission"],"picked":"Buffer","floor":16},{"not_picked":["Steam","Reprogram"],"picked":"Chaos","floor":18},{"not_picked":["Gash","Compile Driver+1"],"picked":"FTL","floor":19},{"not_picked":["Cold Snap","Barrage","Aggregate"],"picked":"SKIP","floor":22},{"not_picked":["Reprogram+1","Steam+1","Gash"],"picked":"SKIP","floor":23},{"not_picked":["Chaos","Hologram"],"picked":"Consume","floor":24}],"player_experience":44722,"relics_obtained":[{"floor":6,"key":"Ginger"},{"floor":9,"key":"Ornamental Fan"},{"floor":13,"key":"Boot"}],"event_choices":[{"damage_healed":0,"gold_gain":0,"player_choice":"Success","damage_taken":7,"relics_obtained":["Thread and Needle"],"max_hp_gain":0,"max_hp_loss":0,"event_name":"Scrap Ooze","floor":2,"gold_loss":0},{"damage_healed":0,"gold_gain":0,"player_choice":"Donut","damage_taken":0,"max_hp_gain":5,"max_hp_loss":0,"event_name":"Big Fish","floor":3,"gold_loss":0},{"cards_removed":["Strike_B"],"damage_healed":0,"gold_gain":0,"player_choice":"Card Removal","damage_taken":7,"max_hp_gain":0,"max_hp_loss":0,"event_name":"Golden Wing","floor":5,"gold_loss":0},{"cards_removed":["Strike_B"],"damage_healed":0,"gold_gain":0,"player_choice":"Forget","damage_taken":0,"max_hp_gain":0,"max_hp_loss":0,"event_name":"Living Wall","floor":10,"gold_loss":0},{"cards_removed":["Defend_B"],"damage_healed":0,"gold_gain":0,"player_choice":"Purged","damage_taken":0,"max_hp_gain":0,"max_hp_loss":0,"event_name":"Purifier","floor":21,"gold_loss":0}],"is_beta":false,"boss_relics":[{"not_picked":["Astrolabe","Eternal Feather"],"picked":"Inserter"}],"items_purged_floors":[11],"is_endless":false,"potions_floor_spawned":[4,6,16,19,24],"killed_by":"Cultist and Chosen","ascension_level":0}