{"gold_per_floor":[118,118,43,55,55,85,85,112,112,112,132,132,163,178,178,252,252,266,284,312,312,332,360,360,360,360,80,99,99],"floor_reached":29,"playtime":804,"items_purged":["Strike_R"],"score":486,"play_id":"c85e3d2d-fb40-4e0d-adec-99f4420084fa","local_time":"20190210160954","is_ascension_mode":true,"campfire_choices":[{"data":"Immolate","floor":7,"key":"SMITH"},{"data":"Metallicize","floor":10,"key":"SMITH"},{"data":"Pommel Strike","floor":15,"key":"SMITH"}],"neow_cost":"NONE","seed_source_timestamp":33993308534883,"circlet_count":0,"master_deck":["AscendersBane","Strike_R","Strike_R","Strike_R","Defend_R","Defend_R","Defend_R","Defend_R","Bash+1","Immolate+1","Metallicize+1","Pommel Strike+1","Intimidate","Offering","Inflame+1","Necronomicurse","Battle Trance","Fire Breathing+1","Evolve+1","Metallicize+1"],"relics":["Burning Blood","NeowsBlessing","Blue Candle","Question Card","Frozen Egg 2","Ginger","Coffee Dripper","Red Mask","Necronomicon","Singing Bowl","Dodecahedron","Mummified Hand"],"potions_floor_usage":[28],"damage_taken":[{"damage":0,"enemies":"2 Louse","floor":1,"turns":1},{"damage":0,"enemies":"Cultist","floor":4,"turns":1},{"damage":0,"enemies":"Lagavulin","floor":6,"turns":1},{"damage":22,"enemies":"3 Sentries","floor":8,"turns":4},{"damage":4,"enemies":"Small Slimes","floor":11,"turns":2},{"damage":12,"enemies":"Gremlin Nob","floor":13,"turns":3},{"damage":4,"enemies":"Looter","floor":14,"turns":3},{"damage":58,"enemies":"The Guardian","floor":16,"turns":14},{"damage":14,"enemies":"2 Thieves","floor":18,"turns":3},{"damage":6,"enemies":"Spheric Guardian","floor":19,"turns":3},{"damage":25,"enemies":"Masked Bandits","floor":20,"turns":3},{"damage":0,"enemies":"Chosen and Byrds","floor":22,"turns":3},{"damage":13,"enemies":"Book of Stabbing","floor":23,"turns":3},{"damage":23,"enemies":"Shelled Parasite and Fungi","floor":28,"turns":4},{"damage":16,"enemies":"Snecko","floor":29,"turns":3}],"seed_played":"-8874783375890050313","potions_obtained":[{"floor":6,"key":"FairyPotion"},{"floor":8,"key":"EntropicBrew"}],"is_trial":false,"path_per_floor":["M","?","$","M","?","E","R","E","T","R","M","?","E","M","R","B",null,"M","M","?","?","M","E","?","?","T","$","M","M"],"character_chosen":"IRONCLAD","items_purchased":["Mummified Hand","Evolve+1"],"campfire_rested":0,"item_purchase_floors":[27,27],"current_hp_per_floor":[74,74,74,75,80,80,80,64,64,64,66,66,60,62,62,10,63,55,55,36,20,26,21,5,5,5,5,13,0],"gold":99,"neow_bonus":"THREE_ENEMY_KILL","is_prod":false,"is_daily":false,"chose_seed":false,"campfire_upgraded":3,"win_rate":0,"timestamp":1549782594,"path_taken":["M","?","?","M","?","E","R","E","T","R","M","?","E","M","R","BOSS","M","M","?","?","M","E","?","?","T","$","?","M"],"build_version":"2019-01-23","purchased_purges":1,"victory":false,"max_hp_per_floor":[75,75,75,75,80,80,80,80,80,80,80,80,80,80,80,80,80,80,80,80,80,80,82,87,87,87,87,87,87],"card_choices":[{"not_picked":["Iron Wave","Flex","Headbutt"],"picked":"SKIP","floor":1},{"not_picked":["Wild Strike","Clash","Combust"],"picked":"SKIP","floor":4},{"not_picked":["Wild Strike","Reckless Charge"],"picked":"Immolate","floor":6},{"not_picked":["Heavy Blade","Flex"],"picked":"Metallicize","floor":8},{"not_picked":["Flex","Feel No Pain+1","Body Slam"],"picked":"Pommel Strike","floor":11},{"not_picked":["Reaper","Infernal Blade","Sentinel","Fiend Fire"],"picked":"SKIP","floor":13},{"not_picked":["Twin Strike","Feel No Pain+1","Blood for Blood"],"picked":"Intimidate","floor":14},{"not_picked":["Bludgeon","Feed","Impervious"],"picked":"Offering","floor":16},{"not_picked":["Warcry","Body Slam","Headbutt","Thunderclap+1"],"picked":"SKIP","floor":18},{"not_picked":["Rampage","Warcry","Shrug It Off"],"picked":"Inflame+1","floor":19},{"not_picked":["Headbutt","Wild Strike","Intimidate"],"picked":"Battle Trance","floor":22},{"not_picked":["Iron Wave","Havoc","Fire Breathing+1","Clash"],"picked":"Singing Bowl","floor":23},{"not_picked":["Flex","Sever Soul","Body Slam"],"picked":"Metallicize+1","floor":28}],"player_experience":196031,"relics_obtained":[{"floor":6,"key":"Blue Candle"},{"floor":8,"key":"Question Card"},{"floor":9,"key":"Frozen Egg 2"},{"floor":13,"key":"Ginger"},{"floor":20,"key":"Red Mask"},{"floor":21,"key":"Necronomicon"},{"floor":23,"key":"Singing Bowl"},{"floor":26,"key":"Dodecahedron"}],"event_choices":[{"damage_healed":0,"gold_gain":0,"player_choice":"Upgraded","damage_taken":0,"max_hp_gain":0,"max_hp_loss":0,"event_name":"Upgrade Shrine","floor":2,"gold_loss":0,"cards_upgraded":["Bash"]},{"damage_healed":0,"gold_gain":0,"player_choice":"Donut","damage_taken":0,"max_hp_gain":5,"max_hp_loss":0,"event_name":"Big Fish","floor":5,"gold_loss":0},{"damage_healed":0,"gold_gain":0,"player_choice":"Ignored","damage_taken":0,"max_hp_gain":0,"max_hp_loss":0,"event_name":"Liars Game","floor":12,"gold_loss":0},{"damage_healed":0,"gold_gain":0,"player_choice":"Fought Bandits","damage_taken":0,"max_hp_gain":0,"max_hp_loss":0,"event_name":"Masked Bandits","floor":20,"gold_loss":0},{"damage_healed":0,"gold_gain":0,"player_choice":"Obtained Book","damage_taken":16,"max_hp_gain":0,"max_hp_loss":0,"event_name":"Cursed Tome","floor":21,"gold_loss":0},{"damage_healed":0,"gold_gain":0,"player_choice":"Shed Blood","damage_taken":21,"max_hp_gain":5,"max_hp_loss":0,"event_name":"Forgotten Altar","floor":24,"gold_loss":0},{"damage_healed":0,"gold_gain":0,"cards_transformed":["Strike_R"],"player_choice":"Transformed","damage_taken":0,"max_hp_gain":0,"max_hp_loss":0,"event_name":"Transmorgrifier","floor":25,"gold_loss":0,"cards_obtained":["Fire Breathing"]}],"is_beta":false,"boss_relics":[{"not_picked":["Black Star","Busted Crown"],"picked":"Coffee Dripper"}],"items_purged_floors":[3],"is_endless":false,"potions_floor_spawned":[6,8,14,16,19,20],"killed_by":"Snecko","ascension_level":14}