{"gold_per_floor":[110,35,46,57,207,207,107,123,149,184,201,226,226,301,301,301],"floor_reached":16,"playtime":816,"items_purged":["Writhe","Doubt"],"score":175,"play_id":"a418f04d-6ffa-48ad-b2fb-81f9de0967f0","local_time":"20190125205312","is_ascension_mode":true,"campfire_choices":[{"data":"Dropkick","floor":6,"key":"SMITH"},{"floor":13,"key":"REST"},{"floor":15,"key":"REST"}],"neow_cost":"CURSE","seed_source_timestamp":552245473784523,"circlet_count":0,"master_deck":["AscendersBane","Strike_R","Strike_R","Strike_R","Defend_R","Defend_R","Defend_R","Defend_R","Bash","Offering","Reckless Charge","Dropkick+1","Dual Wield"],"relics":["Burning Blood","Bronze Scales","Art of War","Omamori"],"potions_floor_usage":[4,8,16],"damage_taken":[{"damage":6,"enemies":"Cultist","floor":1,"turns":3},{"damage":8,"enemies":"Jaw Worm","floor":3,"turns":2},{"damage":0,"enemies":"Small Slimes","floor":4,"turns":2},{"damage":0,"enemies":"Exordium Wildlife","floor":8,"turns":4},{"damage":47,"enemies":"Lagavulin","floor":10,"turns":6},{"damage":20,"enemies":"Lots of Slimes","floor":11,"turns":4},{"damage":53,"enemies":"The Guardian","floor":16,"turns":8}],"seed_played":"4856959295335094263","potions_obtained":[{"floor":1,"key":"LiquidBronze"},{"floor":3,"key":"Fire Potion"},{"floor":4,"key":"Energy Potion"}],"is_trial":false,"path_per_floor":["M","$","M","M","?","R","$","M","T","E","M","T","R","?","R","B"],"character_chosen":"IRONCLAD","items_purchased":[],"campfire_rested":2,"item_purchase_floors":[],"current_hp_per_floor":[68,68,66,72,72,72,72,75,75,34,20,20,42,31,53,0],"gold":301,"neow_bonus":"TRANSFORM_TWO_CARDS","is_prod":false,"is_daily":false,"chose_seed":false,"campfire_upgraded":1,"win_rate":0,"timestamp":1548449592,"path_taken":["M","$","M","M","?","R","$","M","T","E","M","?","R","?","R","BOSS"],"build_version":"2019-01-23","purchased_purges":2,"victory":false,"max_hp_per_floor":[75,75,75,75,75,75,75,75,75,75,75,75,75,75,75,75],"card_choices":[{"not_picked":["Pommel Strike","Perfected Strike"],"picked":"Dropkick","floor":1},{"not_picked":["Perfected Strike","Cleave"],"picked":"Dual Wield","floor":3},{"not_picked":["Anger","Warcry","Perfected Strike"],"picked":"SKIP","floor":4},{"not_picked":["Headbutt","Flame Barrier","Flex"],"picked":"SKIP","floor":8},{"not_picked":["Twin Strike","Evolve","Pommel Strike"],"picked":"SKIP","floor":10},{"not_picked":["Shrug It Off","Whirlwind","Perfected Strike"],"picked":"SKIP","floor":11}],"player_experience":1232481,"relics_obtained":[{"floor":9,"key":"Bronze Scales"},{"floor":10,"key":"Art of War"},{"floor":12,"key":"Omamori"}],"event_choices":[{"damage_healed":0,"gold_gain":150,"player_choice":"AGREE","damage_taken":0,"max_hp_gain":0,"max_hp_loss":0,"event_name":"Liars Game","floor":5,"gold_loss":0,"cards_obtained":["Doubt"]},{"damage_healed":0,"gold_gain":75,"player_choice":"Gather Gold","damage_taken":11,"max_hp_gain":0,"max_hp_loss":0,"event_name":"World of Goop","floor":14,"gold_loss":0}],"is_beta":false,"boss_relics":[],"items_purged_floors":[2,7],"is_endless":false,"potions_floor_spawned":[1,3,4],"killed_by":"The Guardian","ascension_level":15}