{"gold_per_floor":[111,15,33,44,57,91,56,84,110,110,141,153,153,172,172,267,267,283,283,145,145,245,279,279,292,315,332,367,27,53,70,70,167,167,184,184,200,212,229,263,263,274,274,44,74,74,102,120,120,120],"floor_reached":51,"playtime":3180,"items_purged":["Writhe","Defend_B","Defend_B"],"score":1282,"play_id":"69b89eb5-8b67-45d6-99af-002b83a5356e","local_time":"20190121000339","is_ascension_mode":true,"campfire_choices":[{"floor":10.0,"key":"REST"},{"floor":13.0,"key":"REST"},{"floor":15.0,"key":"REST"},{"data":"Defragment","floor":24.0,"key":"SMITH"},{"data":"Zap","floor":32.0,"key":"SMITH"},{"data":"Dualcast","floor":41,"key":"SMITH"},{"data":"Heatsinks","floor":49,"key":"SMITH"}],"neow_cost":"NONE","seed_source_timestamp":182359224329189,"circlet_count":0,"master_deck":["Strike_B","Strike_B","Defend_B","Zap+1","Dualcast+1","BootSequence","Doom and Gloom+1","Go for the Eyes+1","Ball Lightning","Defragment+1","White Noise+1","Conserve Battery+1","Hologram+1","Glacier+1","Amplify+1","Coolheaded+1","Bandage Up+1","Coolheaded+1","Echo Form","Seek+1","Ball Lightning","Compile Driver+1","Biased Cognition+1","Amplify+1","Hologram+1","Heatsinks+1","Seek+1","Impatience+1"],"special_seed":0,"relics":["Lizard Tail","Toxic Egg 2","Smiling Mask","Bag of Marbles","Whetstone","Busted Crown","Vajra","Unceasing Top","Gremlin Horn","Potion Belt","Ancient Tea Set","Omamori","Lantern","Astrolabe","Incense Burner","Calipers","Bronze Scales","Du-Vu Doll","Happy Flower"],"potions_floor_usage":[50,50,50],"damage_taken":[{"damage":5.0,"enemies":"Cultist","floor":1.0,"turns":5.0},{"damage":0.0,"enemies":"2 Louse","floor":3.0,"turns":2.0},{"damage":6.0,"enemies":"Small Slimes","floor":4.0,"turns":3.0},{"damage":0.0,"enemies":"Exordium Wildlife","floor":5.0,"turns":2.0},{"damage":30.0,"enemies":"Gremlin Nob","floor":6.0,"turns":4.0},{"damage":15.0,"enemies":"Lagavulin","floor":8.0,"turns":6.0},{"damage":30.0,"enemies":"Gremlin Nob","floor":11.0,"turns":4.0},{"damage":0.0,"enemies":"Large Slime","floor":12.0,"turns":5.0},{"damage":39.0,"enemies":"Gremlin Gang","floor":14.0,"turns":4.0},{"damage":38.0,"enemies":"Slime Boss","floor":16.0,"turns":9.0},{"damage":2.0,"enemies":"Chosen","floor":18.0,"turns":4.0},{"damage":8.0,"enemies":"Colosseum Slavers","floor":22.0,"turns":4.0},{"damage":7.0,"enemies":"Colosseum Nobs","floor":22.0,"turns":5.0},{"damage":14.0,"enemies":"Slavers","floor":23.0,"turns":5.0},{"damage":2.0,"enemies":"Spheric Guardian","floor":25.0,"turns":3.0},{"damage":16.0,"enemies":"Snecko","floor":27.0,"turns":5.0},{"damage":3.0,"enemies":"Book of Stabbing","floor":28.0,"turns":7.0},{"damage":0.0,"enemies":"Gremlin Leader","floor":30.0,"turns":5.0},{"damage":1.0,"enemies":"Centurion and Healer","floor":31.0,"turns":5.0},{"damage":15.0,"enemies":"Collector","floor":33.0,"turns":11.0},{"damage":0.0,"enemies":"3 Darklings","floor":35.0,"turns":4.0},{"damage":6.0,"enemies":"3 Shapes","floor":37.0,"turns":3.0},{"damage":21,"enemies":"Transient","floor":38,"turns":5},{"damage":0,"enemies":"Writhing Mass","floor":39,"turns":4},{"damage":19,"enemies":"Nemesis","floor":40,"turns":8},{"damage":8,"enemies":"Spire Growth","floor":42,"turns":4},{"damage":1,"enemies":"Giant Head","floor":45,"turns":7},{"damage":0,"enemies":"Reptomancer","floor":47,"turns":5},{"damage":6,"enemies":"Maw","floor":48,"turns":5},{"damage":0,"enemies":"Awakened One","floor":50,"turns":8}],"seed_played":"8364173934865195486","potions_obtained":[{"floor":1.0,"key":"Strength Potion"},{"floor":6.0,"key":"Weak Potion"},{"floor":8.0,"key":"PowerPotion"},{"floor":22.0,"key":"Strength Potion"},{"floor":25.0,"key":"Block Potion"},{"floor":28.0,"key":"SteroidPotion"},{"floor":31.0,"key":"EssenceOfSteel"},{"floor":35.0,"key":"SpeedPotion"},{"floor":36.0,"key":"SkillPotion"},{"floor":36.0,"key":"SpeedPotion"},{"floor":40,"key":"PowerPotion"},{"floor":48,"key":"GamblersBrew"}],"is_trial":false,"path_per_floor":["M","$","M","M","M","E","?","E","T","R","E","M","R","M","R","B",null,"M","?","$","?","?","E","R","M","T","M","E","$","E","M","R","B",null,"M","?","M","M","M","E","R","M","T","$","E","?","E","M","R","B",null],"character_chosen":"DEFECT","items_purchased":["Doom and Gloom","Go for the Eyes","Bandage Up+1","Echo Form","Seek+1","Ball Lightning","Heatsinks","Bronze Scales"],"campfire_rested":3,"item_purchase_floors":[2,2,20,29,29,29,44,44],"current_hp_per_floor":[63,63,63,57,57,27,45,30,30,52,22,22,44,5,27,37,66,64,64,64,64,67,59,59,57,57,47,50,50,56,61,61,52,69,69,69,69,54,60,47,47,45,45,45,50,50,62,62,62,68],"gold":120,"neow_bonus":"BOSS_RELIC","is_prod":false,"is_daily":false,"chose_seed":false,"campfire_upgraded":4,"win_rate":0,"timestamp":1548050619,"path_taken":["M","$","M","M","M","E","?","E","T","R","E","M","R","M","R","BOSS","M","?","$","?","?","E","R","?","T","M","E","$","E","M","R","BOSS","M","?","?","M","M","E","R","M","T","$","E","?","E","M","R","BOSS"],"build_version":"2019-01-17v2","purchased_purges":3,"victory":true,"max_hp_per_floor":[75,75,75,75,75,75,75,75,75,75,75,75,75,75,75,75,75,75,75,75,75,75,75,75,75,75,75,75,75,75,75,75,75,75,75,75,75,75,75,75,75,75,75,75,75,75,75,75,75,75],"card_choices":[{"not_picked":["Barrage","Heatsinks"],"picked":"BootSequence","floor":1.0},{"not_picked":["Redo","Beam Cell","Steam"],"picked":"SKIP","floor":3.0},{"not_picked":["Barrage","Conserve Battery"],"picked":"Ball Lightning","floor":4.0},{"not_picked":["Gash","Stack"],"picked":"Defragment","floor":5.0},{"not_picked":["Ball Lightning","Gash"],"picked":"White Noise","floor":6.0},{"not_picked":["Chill+1","Sweeping Beam","Machine Learning"],"picked":"SKIP","floor":8.0},{"not_picked":["Scrape","Gash"],"picked":"Conserve Battery+1","floor":11.0},{"not_picked":["Tempest+1","Genetic Algorithm+1"],"picked":"Hologram+1","floor":12.0},{"not_picked":["Steam+1","Fusion+1"],"picked":"Glacier+1","floor":14.0},{"not_picked":["Machine Learning","Meteor Strike"],"picked":"Amplify+1","floor":16.0},{"not_picked":[],"picked":"Coolheaded+1","floor":18.0},{"not_picked":["Gash"],"picked":"SKIP","floor":23.0},{"not_picked":[],"picked":"Coolheaded+1","floor":25.0},{"not_picked":["Steam Power+1"],"picked":"SKIP","floor":27.0},{"not_picked":["BootSequence+1"],"picked":"SKIP","floor":28.0},{"not_picked":["Creative AI"],"picked":"SKIP","floor":30.0},{"not_picked":["Storm"],"picked":"SKIP","floor":31.0},{"not_picked":["Reprogram+1"],"picked":"SKIP","floor":35.0},{"not_picked":["Streamline+1"],"picked":"SKIP","floor":37.0},{"not_picked":["Scrape"],"picked":"SKIP","floor":38},{"not_picked":["White Noise+1"],"picked":"SKIP","floor":39},{"not_picked":[],"picked":"Hologram+1","floor":40},{"not_picked":["Steam+1"],"picked":"SKIP","floor":42},{"not_picked":[],"picked":"Seek+1","floor":45},{"not_picked":[],"picked":"Impatience+1","floor":46},{"not_picked":["Barrage"],"picked":"SKIP","floor":47},{"not_picked":["Rebound"],"picked":"SKIP","floor":48}],"player_experience":194965,"relics_obtained":[{"floor":6.0,"key":"Toxic Egg 2"},{"floor":8.0,"key":"Smiling Mask"},{"floor":9.0,"key":"Bag of Marbles"},{"floor":11.0,"key":"Whetstone"},{"floor":22.0,"key":"Unceasing Top"},{"floor":22.0,"key":"Gremlin Horn"},{"floor":23.0,"key":"Potion Belt"},{"floor":26.0,"key":"Ancient Tea Set"},{"floor":28.0,"key":"Omamori"},{"floor":30.0,"key":"Lantern"},{"floor":40,"key":"Incense Burner"},{"floor":43,"key":"Calipers"},{"floor":45,"key":"Du-Vu Doll"},{"floor":47,"key":"Happy Flower"}],"event_choices":[{"damage_healed":18.0,"max_hp_gain":0.0,"max_hp_loss":0.0,"gold_gain":0.0,"event_name":"The Cleric","player_choice":"Healed","floor":7.0,"gold_loss":35.0,"damage_taken":0.0},{"damage_healed":0.0,"max_hp_gain":0.0,"max_hp_loss":0.0,"gold_gain":0.0,"event_name":"The Mausoleum","player_choice":"Opened","floor":19.0,"gold_loss":0.0,"damage_taken":0.0,"relics_obtained":["Vajra"],"cards_obtained":["Writhe"]},{"damage_healed":0.0,"max_hp_gain":0.0,"max_hp_loss":0.0,"gold_gain":0.0,"event_name":"Ghosts","player_choice":"Ignored","floor":21.0,"gold_loss":0.0,"damage_taken":0.0},{"damage_healed":0.0,"max_hp_gain":0.0,"max_hp_loss":0.0,"gold_gain":0.0,"event_name":"Colosseum","player_choice":"Fight","floor":22.0,"gold_loss":0.0,"damage_taken":0.0},{"damage_healed":0.0,"max_hp_gain":0.0,"max_hp_loss":0.0,"gold_gain":0.0,"event_name":"Colosseum","player_choice":"Fought Nobs","floor":22.0,"gold_loss":0.0,"damage_taken":0.0},{"damage_healed":0.0,"max_hp_gain":0.0,"max_hp_loss":0.0,"gold_gain":0.0,"event_name":"Lab","player_choice":"Got Potions","floor":36.0,"gold_loss":0.0,"damage_taken":0.0},{"damage_healed":0,"gold_gain":0,"player_choice":"Memory 1","damage_taken":0,"max_hp_gain":0,"max_hp_loss":0,"event_name":"SensoryStone","floor":46,"gold_loss":0}],"is_beta":false,"boss_relics":[{"not_picked":["Runic Dome","Empty Cage"],"picked":"Busted Crown"},{"not_picked":["Inserter","Eternal Feather"],"picked":"Astrolabe"}],"items_purged_floors":[20,29,44],"is_endless":false,"potions_floor_spawned":[1,6,8,16,18,22,25,28,31,35,40,45,48],"ascension_level":9}