{"gold_per_floor":[115,115,37,51,51,77,77,104,127,184,202,202,202,227,227,351,351,371,395,395,420,420,460,460,479,479,479,494,494],"floor_reached":29,"playtime":2495,"items_purged":[],"score":278,"play_id":"526509dc-ab97-47f1-a96a-95e024b6ee76","local_time":"20190207160749","is_ascension_mode":false,"campfire_choices":[{"floor":7,"key":"REST"},{"floor":13,"key":"REST"},{"floor":15,"key":"REST"},{"floor":24,"key":"REST"},{"floor":27,"key":"REST"}],"neow_cost":"NONE","seed_source_timestamp":9436393407765,"circlet_count":0,"master_deck":["Strike_R+1","Strike_R+1","Strike_R+1","Strike_R+1","Strike_R+1","Defend_R+1","Defend_R+1","Defend_R+1","Defend_R+1","Bash","Rampage","Fire Breathing","Iron Wave","Fiend Fire","Anger","Anger","Cleave","Anger","Sword Boomerang","Cleave","Bludgeon","Double Tap","Anger","Iron Wave","Perfected Strike","Armaments","Perfected Strike+1","Warcry+1","Inflame","Searing Blow+1"],"relics":["Burning Blood","Dream Catcher","Peace Pipe","Happy Flower","Oddly Smooth Stone","Regal Pillow","Golden Idol","Philosopher\u0027s Stone","Boot","Bottled Tornado"],"potions_floor_usage":[23,23,23],"damage_taken":[{"damage":6,"enemies":"Cultist","floor":1,"turns":3},{"damage":10,"enemies":"Jaw Worm","floor":4,"turns":4},{"damage":37,"enemies":"3 Sentries","floor":6,"turns":9},{"damage":21,"enemies":"Gremlin Nob","floor":8,"turns":4},{"damage":31,"enemies":"Lagavulin Event","floor":10,"turns":5},{"damage":1,"enemies":"Small Slimes","floor":11,"turns":3},{"damage":16,"enemies":"Exordium Wildlife","floor":14,"turns":3},{"damage":62,"enemies":"Hexaghost","floor":16,"turns":8},{"damage":27,"enemies":"Shell Parasite","floor":18,"turns":3},{"damage":6,"enemies":"Chosen","floor":19,"turns":4},{"damage":31,"enemies":"Snecko","floor":21,"turns":5},{"damage":21,"enemies":"Slavers","floor":23,"turns":3},{"damage":24,"enemies":"Snake Plant","floor":25,"turns":3},{"damage":45,"enemies":"Shelled Parasite and Fungi","floor":28,"turns":4},{"damage":50,"enemies":"Book of Stabbing","floor":29,"turns":4}],"seed_played":"-3927075648602676484","potions_obtained":[{"floor":1,"key":"AttackPotion"},{"floor":10,"key":"SteroidPotion"},{"floor":11,"key":"PowerPotion"},{"floor":19,"key":"Poison Potion"},{"floor":23,"key":"FearPotion"}],"is_trial":false,"path_per_floor":["M","?","$","M","T","E","R","E","T","?","M","?","R","M","R","B",null,"M","M","?","M","?","E","R","M","T","R","M","E"],"character_chosen":"IRONCLAD","items_purchased":["Fire Breathing"],"campfire_rested":5,"item_purchase_floors":[3],"current_hp_per_floor":[88,88,88,84,84,53,79,64,64,39,44,22,63,53,88,32,88,67,67,67,42,42,27,68,50,50,88,49,0],"gold":494,"neow_bonus":"TEN_PERCENT_HP_BONUS","is_prod":false,"is_daily":false,"chose_seed":false,"campfire_upgraded":0,"win_rate":0.0,"timestamp":1549552069,"path_taken":["M","?","?","M","?","E","R","E","T","?","M","?","R","M","R","BOSS","M","M","?","M","?","E","R","M","T","R","M","E"],"build_version":"2019-01-23","purchased_purges":0,"victory":false,"max_hp_per_floor":[88,88,88,88,88,88,88,88,88,88,88,88,88,88,88,88,88,88,88,88,88,88,88,88,88,88,88,88,88],"card_choices":[{"not_picked":["Reckless Charge","Carnage"],"picked":"Rampage","floor":1},{"not_picked":["Clothesline","Disarm"],"picked":"Iron Wave","floor":4},{"not_picked":["Pommel Strike","Power Through"],"picked":"Fiend Fire","floor":6},{"not_picked":["Pommel Strike","Clash"],"picked":"Anger","floor":7},{"not_picked":["Feel No Pain","Hemokinesis"],"picked":"Anger","floor":8},{"not_picked":["Twin Strike","Burning Pact"],"picked":"Cleave","floor":10},{"not_picked":["Battle Trance","True Grit"],"picked":"Anger","floor":11},{"not_picked":["Perfected Strike","Shrug It Off"],"picked":"Sword Boomerang","floor":13},{"not_picked":["Shrug It Off","Shockwave"],"picked":"Cleave","floor":14},{"not_picked":["Combust","Perfected Strike"],"picked":"Bludgeon","floor":15},{"not_picked":["Demon Form","Impervious"],"picked":"Double Tap","floor":16},{"not_picked":["Feel No Pain","Shrug It Off"],"picked":"Anger","floor":18},{"not_picked":["Corruption","Reckless Charge"],"picked":"Iron Wave","floor":19},{"not_picked":["Clash","Feel No Pain"],"picked":"Perfected Strike","floor":21},{"not_picked":["True Grit+1","Body Slam"],"picked":"Armaments","floor":23},{"not_picked":["Clothesline","Warcry"],"picked":"Perfected Strike+1","floor":24},{"not_picked":["Armaments+1","Rage"],"picked":"Warcry+1","floor":25},{"not_picked":["Intimidate","Ghostly Armor+1"],"picked":"Inflame","floor":27},{"not_picked":["Headbutt","Cleave"],"picked":"Searing Blow+1","floor":28}],"player_experience":5669,"relics_obtained":[{"floor":5,"key":"Dream Catcher"},{"floor":6,"key":"Peace Pipe"},{"floor":8,"key":"Happy Flower"},{"floor":9,"key":"Oddly Smooth Stone"},{"floor":10,"key":"Regal Pillow"},{"floor":23,"key":"Boot"},{"floor":26,"key":"Bottled Tornado"}],"event_choices":[{"damage_healed":0,"gold_gain":0,"player_choice":"Bought 0 Potions","damage_taken":0,"max_hp_gain":0,"max_hp_loss":0,"event_name":"The Woman in Blue","floor":2,"gold_loss":0},{"damage_healed":0,"gold_gain":30,"player_choice":"Searched \u00272\u0027 times","damage_taken":0,"max_hp_gain":0,"max_hp_loss":0,"event_name":"Dead Adventurer","floor":10,"gold_loss":0},{"damage_healed":0,"gold_gain":0,"player_choice":"Take Damage","damage_taken":22,"relics_obtained":["Golden Idol"],"max_hp_gain":0,"max_hp_loss":0,"event_name":"Golden Idol","floor":12,"gold_loss":0},{"damage_healed":0,"gold_gain":0,"player_choice":"Ignored","damage_taken":0,"max_hp_gain":0,"max_hp_loss":0,"event_name":"Ghosts","floor":20,"gold_loss":0},{"damage_healed":0,"gold_gain":0,"player_choice":"Simplicity","damage_taken":0,"max_hp_gain":0,"max_hp_loss":0,"event_name":"Back to Basics","floor":22,"gold_loss":0,"cards_upgraded":["Strike_R","Strike_R","Strike_R","Strike_R","Strike_R","Defend_R","Defend_R","Defend_R","Defend_R"]}],"is_beta":false,"boss_relics":[{"not_picked":["Tiny House","Eternal Feather"],"picked":"Philosopher\u0027s Stone"}],"items_purged_floors":[],"is_endless":false,"potions_floor_spawned":[1,10,11,14,19,21,23],"killed_by":"Book of Stabbing","ascension_level":0}