{"gold_per_floor":[118,118,118,118,143,143,187,206,256,256,256,277,301,301,301,301],"floor_reached":16,"playtime":5767,"items_purged":[],"score":105,"play_id":"6e34e23e-56c2-4dfa-9c6e-827bfa733001","local_time":"20180826211131","is_ascension_mode":true,"campfire_choices":[{"data":"Neutralize","floor":6,"key":"SMITH"},{"floor":11,"key":"REST"},{"data":"Blade Dance","floor":15,"key":"SMITH"}],"neow_cost":"","seed_source_timestamp":942789384823165,"circlet_count":0,"master_deck":["Defend_G","Defend_G","Defend_G","Defend_G","Defend_G+1","Strike_G","Strike_G+1","Strike_G","Strike_G","Strike_G","Survivor","Neutralize+1","Forethought","Prepared","Backstab","Cloak And Dagger","Distraction","Blind","Blade Dance+1","Cloak And Dagger"],"special_seed":0,"relics":["Ring of the Snake","Golden Idol","Bag of Preparation","Snake Skull","Peace Pipe"],"potions_floor_usage":[16,16,16],"damage_taken":[{"damage":3.0,"enemies":"Jaw Worm","floor":1.0,"turns":5.0},{"damage":0.0,"enemies":"Cultist","floor":5.0,"turns":4.0},{"damage":29,"enemies":"3 Sentries","floor":7,"turns":16},{"damage":0,"enemies":"Small Slimes","floor":8,"turns":3},{"damage":0,"enemies":"Looter","floor":12,"turns":4},{"damage":4,"enemies":"2 Fungi Beasts","floor":13,"turns":3},{"damage":30,"enemies":"Slime Boss","floor":16,"turns":11}],"seed_played":"324148022136151916","potions_obtained":[{"floor":1.0,"key":"SpeedPotion"},{"floor":7,"key":"SpeedPotion"},{"floor":13,"key":"GhostInAJar"}],"is_trial":false,"path_per_floor":["M","?","?","?","M","R","E","M","T","?","R","M","M","?","R"],"character_chosen":"THE_SILENT","items_purchased":[],"campfire_rested":1,"item_purchase_floors":[],"current_hp_per_floor":[67,67,50,36,36,36,7,7,7,7,28,28,24,24,24,0],"gold":301,"neow_bonus":"","is_prod":false,"is_daily":false,"chose_seed":false,"campfire_upgraded":2,"win_rate":0,"timestamp":1535332291,"path_taken":["M","?","?","?","M","R","E","M","T","?","R","?","M","?","R","BOSS"],"build_version":"2018-08-23v2","purchased_purges":0,"victory":false,"max_hp_per_floor":[70,70,70,70,70,70,70,70,70,70,70,70,70,70,70,70],"card_choices":[{"not_picked":["Predator","Choke","Flying Knee"],"picked":"SKIP","floor":1.0},{"not_picked":["Quick Slash","Setup"],"picked":"Prepared","floor":5.0},{"not_picked":["Eviscerate","Bane"],"picked":"Backstab","floor":7},{"not_picked":["Eviscerate","Acrobatics"],"picked":"Cloak And Dagger","floor":8},{"not_picked":["Bouncing Flask","Expertise"],"picked":"Blade Dance","floor":12},{"not_picked":["Quick Slash","Dodge and Roll"],"picked":"Cloak And Dagger","floor":13}],"player_experience":282052,"relics_obtained":[{"floor":7,"key":"Bag of Preparation"},{"floor":9,"key":"Snake Skull"}],"event_choices":[{"event_name":"Match and Keep!","player_choice":"1 cards matched","floor":2.0,"damage_taken":0.0},{"event_name":"Golden Idol","player_choice":"Take Damage","floor":3.0,"damage_taken":0.0},{"event_name":"Shining Light","player_choice":"Entered Light","floor":4.0,"damage_taken":0.0},{"event_name":"Match and Keep!","player_choice":"2 cards matched","floor":10,"damage_taken":0},{"event_name":"Dead Adventurer","player_choice":"Searched \u00271\u0027 times","floor":14,"damage_taken":0}],"is_beta":true,"boss_relics":[],"items_purged_floors":[],"is_endless":false,"potions_floor_spawned":[1,7,13],"killed_by":"Slime Boss","ascension_level":1}