{"gold_per_floor":[113,188,60,60,83,118,142,142,142,167,167,267,287,287],"floor_reached":14,"playtime":1293,"items_purged":[],"score":95,"play_id":"d5e2660d-aaa8-4aac-9d69-1a517dcdf3ee","local_time":"20190203024726","is_ascension_mode":true,"campfire_choices":[{"floor":8,"key":"RECALL"}],"neow_cost":"NONE","seed_source_timestamp":1327502262175312,"circlet_count":0,"master_deck":["Defend_G","Defend_G","Defend_G","Defend_G","Defend_G","Strike_G","Strike_G","Strike_G","Strike_G","Strike_G","Survivor","Neutralize","Finisher","Terror","Finisher+1","Fluid Movement","Footwork","PiercingWail","ReplayTheSpireMod:Speed Training","Backflip"],"relics":["Ring of the Snake","Golden Idol","Ancient Tea Set"],"potions_floor_usage":[14,14,14],"damage_taken":[{"damage":0,"enemies":"Small Slimes","floor":1,"turns":5},{"damage":5,"enemies":"Jaw Worm","floor":5,"turns":4},{"damage":25,"enemies":"Lagavulin","floor":6,"turns":8},{"damage":0,"enemies":"Cultist","floor":7,"turns":2},{"damage":3,"enemies":"Lots of Slimes","floor":10,"turns":7},{"damage":0,"enemies":"2 Fungi Beasts","floor":13,"turns":5},{"damage":33,"enemies":"Gremlin Nob","floor":14,"turns":5}],"seed_played":"8138835652964306995","potions_obtained":[{"floor":6,"key":"Elixir"},{"floor":7,"key":"Reflective Coating"},{"floor":10,"key":"Explosive Potion"},{"floor":13,"key":"Dexterity Potion"}],"is_trial":false,"path_per_floor":["M","?","$","?","M","E","M","R","T","M","?","?","M","E"],"character_chosen":"THE_SILENT","items_purchased":["Terror","Finisher+1"],"campfire_rested":0,"item_purchase_floors":[3,3],"current_hp_per_floor":[77,66,66,66,61,36,36,36,36,33,26,26,26,0],"gold":287,"neow_bonus":"TEN_PERCENT_HP_BONUS","is_prod":false,"is_daily":false,"chose_seed":false,"campfire_upgraded":0,"win_rate":0,"timestamp":1549158446,"path_taken":["M","?","$","?","?","E","M","R","T","M","?","?","?","E"],"build_version":"2019-01-23","purchased_purges":0,"victory":false,"max_hp_per_floor":[77,77,77,77,77,77,77,77,77,77,77,77,77,77],"card_choices":[{"not_picked":["Dagger Spray","Prepared"],"picked":"Finisher","floor":1},{"not_picked":["Replay:Poison Smokescreen","Bane"],"picked":"Fluid Movement","floor":5},{"not_picked":["Dagger Throw","Eviscerate"],"picked":"Footwork","floor":6},{"not_picked":["Bouncing Flask","Quick Slash"],"picked":"PiercingWail","floor":7},{"not_picked":["Deflect","Masterful Stab"],"picked":"ReplayTheSpireMod:Speed Training","floor":10},{"not_picked":["conspire:PoisonWeapons","Masterful Stab"],"picked":"Backflip","floor":13}],"player_experience":116589,"relics_obtained":[{"floor":6,"key":"Ancient Tea Set"}],"event_choices":[{"damage_healed":0,"gold_gain":75,"player_choice":"Gather Gold","damage_taken":11,"max_hp_gain":0,"max_hp_loss":0,"event_name":"World of Goop","floor":2,"gold_loss":0},{"damage_healed":0,"gold_gain":0,"player_choice":"Take Wound","damage_taken":0,"relics_obtained":["Golden Idol"],"max_hp_gain":0,"max_hp_loss":0,"event_name":"Golden Idol","floor":4,"gold_loss":0,"cards_obtained":["Injury"]},{"cards_removed":["Injury"],"damage_healed":0,"gold_gain":0,"player_choice":"Card Removal","damage_taken":7,"max_hp_gain":0,"max_hp_loss":0,"event_name":"Golden Wing","floor":11,"gold_loss":0},{"damage_healed":0,"gold_gain":100,"player_choice":"Pray","damage_taken":0,"max_hp_gain":0,"max_hp_loss":0,"event_name":"Golden Shrine","floor":12,"gold_loss":0}],"is_beta":false,"boss_relics":[],"items_purged_floors":[],"is_endless":false,"potions_floor_spawned":[6,7,10,13],"killed_by":"Gremlin Nob","ascension_level":1}