{"gold_per_floor":[14,164,181,181,198,232,243,25,51,68,68,143,143,162,162,162],"floor_reached":16,"playtime":764,"items_purged":[],"score":179,"play_id":"2efd02fb-7239-4252-b989-843e1f1a2cc7","local_time":"20190208192450","is_ascension_mode":true,"campfire_choices":[{"data":"1","floor":11.0,"key":"LIFT"},{"data":"2","floor":13.0,"key":"LIFT"},{"floor":15.0,"key":"REST"}],"neow_cost":"NO_GOLD","seed_source_timestamp":1686846098190583,"circlet_count":0,"master_deck":["AscendersBane","Strike_R","Strike_R","Strike_R","Strike_R","Strike_R","Defend_R","Defend_R","Defend_R","Defend_R","Bash","Iron Wave","Flex","Iron Wave","True Grit","Shrug It Off","Cleave","Anger"],"special_seed":0,"relics":["Burning Blood","Girya","Anchor","MealTicket","Regal Pillow"],"potions_floor_usage":[16],"damage_taken":[{"damage":12.0,"enemies":"Jaw Worm","floor":1.0,"turns":3.0},{"damage":3.0,"enemies":"2 Louse","floor":3.0,"turns":3.0},{"damage":0.0,"enemies":"Small Slimes","floor":5.0,"turns":3.0},{"damage":55.0,"enemies":"3 Sentries","floor":6.0,"turns":10.0},{"damage":8.0,"enemies":"Blue Slaver","floor":7.0,"turns":3.0},{"damage":4.0,"enemies":"Lots of Slimes","floor":10.0,"turns":5.0},{"damage":5.0,"enemies":"Exordium Thugs","floor":14.0,"turns":4.0},{"damage":50,"enemies":"The Guardian","floor":16,"turns":9}],"seed_played":"-105861753183356920","potions_obtained":[{"floor":1.0,"key":"GamblersBrew"},{"floor":6.0,"key":"FearPotion"},{"floor":14.0,"key":"PowerPotion"}],"is_trial":false,"path_per_floor":["M","?","M","?","M","E","M","$","T","M","R","?","R","M","R","B"],"character_chosen":"IRONCLAD","items_purchased":["Shrug It Off","MealTicket"],"campfire_rested":1,"item_purchase_floors":[8,8],"current_hp_per_floor":[62,62,65,65,71,22,20,20,20,22,22,11,11,12,49,0],"gold":162,"neow_bonus":"ONE_RARE_RELIC","is_prod":false,"is_daily":false,"chose_seed":false,"campfire_upgraded":0,"win_rate":0,"timestamp":1549671890,"path_taken":["M","?","M","?","M","E","M","?","T","M","R","?","R","M","R","BOSS"],"build_version":"2019-02-06","purchased_purges":0,"victory":false,"max_hp_per_floor":[75,75,75,75,75,75,75,75,75,75,75,75,75,75,75,75],"card_choices":[{"not_picked":["Flame Barrier","Inflame"],"picked":"Iron Wave","floor":1.0},{"not_picked":["Clash","Sword Boomerang"],"picked":"Flex","floor":3.0},{"not_picked":["Intimidate","Dropkick","Havoc"],"picked":"SKIP","floor":5.0},{"not_picked":["Entrench","Wild Strike"],"picked":"Iron Wave","floor":6.0},{"not_picked":["Brutality","Rupture"],"picked":"True Grit","floor":7.0},{"not_picked":["Disarm","Hemokinesis"],"picked":"Cleave","floor":10.0},{"not_picked":["Body Slam","Headbutt"],"picked":"Anger","floor":14.0}],"player_experience":640624,"relics_obtained":[{"floor":6.0,"key":"Anchor"},{"floor":9.0,"key":"Regal Pillow"}],"event_choices":[{"damage_healed":0.0,"max_hp_gain":0.0,"max_hp_loss":0.0,"gold_gain":150.0,"event_name":"Liars Game","player_choice":"AGREE","floor":2.0,"gold_loss":0.0,"damage_taken":0.0,"cards_obtained":["Doubt"]},{"cards_removed":["Doubt"],"damage_healed":0.0,"max_hp_gain":0.0,"max_hp_loss":0.0,"gold_gain":0.0,"event_name":"Living Wall","player_choice":"Forget","floor":4.0,"gold_loss":0.0,"damage_taken":0.0},{"damage_healed":0.0,"max_hp_gain":0.0,"max_hp_loss":0.0,"gold_gain":75.0,"event_name":"World of Goop","player_choice":"Gather Gold","floor":12.0,"gold_loss":0.0,"damage_taken":11.0}],"is_beta":true,"boss_relics":[],"items_purged_floors":[],"is_endless":false,"potions_floor_spawned":[1,6,14],"killed_by":"The Guardian","ascension_level":15}