{"gold_per_floor":[111,32,107,107,107,133,151,151,151,169,169,169,169,182,182,279,279,289,300,300,225,235,235,246,256,256,256,256,256,268,314,314,410,410,426,426,326,326,299,299,316,329,353,370,380,780,287,135,135,135],"floor_reached":50,"playtime":3028,"items_purged":["Pain","Defend_R","Defend_R"],"score":537,"play_id":"28053c78-eb13-4251-9d3e-f9f69569e26f","local_time":"20190127162859","is_ascension_mode":true,"campfire_choices":[{"floor":8,"key":"REST"},{"data":"Rupture","floor":11,"key":"SMITH"},{"data":"Bash","floor":13,"key":"SMITH"},{"floor":15,"key":"REST"},{"data":"Shrug It Off","floor":23,"key":"SMITH"},{"floor":27,"key":"REST"},{"floor":29,"key":"REST"},{"floor":32,"key":"REST"},{"data":"Heavy Blade","floor":40,"key":"SMITH"},{"floor":49,"key":"RECALL"}],"neow_cost":"TEN_PERCENT_HP_LOSS","seed_source_timestamp":10186171451491,"circlet_count":0,"master_deck":["Strike_R+1","Strike_R+1","Defend_R","Bash+1","Hemokinesis","Rupture+1","Combust","Offering+1","Shrug It Off+1","Seeing Red","Reaper","Offering","Heavy Blade+1","Battle Trance+1","Parasite","Bloodletting"],"relics":["Black Blood","Centennial Puzzle","Paper Frog","White Beast Statue","WarpedTongs","Red Skull","Enchiridion","Omamori","Old Coin","Champion Belt","War Paint"],"potions_floor_usage":[16,24,33,33,33,35,42,46,50,50],"damage_taken":[{"damage":0,"enemies":"Small Slimes","floor":1,"turns":3},{"damage":33,"enemies":"Lagavulin","floor":6,"turns":6},{"damage":6,"enemies":"2 Louse","floor":7,"turns":2},{"damage":8,"enemies":"Jaw Worm","floor":10,"turns":2},{"damage":18,"enemies":"3 Louse","floor":14,"turns":2},{"damage":23,"enemies":"Slime Boss","floor":16,"turns":6},{"damage":36,"enemies":"Shell Parasite","floor":18,"turns":4},{"damage":13,"enemies":"Chosen","floor":19,"turns":3},{"damage":12,"enemies":"Snecko","floor":22,"turns":2},{"damage":12,"enemies":"Centurion and Healer","floor":24,"turns":3},{"damage":16,"enemies":"Chosen and Byrds","floor":25,"turns":5},{"damage":22,"enemies":"3 Cultists","floor":30,"turns":4},{"damage":50,"enemies":"Collector","floor":33,"turns":7},{"damage":25,"enemies":"3 Shapes","floor":35,"turns":5},{"damage":21,"enemies":"Orb Walker","floor":41,"turns":2},{"damage":39,"enemies":"Writhing Mass","floor":42,"turns":4},{"damage":32,"enemies":"Spire Growth","floor":44,"turns":3},{"damage":32,"enemies":"3 Darklings","floor":45,"turns":6},{"damage":16,"enemies":"Mind Bloom Boss Battle","floor":46,"turns":4},{"damage":97,"enemies":"Time Eater","floor":50,"turns":5}],"seed_played":"-8587921164587540216","potions_obtained":[{"floor":6,"key":"Weak Potion"},{"floor":10,"key":"SpeedPotion"},{"floor":14,"key":"Explosive Potion"},{"floor":18,"key":"Weak Potion"},{"floor":19,"key":"Dexterity Potion"},{"floor":22,"key":"BloodPotion"},{"floor":24,"key":"SteroidPotion"},{"floor":25,"key":"SkillPotion"},{"floor":30,"key":"PowerPotion"},{"floor":33,"key":"Fruit Juice"},{"floor":35,"key":"SkillPotion"},{"floor":41,"key":"BloodPotion"},{"floor":42,"key":"Energy Potion"},{"floor":44,"key":"Swift Potion"},{"floor":45,"key":"SkillPotion"},{"floor":46,"key":"GamblersBrew"}],"is_trial":false,"path_per_floor":["M","$","?","?","?","E","M","R","T","M","R","?","R","M","R","B",null,"M","M","?","$","M","R","M","M","T","R","?","R","M","T","R","B",null,"M","?","$","?","$","R","M","M","T","M","M","?","$","$","R","B"],"character_chosen":"IRONCLAD","items_purchased":["Rupture","Heavy Blade","Champion Belt","Bloodletting","War Paint"],"campfire_rested":5,"item_purchase_floors":[2,39,47,47,48],"current_hp_per_floor":[72,72,61,61,47,20,20,41,41,39,39,32,32,20,41,24,72,42,35,35,35,29,29,30,20,20,41,25,46,30,30,51,12,77,69,69,69,69,69,69,70,55,55,33,44,71,71,71,71,0],"gold":135,"neow_bonus":"REMOVE_TWO","is_prod":false,"is_daily":false,"chose_seed":false,"campfire_upgraded":4,"win_rate":0,"timestamp":1548574139,"path_taken":["M","$","?","?","?","E","?","R","T","M","R","?","R","M","R","BOSS","M","M","?","$","?","R","M","M","T","R","?","R","M","?","R","BOSS","M","?","?","?","$","R","?","M","T","M","M","?","?","$","R","BOSS"],"build_version":"2019-01-23","purchased_purges":3,"victory":false,"max_hp_per_floor":[72,72,72,72,72,72,72,72,72,72,72,72,72,72,72,72,72,72,72,72,72,72,72,72,72,72,72,72,72,72,72,72,77,77,77,77,77,77,77,77,77,77,77,77,77,77,77,77,77,77],"card_choices":[{"not_picked":["Heavy Blade","Havoc"],"picked":"Hemokinesis","floor":1},{"not_picked":["Disarm","True Grit","Twin Strike"],"picked":"SKIP","floor":6},{"not_picked":["Warcry","Rage","Anger"],"picked":"SKIP","floor":7},{"not_picked":["Wild Strike","Dual Wield"],"picked":"Combust","floor":10},{"not_picked":["Armaments","Cleave","Anger"],"picked":"SKIP","floor":14},{"not_picked":["Feed","Bludgeon"],"picked":"Offering","floor":16},{"not_picked":["Iron Wave+1","Thunderclap","Warcry"],"picked":"SKIP","floor":18},{"not_picked":["Disarm","Intimidate","Armaments"],"picked":"SKIP","floor":19},{"not_picked":["Rupture","Headbutt+1"],"picked":"Shrug It Off","floor":22},{"not_picked":["Cleave+1","Perfected Strike"],"picked":"Seeing Red","floor":24},{"not_picked":["Wild Strike+1","Dark Embrace","Thunderclap"],"picked":"SKIP","floor":25},{"not_picked":["Perfected Strike","Thunderclap+1","Armaments"],"picked":"SKIP","floor":30},{"not_picked":["Feed","Fiend Fire"],"picked":"Reaper","floor":33},{"not_picked":["Wild Strike","Flex","Armaments+1"],"picked":"SKIP","floor":35},{"not_picked":["True Grit+1","Pommel Strike+1"],"picked":"Battle Trance","floor":41},{"not_picked":["Power Through+1","Rampage+1","Rage"],"picked":"SKIP","floor":42},{"not_picked":["Heavy Blade","Offering","Wild Strike"],"picked":"SKIP","floor":44},{"not_picked":["Iron Wave+1","Metallicize+1","Flex"],"picked":"SKIP","floor":45}],"player_experience":94981,"relics_obtained":[{"floor":6,"key":"Centennial Puzzle"},{"floor":9,"key":"Paper Frog"},{"floor":26,"key":"Red Skull"},{"floor":28,"key":"Enchiridion"},{"floor":43,"key":"Omamori"},{"floor":46,"key":"Old Coin"}],"event_choices":[{"damage_healed":0,"gold_gain":75,"player_choice":"Gather Gold","damage_taken":11,"max_hp_gain":0,"max_hp_loss":0,"event_name":"World of Goop","floor":3,"gold_loss":0},{"damage_healed":0,"gold_gain":0,"player_choice":"Ignored","damage_taken":0,"max_hp_gain":0,"max_hp_loss":0,"event_name":"Golden Idol","floor":4,"gold_loss":0},{"damage_healed":0,"gold_gain":0,"player_choice":"Entered Light","damage_taken":14,"max_hp_gain":0,"max_hp_loss":0,"event_name":"Shining Light","floor":5,"gold_loss":0,"cards_upgraded":["Strike_R","Strike_R"]},{"cards_removed":["Strike_R"],"damage_healed":0,"gold_gain":0,"player_choice":"Card Removal","damage_taken":7,"max_hp_gain":0,"max_hp_loss":0,"event_name":"Golden Wing","floor":12,"gold_loss":0},{"damage_healed":0,"gold_gain":0,"player_choice":"Rummage","damage_taken":0,"relics_obtained":["WarpedTongs"],"max_hp_gain":0,"max_hp_loss":0,"event_name":"Accursed Blacksmith","floor":20,"gold_loss":0,"cards_obtained":["Pain"]},{"damage_healed":0,"gold_gain":0,"player_choice":"Obtained Book","damage_taken":16,"max_hp_gain":0,"max_hp_loss":0,"event_name":"Cursed Tome","floor":28,"gold_loss":0},{"cards_removed":["Strike_R"],"damage_healed":0,"gold_gain":0,"player_choice":"Purged","damage_taken":0,"max_hp_gain":0,"max_hp_loss":0,"event_name":"Purifier","floor":36,"gold_loss":0},{"damage_healed":0,"gold_gain":0,"player_choice":"Copied","damage_taken":0,"max_hp_gain":0,"max_hp_loss":0,"event_name":"Duplicator","floor":38,"gold_loss":0,"cards_obtained":["Offering"]},{"damage_healed":0,"gold_gain":0,"player_choice":"Fight","damage_taken":0,"max_hp_gain":0,"max_hp_loss":0,"event_name":"MindBloom","floor":46,"gold_loss":0}],"is_beta":false,"boss_relics":[{"not_picked":["Cursed Key","Tiny House"],"picked":"White Beast Statue"},{"not_picked":["Philosopher\u0027s Stone","Eternal Feather"],"picked":"Black Blood"}],"items_purged_floors":[21,37,47],"is_endless":false,"potions_floor_spawned":[6,10,14,18,19,22,24,25,30,33,35,41,42,44,45,46],"killed_by":"Time Eater","ascension_level":2}