{"gold_per_floor":[119,44,44,44,44,74,109,109,133,133,153,167,33,45,45,145,145,163,163,238,113,113],"floor_reached":22,"playtime":566,"items_purged":["Strike_R","Strike_R","Defend_R"],"score":308,"play_id":"affccf95-95ad-4216-8e51-46e7045438d2","local_time":"20190206070430","is_ascension_mode":true,"campfire_choices":[{"data":"Shrug It Off","floor":8,"key":"SMITH"},{"data":"Bash","floor":10,"key":"SMITH"},{"data":"Inflame","floor":15,"key":"SMITH"}],"neow_cost":"NONE","seed_source_timestamp":27609280000463,"circlet_count":0,"master_deck":["AscendersBane","Strike_R+1","Strike_R+1","Defend_R","Defend_R","Bash+1","Shrug It Off+1","Clothesline","Inflame+1","Evolve","Offering"],"relics":["Burning Blood","NeowsBlessing","Tiny Chest","Whetstone","Centennial Puzzle","Snecko Eye","Molten Egg 2"],"potions_floor_usage":[16],"damage_taken":[{"damage":0,"enemies":"Small Slimes","floor":1,"turns":1},{"damage":0,"enemies":"3 Sentries","floor":7,"turns":2},{"damage":0,"enemies":"Jaw Worm","floor":11,"turns":1},{"damage":0,"enemies":"2 Louse","floor":12,"turns":4},{"damage":3,"enemies":"Blue Slaver","floor":14,"turns":4},{"damage":29,"enemies":"Slime Boss","floor":16,"turns":11},{"damage":12,"enemies":"Chosen","floor":18,"turns":5},{"damage":6,"enemies":"3 Byrds","floor":22,"turns":2}],"seed_played":"1630045624604471714","potions_obtained":[{"floor":1,"key":"Fire Potion"},{"floor":16,"key":"LiquidBronze"}],"is_trial":false,"path_per_floor":["M","$","?","?","$","T","E","R","T","R","M","M","$","M","R","B",null,"M","?","T","$","M"],"character_chosen":"IRONCLAD","items_purchased":["Evolve"],"campfire_rested":0,"item_purchase_floors":[13],"current_hp_per_floor":[78,78,78,71,71,71,77,77,77,77,80,80,80,80,80,57,74,68,68,68,68,62],"gold":113,"neow_bonus":"THREE_ENEMY_KILL","is_prod":false,"is_daily":false,"chose_seed":false,"campfire_upgraded":3,"win_rate":0,"timestamp":1549404270,"path_taken":["M","$","?","?","$","?","E","R","T","R","M","M","?","M","R","BOSS","M","?","?","$","M"],"build_version":"2019-01-23","purchased_purges":3,"victory":false,"max_hp_per_floor":[80,80,80,80,80,80,80,80,80,80,80,80,80,80,80,80,80,80,80,80,80,80],"card_choices":[{"not_picked":["Anger","Blood for Blood"],"picked":"Shrug It Off","floor":1},{"not_picked":["Entrench","Disarm"],"picked":"Clothesline","floor":7},{"not_picked":["Armaments","Anger","Wild Strike"],"picked":"SKIP","floor":11},{"not_picked":["True Grit","Dropkick"],"picked":"Inflame","floor":12},{"not_picked":["Feel No Pain","Warcry","Reckless Charge"],"picked":"SKIP","floor":14},{"not_picked":["Fiend Fire","Double Tap"],"picked":"Offering","floor":16},{"not_picked":["Warcry+1","Power Through","Ghostly Armor+1"],"picked":"SKIP","floor":18}],"player_experience":181495,"relics_obtained":[{"floor":6,"key":"Tiny Chest"},{"floor":7,"key":"Whetstone"},{"floor":9,"key":"Centennial Puzzle"},{"floor":20,"key":"Molten Egg 2"}],"event_choices":[{"cards_removed":["Strike_R"],"damage_healed":0,"gold_gain":0,"player_choice":"Forget","damage_taken":0,"max_hp_gain":0,"max_hp_loss":0,"event_name":"Living Wall","floor":3,"gold_loss":0},{"cards_removed":["Defend_R"],"damage_healed":0,"gold_gain":0,"player_choice":"Card Removal","damage_taken":7,"max_hp_gain":0,"max_hp_loss":0,"event_name":"Golden Wing","floor":4,"gold_loss":0},{"damage_healed":0,"gold_gain":0,"player_choice":"Ignored","damage_taken":0,"max_hp_gain":0,"max_hp_loss":0,"event_name":"Ghosts","floor":19,"gold_loss":0}],"is_beta":false,"boss_relics":[{"not_picked":["Runic Dome","White Beast Statue"],"picked":"Snecko Eye"}],"items_purged_floors":[2,13,21],"is_endless":false,"potions_floor_spawned":[1,16],"killed_by":"3 Byrds","ascension_level":10}