{"gold_per_floor":[13,31,31,44,44,70,70,70,97,113,113,113,133,168,168,268,268,286,252,14,14,14,14,28,48,121,149,484,484,484,502,502,502],"floor_reached":33,"playtime":2299,"items_purged":[],"score":399,"play_id":"3f562a57-8317-44d1-acc7-daf3da38f807","local_time":"20190210232544","is_ascension_mode":true,"campfire_choices":[{"floor":7,"key":"REST"},{"floor":12,"key":"REST"},{"data":"Streamline","floor":15,"key":"SMITH"},{"floor":23,"key":"REST"},{"floor":30,"key":"REST"},{"data":"Fission","floor":32,"key":"SMITH"}],"neow_cost":"NO_GOLD","seed_source_timestamp":1409875256760460,"circlet_count":0,"master_deck":["Strike_B+1","Strike_B","Defend_B","Defend_B","Defend_B","Zap","Dualcast+1","Gash","Streamline+1","FTL","Conserve Battery","Capacitor","Conserve Battery","Multi-Cast","Glacier","Go for the Eyes","Self Repair","Capacitor","Rebound+1","Fission+1","Seek","Reinforced Body"],"relics":["Cracked Core","Happy Flower","Regal Pillow","Bottled Tornado","Nuclear Battery","Vajra","Mercury Hourglass","Red Mask","Old Coin"],"potions_floor_usage":[14,16,28,28,33,33],"damage_taken":[{"damage":11,"enemies":"Small Slimes","floor":1,"turns":3},{"damage":1,"enemies":"Cultist","floor":2,"turns":4},{"damage":2,"enemies":"Jaw Worm","floor":4,"turns":3},{"damage":30,"enemies":"3 Sentries","floor":6,"turns":7},{"damage":8,"enemies":"Blue Slaver","floor":10,"turns":4},{"damage":0,"enemies":"2 Fungi Beasts","floor":13,"turns":2},{"damage":17,"enemies":"Gremlin Nob","floor":14,"turns":4},{"damage":35,"enemies":"Slime Boss","floor":16,"turns":8},{"damage":18,"enemies":"Spheric Guardian","floor":18,"turns":4},{"damage":20,"enemies":"2 Thieves","floor":19,"turns":5},{"damage":16,"enemies":"Snake Plant","floor":24,"turns":4},{"damage":12,"enemies":"Snecko","floor":25,"turns":6},{"damage":24,"enemies":"Masked Bandits","floor":27,"turns":4},{"damage":12,"enemies":"Slavers","floor":28,"turns":4},{"damage":3,"enemies":"Centurion and Healer","floor":31,"turns":7},{"damage":71,"enemies":"Collector","floor":33,"turns":11}],"seed_played":"6131267276595217731","potions_obtained":[{"floor":6,"key":"AttackPotion"},{"floor":14,"key":"AttackPotion"},{"floor":19,"key":"FocusPotion"},{"floor":25,"key":"Fire Potion"},{"floor":28,"key":"AttackPotion"},{"floor":31,"key":"Block Potion"}],"is_trial":false,"path_per_floor":["M","M","?","M","?","E","R","?","T","M","?","R","M","E","R","B",null,"M","M","$","?","$","R","M","M","T","?","E","?","R","M","R","B"],"character_chosen":"DEFECT","items_purchased":["Self Repair","Vajra"],"campfire_rested":4,"item_purchase_floors":[20,20],"current_hp_per_floor":[57,56,56,54,39,9,31,31,31,23,28,67,67,50,50,15,64,46,26,26,26,26,65,56,51,51,34,22,22,61,65,65,0],"gold":502,"neow_bonus":"REMOVE_TWO","is_prod":false,"is_daily":false,"chose_seed":false,"campfire_upgraded":2,"win_rate":0,"timestamp":1549837544,"path_taken":["M","M","?","?","?","E","R","?","T","M","?","R","?","E","R","BOSS","M","M","$","?","$","R","M","M","T","?","E","?","R","M","R","BOSS"],"build_version":"2019-01-23","purchased_purges":0,"victory":false,"max_hp_per_floor":[75,75,75,75,75,75,75,75,75,75,80,80,80,80,80,80,80,80,80,80,80,80,80,80,80,80,80,80,80,80,80,80,80],"card_choices":[{"not_picked":["Rebound","Go for the Eyes"],"picked":"Gash","floor":1},{"not_picked":["Consume","Stack","Beam Cell"],"picked":"SKIP","floor":2},{"not_picked":["Conserve Battery","Leap"],"picked":"Streamline","floor":4},{"not_picked":["Leap","Buffer"],"picked":"FTL","floor":6},{"not_picked":["Static Discharge","Redo"],"picked":"Conserve Battery","floor":10},{"not_picked":["Steam Power","Compile Driver"],"picked":"Capacitor","floor":13},{"not_picked":["Rebound","Compile Driver"],"picked":"Conserve Battery","floor":14},{"not_picked":["Amplify","Meteor Strike"],"picked":"Multi-Cast","floor":16},{"not_picked":["FTL","Hologram"],"picked":"Glacier","floor":18},{"not_picked":["Capacitor","Compile Driver"],"picked":"Go for the Eyes","floor":19},{"not_picked":["Ball Lightning","Redo"],"picked":"Capacitor","floor":24},{"not_picked":["Hologram","Sweeping Beam"],"picked":"Rebound+1","floor":25},{"not_picked":["Turbo","Leap"],"picked":"Fission","floor":27},{"not_picked":["Ball Lightning","Force Field+1"],"picked":"Seek","floor":28},{"not_picked":["Rebound","Turbo","Redo+1"],"picked":"SKIP","floor":31}],"player_experience":381134,"relics_obtained":[{"floor":6,"key":"Happy Flower"},{"floor":9,"key":"Regal Pillow"},{"floor":14,"key":"Bottled Tornado"},{"floor":26,"key":"Mercury Hourglass"},{"floor":27,"key":"Red Mask"},{"floor":28,"key":"Old Coin"}],"event_choices":[{"cards_removed":["Strike_B"],"damage_healed":0,"gold_gain":0,"player_choice":"Purged","damage_taken":0,"max_hp_gain":0,"max_hp_loss":0,"event_name":"Purifier","floor":3,"gold_loss":0},{"damage_healed":0,"gold_gain":0,"player_choice":"Entered Light","damage_taken":15,"max_hp_gain":0,"max_hp_loss":0,"event_name":"Shining Light","floor":5,"gold_loss":0,"cards_upgraded":["Strike_B","Dualcast"]},{"damage_healed":0,"gold_gain":0,"player_choice":"Ignored","damage_taken":0,"max_hp_gain":0,"max_hp_loss":0,"event_name":"Liars Game","floor":8,"gold_loss":0},{"damage_healed":0,"gold_gain":0,"player_choice":"Donut","damage_taken":0,"max_hp_gain":5,"max_hp_loss":0,"event_name":"Big Fish","floor":11,"gold_loss":0},{"damage_healed":0,"gold_gain":0,"player_choice":"Ignored","damage_taken":0,"max_hp_gain":0,"max_hp_loss":0,"event_name":"Beggar","floor":21,"gold_loss":0},{"damage_healed":0,"gold_gain":0,"player_choice":"Fought Bandits","damage_taken":0,"max_hp_gain":0,"max_hp_loss":0,"event_name":"Masked Bandits","floor":27,"gold_loss":0},{"damage_healed":0,"gold_gain":0,"player_choice":"Read","damage_taken":0,"max_hp_gain":0,"max_hp_loss":0,"event_name":"The Library","floor":29,"gold_loss":0,"cards_obtained":["Reinforced Body"]}],"is_beta":false,"boss_relics":[{"not_picked":["Coffee Dripper","Ectoplasm"],"picked":"Nuclear Battery"}],"items_purged_floors":[],"is_endless":false,"potions_floor_spawned":[6,14,19,25,28,31],"killed_by":"Collector","ascension_level":9}