{"gold_per_floor":[116,133,133,133,151,151,151,170,170,345,33,45,75,92,92,196,196,212,222,222,233,233,233,264,264,264,293,293],"floor_reached":28,"playtime":1238,"items_purged":["Doubt"],"score":418,"play_id":"35b37373-2d7e-468d-abd9-ef65f659a0ba","local_time":"20181204151037","is_ascension_mode":true,"campfire_choices":[{"data":"Body Slam","floor":6,"key":"SMITH"},{"data":"Barricade","floor":15,"key":"SMITH"},{"data":"Entrench","floor":23,"key":"SMITH"},{"data":"Body Slam","floor":25,"key":"SMITH"}],"neow_cost":"PERCENT_DAMAGE","seed_source_timestamp":957603341701128,"circlet_count":0,"master_deck":["Strike_R+1","Strike_R","Strike_R","Defend_R","Defend_R","Defend_R","Defend_R","Bash","Power Through","Body Slam+1","Reckless Charge","Body Slam+1","Shrug It Off","Dual Wield","Pommel Strike","Barricade+1","Thunderclap+1","Juggernaut","Battle Trance","Shrug It Off+1","Entrench+1","Inflame","Whirlwind+1"],"relics":["Burning Blood","Pear","Kunai","Bronze Scales","Strawberry","Mark of Pain","Whetstone","Shuriken","Blood Vial"],"potions_floor_usage":[13,16,21,24,24,28,28],"damage_taken":[{"damage":12,"enemies":"Small Slimes","floor":1,"turns":4},{"damage":1,"enemies":"Jaw Worm","floor":2,"turns":5},{"damage":0,"enemies":"2 Louse","floor":5,"turns":4},{"damage":1,"enemies":"Looter","floor":8,"turns":3},{"damage":8,"enemies":"2 Fungi Beasts","floor":12,"turns":3},{"damage":11,"enemies":"Lagavulin","floor":13,"turns":6},{"damage":16,"enemies":"Exordium Wildlife","floor":14,"turns":3},{"damage":28,"enemies":"The Guardian","floor":16,"turns":9},{"damage":2,"enemies":"Chosen","floor":18,"turns":4},{"damage":14,"enemies":"Spheric Guardian","floor":19,"turns":5},{"damage":34,"enemies":"Centurion and Healer","floor":21,"turns":9},{"damage":6,"enemies":"Book of Stabbing","floor":24,"turns":5},{"damage":30,"enemies":"Gremlin Leader","floor":27,"turns":6},{"damage":20,"enemies":"Shelled Parasite and Fungi","floor":28,"turns":4}],"seed_played":"5709318281433958492","potions_obtained":[{"floor":1,"key":"Block Potion"},{"floor":13,"key":"Energy Potion"},{"floor":14,"key":"GamblersBrew"},{"floor":16,"key":"GamblersBrew"},{"floor":18,"key":"EssenceOfSteel"},{"floor":24,"key":"SpeedPotion"},{"floor":27,"key":"SkillPotion"}],"is_trial":false,"path_per_floor":["M","M","?","?","M","R","?","M","T","?","$","M","E","M","R","B",null,"M","M","?","M","?","R","E","R","T","E","M"],"character_chosen":"IRONCLAD","items_purchased":["Bronze Scales","Shrug It Off","Dual Wield"],"campfire_rested":0,"item_purchase_floors":[11,11,11],"current_hp_per_floor":[61,66,59,57,63,63,63,68,68,68,68,66,68,58,58,36,94,98,90,67,39,39,39,39,39,39,15,0],"gold":293,"neow_bonus":"TWENTY_PERCENT_HP_BONUS","is_prod":false,"is_daily":false,"chose_seed":false,"campfire_upgraded":4,"win_rate":0,"timestamp":1543954237,"path_taken":["M","M","?","?","M","R","?","M","T","?","?","M","E","?","R","BOSS","M","M","?","M","?","R","E","R","T","E","M"],"build_version":"2018-11-15","purchased_purges":1,"victory":false,"max_hp_per_floor":[96,96,96,106,106,106,106,106,106,106,106,106,113,113,113,113,113,113,113,118,118,118,118,118,118,118,118,118],"card_choices":[{"not_picked":["Second Wind","Cleave"],"picked":"Power Through","floor":1},{"not_picked":["Perfected Strike","Headbutt"],"picked":"Body Slam","floor":2},{"not_picked":["Twin Strike","Rage"],"picked":"Reckless Charge","floor":5},{"not_picked":["Perfected Strike","Dropkick"],"picked":"Body Slam","floor":8},{"not_picked":["Wild Strike","Cleave"],"picked":"Pommel Strike","floor":12},{"not_picked":["Shrug It Off","Flex"],"picked":"Barricade","floor":13},{"not_picked":["Corruption","Heavy Blade"],"picked":"Thunderclap","floor":14},{"not_picked":["Barricade","Feed"],"picked":"Juggernaut","floor":16},{"not_picked":["Corruption","Combust"],"picked":"Battle Trance","floor":18},{"not_picked":["Heavy Blade","Clothesline","Bloodletting"],"picked":"SKIP","floor":19},{"not_picked":["Clothesline+1","Dual Wield"],"picked":"Shrug It Off+1","floor":21},{"not_picked":["Anger","Fire Breathing"],"picked":"Inflame","floor":24},{"not_picked":["Spot Weakness","Berserk"],"picked":"Whirlwind+1","floor":27}],"player_experience":353882,"relics_obtained":[{"floor":9,"key":"Kunai"},{"floor":13,"key":"Strawberry"},{"floor":24,"key":"Whetstone"},{"floor":26,"key":"Shuriken"},{"floor":27,"key":"Blood Vial"}],"event_choices":[{"cards_removed":["Strike_R"],"damage_healed":0,"gold_gain":0,"player_choice":"Card Removal","damage_taken":7,"max_hp_gain":0,"max_hp_loss":0,"event_name":"Golden Wing","floor":3,"gold_loss":0},{"damage_healed":0,"gold_gain":0,"player_choice":"Success","damage_taken":12,"relics_obtained":["Pear"],"max_hp_gain":0,"max_hp_loss":0,"event_name":"Scrap Ooze","floor":4,"gold_loss":0},{"cards_removed":["Strike_R"],"damage_healed":0,"gold_gain":0,"player_choice":"Forget","damage_taken":0,"max_hp_gain":0,"max_hp_loss":0,"event_name":"Living Wall","floor":7,"gold_loss":0},{"damage_healed":0,"gold_gain":175,"player_choice":"AGREE","damage_taken":0,"max_hp_gain":0,"max_hp_loss":0,"event_name":"Liars Game","floor":10,"gold_loss":0,"cards_obtained":["Doubt"]},{"damage_healed":0,"gold_gain":0,"player_choice":"Shed Blood","damage_taken":28,"max_hp_gain":5,"max_hp_loss":0,"event_name":"Forgotten Altar","floor":20,"gold_loss":0},{"damage_healed":0,"gold_gain":0,"player_choice":"Read","damage_taken":0,"max_hp_gain":0,"max_hp_loss":0,"event_name":"The Library","floor":22,"gold_loss":0,"cards_obtained":["Entrench"]}],"is_beta":false,"boss_relics":[{"not_picked":["Runic Cube","Velvet Choker"],"picked":"Mark of Pain"}],"items_purged_floors":[11],"is_endless":false,"potions_floor_spawned":[1,13,14,16,18,24,27],"killed_by":"Shelled Parasite and Fungi","ascension_level":6}