{"gold_per_floor":[109,109,109,34,52,85,85,114,114,124,135,135,166,191,191,191],"floor_reached":16,"playtime":834,"items_purged":["Regret"],"score":215,"play_id":"422e813d-4bf3-45bc-8591-3fe27aff97f0","local_time":"20181215203654","is_ascension_mode":true,"campfire_choices":[{"floor":7,"key":"RECALL"},{"floor":12,"key":"REST"},{"floor":15,"key":"REST"}],"neow_cost":"NONE","seed_source_timestamp":292124897202842,"circlet_count":0,"master_deck":["AscendersBane","Defend_G","Defend_G","Defend_G","Defend_G","Defend_G","Strike_G","Strike_G","Strike_G","Strike_G","Survivor","Neutralize","Quick Slash","Skewer","Cloak And Dagger","Caltrops","Blur","Predator"],"relics":["Ring of the Snake","NeowsBlessing","Pantograph","Bronze Scales","PreservedInsect","Mummified Hand","Bottled Flame","Regal Pillow"],"potions_floor_usage":[8,11,11],"damage_taken":[{"damage":0,"enemies":"Small Slimes","floor":1,"turns":1},{"damage":0,"enemies":"2 Louse","floor":5,"turns":1},{"damage":0,"enemies":"3 Sentries","floor":6,"turns":2},{"damage":42,"enemies":"Gremlin Nob","floor":8,"turns":6},{"damage":1,"enemies":"Jaw Worm","floor":10,"turns":3},{"damage":2,"enemies":"Gremlin Gang","floor":11,"turns":5},{"damage":14,"enemies":"Lagavulin","floor":13,"turns":6},{"damage":72,"enemies":"Hexaghost","floor":16,"turns":11}],"seed_played":"4824233841527166679","potions_obtained":[{"floor":1,"key":"PowerPotion"},{"floor":5,"key":"SpeedPotion"},{"floor":10,"key":"Regen Potion"}],"is_trial":false,"path_per_floor":["M","?","?","$","M","E","R","E","T","M","M","R","E","T","R","B"],"character_chosen":"THE_SILENT","items_purchased":[],"campfire_rested":2,"item_purchase_floors":[],"current_hp_per_floor":[63,56,56,56,56,56,56,14,14,13,25,46,32,32,68,0],"gold":191,"neow_bonus":"THREE_ENEMY_KILL","is_prod":false,"is_daily":false,"chose_seed":false,"campfire_upgraded":0,"win_rate":0,"timestamp":1544906214,"path_taken":["M","?","?","$","M","E","R","E","T","M","M","R","E","?","R","BOSS"],"build_version":"2018-12-13","purchased_purges":1,"victory":false,"max_hp_per_floor":[70,70,70,70,70,70,70,70,70,70,70,70,70,70,70,70],"card_choices":[{"not_picked":["Setup","Underhanded Strike"],"picked":"Quick Slash","floor":1},{"not_picked":["PiercingWail","Underhanded Strike"],"picked":"Skewer","floor":5},{"not_picked":["Sucker Punch","Dodge and Roll"],"picked":"Cloak And Dagger","floor":6},{"not_picked":["Finisher","Sucker Punch"],"picked":"Caltrops","floor":8},{"not_picked":["Eviscerate","Outmaneuver","Slice"],"picked":"SKIP","floor":10},{"not_picked":["Underhanded Strike","Skewer"],"picked":"Blur","floor":11},{"not_picked":["Terror","Distraction"],"picked":"Predator","floor":13}],"player_experience":1057107,"relics_obtained":[{"floor":6,"key":"Bronze Scales"},{"floor":8,"key":"PreservedInsect"},{"floor":9,"key":"Mummified Hand"},{"floor":13,"key":"Bottled Flame"},{"floor":14,"key":"Regal Pillow"}],"event_choices":[{"cards_removed":["Strike_G"],"damage_healed":0,"gold_gain":0,"player_choice":"Card Removal","damage_taken":7,"max_hp_gain":0,"max_hp_loss":0,"event_name":"Golden Wing","floor":2,"gold_loss":0},{"damage_healed":0,"gold_gain":0,"player_choice":"Box","damage_taken":0,"relics_obtained":["Pantograph"],"max_hp_gain":0,"max_hp_loss":0,"event_name":"Big Fish","floor":3,"gold_loss":0,"cards_obtained":["Regret"]}],"is_beta":false,"boss_relics":[],"items_purged_floors":[4],"is_endless":false,"potions_floor_spawned":[1,5,10],"killed_by":"Hexaghost","ascension_level":10}