{"gold_per_floor":[113,132,132,150,166,166,183,183,207,57,75,75,86,119,119,215,215,234,234,234,6,17,52,52,152,152,152,162,177,202,232,232,329,329,339,359,27,46,46,46],"floor_reached":40,"playtime":1570,"items_purged":["Strike_R","Strike_R","Defend_R"],"score":535,"play_id":"15cbdc56-9997-4ea0-8d7d-c3a91b5a974f","local_time":"20181209172542","is_ascension_mode":true,"campfire_choices":[{"data":"Anger","floor":6,"key":"SMITH"},{"floor":8,"key":"RECALL"},{"data":"Armaments","floor":15,"key":"SMITH"},{"floor":24,"key":"REST"},{"data":"Limit Break","floor":27,"key":"SMITH"},{"floor":32,"key":"REST"}],"neow_cost":"NONE","seed_source_timestamp":1814976851396200,"circlet_count":0,"master_deck":["Strike_R","Defend_R","Defend_R","Defend_R","Bash","Iron Wave","Anger+1","Iron Wave","Armaments+1","Inflame","Reaper","Bludgeon","Limit Break+1","Ghostly Armor","Thunderclap","Dark Shackles","Blood for Blood+1","Flame Barrier","Searing Blow+1","Double Tap","Panacea"],"relics":["Burning Blood","NeowsBlessing","Art of War","Red Skull","Empty Cage","Lantern","Bag of Preparation","Pantograph","Lizard Tail","Lee\u0027s Waffle"],"potions_floor_usage":[14,22,23,28,31,35,38],"damage_taken":[{"damage":0,"enemies":"2 Louse","floor":1,"turns":1},{"damage":0,"enemies":"Cultist","floor":2,"turns":1},{"damage":0,"enemies":"Small Slimes","floor":4,"turns":1},{"damage":4,"enemies":"2 Fungi Beasts","floor":5,"turns":4},{"damage":7,"enemies":"Looter","floor":7,"turns":3},{"damage":10,"enemies":"Gremlin Gang","floor":11,"turns":5},{"damage":5,"enemies":"Exordium Wildlife","floor":13,"turns":4},{"damage":33,"enemies":"Lagavulin","floor":14,"turns":7},{"damage":50,"enemies":"The Guardian","floor":16,"turns":13},{"damage":11,"enemies":"Shell Parasite","floor":18,"turns":6},{"damage":14,"enemies":"Spheric Guardian","floor":22,"turns":5},{"damage":50,"enemies":"Gremlin Leader","floor":23,"turns":8},{"damage":43,"enemies":"3 Cultists","floor":28,"turns":5},{"damage":33,"enemies":"Snake Plant","floor":29,"turns":6},{"damage":31,"enemies":"Book of Stabbing","floor":31,"turns":6},{"damage":79,"enemies":"Champ","floor":33,"turns":14},{"damage":52,"enemies":"3 Darklings","floor":35,"turns":7},{"damage":12,"enemies":"Orb Walker","floor":36,"turns":4},{"damage":61,"enemies":"Spire Growth","floor":38,"turns":8},{"damage":95,"enemies":"Nemesis","floor":40,"turns":5}],"seed_played":"1157909972421077274","potions_obtained":[{"floor":4,"key":"FearPotion"},{"floor":5,"key":"Strength Potion"},{"floor":11,"key":"Block Potion"},{"floor":23,"key":"PowerPotion"},{"floor":29,"key":"Regen Potion"},{"floor":33,"key":"EssenceOfSteel"},{"floor":35,"key":"AttackPotion"}],"is_trial":false,"path_per_floor":["M","M","?","M","M","R","M","R","T","$","M","$","M","E","R","B",null,"M","?","?","$","M","E","R","?","T","R","M","M","T","E","R","B",null,"M","M","$","M","?","E"],"character_chosen":"IRONCLAD","items_purchased":["Inflame","Thunderclap","Dark Shackles","Lee\u0027s Waffle"],"campfire_rested":2,"item_purchase_floors":[10,21,21,37],"current_hp_per_floor":[80,80,80,80,80,80,79,79,79,79,75,75,80,62,62,28,67,70,70,70,70,62,30,54,54,54,54,56,36,36,36,60,7,62,28,22,87,37,37,0],"gold":46,"neow_bonus":"THREE_ENEMY_KILL","is_prod":false,"is_daily":false,"chose_seed":false,"campfire_upgraded":3,"win_rate":0,"timestamp":1544372742,"path_taken":["M","M","?","M","M","R","M","R","T","$","M","?","M","E","R","BOSS","M","?","?","$","M","E","R","?","T","R","?","M","?","E","R","BOSS","M","M","$","M","?","E"],"build_version":"2018-12-06","purchased_purges":3,"victory":false,"max_hp_per_floor":[80,80,80,80,80,80,80,80,80,80,80,80,80,80,80,80,80,80,80,80,80,80,80,80,80,80,80,80,80,80,80,80,80,80,80,80,87,87,87,87],"card_choices":[{"not_picked":["Bloodletting","Warcry"],"picked":"Iron Wave","floor":1},{"not_picked":["True Grit","Perfected Strike"],"picked":"Anger","floor":2},{"not_picked":["Whirlwind","Wild Strike"],"picked":"Iron Wave","floor":4},{"not_picked":["Entrench","Sever Soul","Combust"],"picked":"SKIP","floor":5},{"not_picked":["Hemokinesis","Wild Strike"],"picked":"Armaments","floor":7},{"not_picked":["Disarm","Rampage"],"picked":"Reaper","floor":11},{"not_picked":["Feel No Pain","Clash","Pommel Strike"],"picked":"SKIP","floor":13},{"not_picked":["Perfected Strike","Havoc"],"picked":"Bludgeon","floor":14},{"not_picked":["Reaper","Immolate"],"picked":"Limit Break","floor":16},{"not_picked":["Cleave","Wild Strike","Thunderclap"],"picked":"SKIP","floor":18},{"not_picked":["Armaments+1","Clothesline","Anger"],"picked":"SKIP","floor":22},{"not_picked":["Havoc","Searing Blow"],"picked":"Blood for Blood+1","floor":23},{"not_picked":["Pommel Strike+1","Reckless Charge+1","True Grit"],"picked":"SKIP","floor":28},{"not_picked":["Hemokinesis","Warcry+1"],"picked":"Flame Barrier","floor":29},{"not_picked":["Rage","Warcry"],"picked":"Searing Blow+1","floor":31},{"not_picked":["Bludgeon","Feed"],"picked":"Double Tap","floor":33},{"not_picked":["Seeing Red+1","Body Slam+1","Perfected Strike"],"picked":"SKIP","floor":35},{"not_picked":["Flame Barrier","Flex","Perfected Strike+1"],"picked":"SKIP","floor":36},{"not_picked":["Evolve","Perfected Strike","Dropkick+1"],"picked":"SKIP","floor":38},{"not_picked":["Chrysalis","Mayhem"],"picked":"Panacea","floor":39}],"player_experience":791292,"relics_obtained":[{"floor":9,"key":"Art of War"},{"floor":14,"key":"Red Skull"},{"floor":23,"key":"Lantern"},{"floor":30,"key":"Bag of Preparation"},{"floor":31,"key":"Pantograph"}],"event_choices":[{"damage_healed":0,"gold_gain":0,"player_choice":"Full Heal","damage_taken":0,"max_hp_gain":0,"max_hp_loss":0,"event_name":"Wheel of Change","floor":3,"gold_loss":0},{"damage_healed":0,"gold_gain":0,"player_choice":"Read","damage_taken":0,"max_hp_gain":0,"max_hp_loss":0,"event_name":"The Library","floor":19,"gold_loss":0,"cards_obtained":["Ghostly Armor"]},{"damage_healed":0,"gold_gain":0,"player_choice":"Ignored","damage_taken":0,"max_hp_gain":0,"max_hp_loss":0,"event_name":"Beggar","floor":20,"gold_loss":0},{"damage_healed":0,"gold_gain":100,"player_choice":"Pray","damage_taken":0,"max_hp_gain":0,"max_hp_loss":0,"event_name":"Golden Shrine","floor":25,"gold_loss":0},{"damage_healed":0,"gold_gain":0,"player_choice":"Memory 1","damage_taken":0,"max_hp_gain":0,"max_hp_loss":0,"event_name":"SensoryStone","floor":39,"gold_loss":0}],"is_beta":false,"boss_relics":[{"not_picked":["Runic Pyramid","Cursed Key"],"picked":"Empty Cage"},{"not_picked":["Black Blood","Pandora\u0027s Box"],"picked":"Lizard Tail"}],"items_purged_floors":[10,21,37],"is_endless":false,"potions_floor_spawned":[4,5,11,23,29,33,35],"killed_by":"Nemesis","ascension_level":5}