{"gold_per_floor":[112,74,89,99,53,53,65,65,88,116,116,126,126,137,137,237,287,298,298,311,60,60],"floor_reached":22,"playtime":996,"items_purged":["Strike_G"],"score":258,"play_id":"46475f9d-d550-4ce0-b00b-ebfcffd9d072","local_time":"20190204223821","is_ascension_mode":true,"campfire_choices":[{"data":"Noxious Fumes","floor":8,"key":"SMITH"},{"floor":13,"key":"REST"},{"floor":15,"key":"REST"}],"neow_cost":"NONE","seed_source_timestamp":1375685979472600,"circlet_count":0,"master_deck":["Defend_G","Defend_G","Defend_G","Defend_G","Defend_G","Strike_G","Strike_G","Strike_G","Strike_G+1","Survivor","Neutralize+1","Bane","Footwork","Noxious Fumes+1","Bane","Bane","Bane","Footwork","Burst","Acrobatics+1","Necronomicurse"],"relics":["Ring of the Snake","Smiling Mask","Regal Pillow","Tiny House","Necronomicon","Sling"],"potions_floor_usage":[10,16,16,18,18],"damage_taken":[{"damage":0,"enemies":"2 Louse","floor":1,"turns":4},{"damage":1,"enemies":"Jaw Worm","floor":3,"turns":7},{"damage":0,"enemies":"Small Slimes","floor":4,"turns":5},{"damage":4,"enemies":"Looter","floor":7,"turns":4},{"damage":50,"enemies":"Gremlin Nob","floor":10,"turns":5},{"damage":0,"enemies":"Exordium Wildlife","floor":12,"turns":4},{"damage":26,"enemies":"Gremlin Gang","floor":14,"turns":4},{"damage":18,"enemies":"Hexaghost","floor":16,"turns":11},{"damage":16,"enemies":"2 Thieves","floor":18,"turns":4},{"damage":17,"enemies":"Shell Parasite","floor":20,"turns":8},{"damage":18,"enemies":"3 Cultists","floor":22,"turns":4}],"seed_played":"8527253709501206021","potions_obtained":[{"floor":3,"key":"Dexterity Potion"},{"floor":7,"key":"LiquidBronze"},{"floor":12,"key":"Swift Potion"},{"floor":16,"key":"SkillPotion"},{"floor":17,"key":"Poison Potion"}],"is_trial":false,"path_per_floor":["M","$","M","M","$","?","M","R","T","E","?","M","R","M","R","B",null,"M","?","M","$","M"],"character_chosen":"THE_SILENT","items_purchased":["Footwork","Bane","Sling"],"campfire_rested":2,"item_purchase_floors":[2,5,21],"current_hp_per_floor":[70,70,69,69,69,66,62,62,62,12,12,12,48,22,58,40,68,52,36,19,19,1],"gold":60,"neow_bonus":"UPGRADE_CARD","is_prod":false,"is_daily":false,"chose_seed":false,"campfire_upgraded":1,"win_rate":0,"timestamp":1549316301,"path_taken":["M","$","M","M","$","?","M","R","T","E","?","?","R","M","R","BOSS","M","?","M","$","M"],"build_version":"2019-01-23","purchased_purges":1,"victory":false,"max_hp_per_floor":[70,70,70,70,70,70,70,70,70,70,70,70,70,70,70,70,75,75,75,75,75,75],"card_choices":[{"not_picked":["Escape Plan","Crippling Poison"],"picked":"Bane","floor":1},{"not_picked":["Well Laid Plans","Outmaneuver","Cloak And Dagger"],"picked":"SKIP","floor":3},{"not_picked":["PiercingWail","Bouncing Flask"],"picked":"Noxious Fumes","floor":4},{"not_picked":["Masterful Stab","Eviscerate"],"picked":"Bane","floor":7},{"not_picked":["Quick Slash","Venomology"],"picked":"Bane","floor":10},{"not_picked":["Dagger Throw","Quick Slash"],"picked":"Footwork","floor":12},{"not_picked":["Caltrops","Distraction","Masterful Stab"],"picked":"SKIP","floor":14},{"not_picked":["Night Terror","Doppelganger"],"picked":"Burst","floor":16},{"not_picked":["Dagger Throw","Concentrate+1"],"picked":"Acrobatics+1","floor":18},{"not_picked":["Backflip","Outmaneuver","Dagger Spray"],"picked":"SKIP","floor":20}],"player_experience":859497,"relics_obtained":[{"floor":10,"key":"Regal Pillow"},{"floor":19,"key":"Necronomicon"}],"event_choices":[{"damage_healed":0,"gold_gain":0,"player_choice":"Success","damage_taken":3,"relics_obtained":["Smiling Mask"],"max_hp_gain":0,"max_hp_loss":0,"event_name":"Scrap Ooze","floor":6,"gold_loss":0},{"damage_healed":0,"gold_gain":0,"player_choice":"Ignored","damage_taken":0,"max_hp_gain":0,"max_hp_loss":0,"event_name":"Golden Wing","floor":11,"gold_loss":0},{"damage_healed":0,"gold_gain":0,"player_choice":"Obtained Book","damage_taken":16,"max_hp_gain":0,"max_hp_loss":0,"event_name":"Cursed Tome","floor":19,"gold_loss":0}],"is_beta":false,"boss_relics":[{"not_picked":["Fusion Hammer","Ectoplasm"],"picked":"Tiny House"}],"items_purged_floors":[21],"is_endless":false,"potions_floor_spawned":[3,7,12,16],"killed_by":"3 Cultists","ascension_level":5}