{"gold_per_floor":[118,129,129,8,19,52,52,77,77,77],"floor_reached":10,"playtime":348,"items_purged":["Pain"],"score":91,"play_id":"9f566252-006f-4753-a105-eac28756a056","local_time":"20181125045339","is_ascension_mode":true,"campfire_choices":[{"floor":7,"key":"RECALL"}],"neow_cost":"CURSE","seed_source_timestamp":143856463780989,"circlet_count":0,"master_deck":["Strike_B","Strike_B","Strike_B","Strike_B","Defend_B","Defend_B","Defend_B","Defend_B","Zap","Dualcast","Hyperbeam","Leap","White Noise","Zap","Hologram","Cold Snap","Steam","Stack"],"relics":["Cracked Core","Bottled Lightning","Gambling Chip"],"potions_floor_usage":[6,6,10],"damage_taken":[{"damage":4,"enemies":"Jaw Worm","floor":1,"turns":3},{"damage":5,"enemies":"Cultist","floor":2,"turns":3},{"damage":0,"enemies":"Small Slimes","floor":5,"turns":2},{"damage":28,"enemies":"Lagavulin","floor":6,"turns":6},{"damage":9,"enemies":"3 Sentries","floor":8,"turns":4},{"damage":29,"enemies":"Gremlin Nob","floor":10,"turns":4}],"seed_played":"2204230088572877673","potions_obtained":[{"floor":1,"key":"Energy Potion"},{"floor":2,"key":"PowerPotion"},{"floor":6,"key":"AttackPotion"}],"is_trial":false,"path_per_floor":["M","M","?","$","M","E","R","E","T","E"],"character_chosen":"DEFECT","items_purchased":["Hologram"],"campfire_rested":0,"item_purchase_floors":[4],"current_hp_per_floor":[71,66,66,66,66,38,38,29,29,0],"gold":77,"neow_bonus":"THREE_RARE_CARDS","is_prod":false,"is_daily":false,"chose_seed":false,"campfire_upgraded":0,"win_rate":0,"timestamp":1543139619,"path_taken":["M","M","?","$","?","E","R","E","T","E"],"build_version":"2018-11-15","purchased_purges":1,"victory":false,"max_hp_per_floor":[75,75,75,75,75,75,75,75,75,75],"card_choices":[{"not_picked":["Fission","Meteor Strike"],"picked":"Hyperbeam","floor":0},{"not_picked":["Recycle","Streamline"],"picked":"Leap","floor":1},{"not_picked":["Reprogram","Streamline"],"picked":"White Noise","floor":2},{"not_picked":["Sweeping Beam","Scrape"],"picked":"Cold Snap","floor":5},{"not_picked":["Skim","Reprogram"],"picked":"Steam","floor":6},{"not_picked":["Ball Lightning","Reprogram"],"picked":"Stack","floor":8}],"player_experience":314002,"relics_obtained":[{"floor":6,"key":"Bottled Lightning"},{"floor":8,"key":"Gambling Chip"}],"event_choices":[{"damage_healed":0,"gold_gain":0,"player_choice":"1 cards matched","damage_taken":0,"max_hp_gain":0,"max_hp_loss":0,"event_name":"Match and Keep!","floor":3,"gold_loss":0,"cards_obtained":["Zap"]}],"is_beta":false,"boss_relics":[],"items_purged_floors":[4],"is_endless":false,"potions_floor_spawned":[1,2,6],"killed_by":"Gremlin Nob","ascension_level":4}