{"gold_per_floor":[11,31,31,31,43,71,71,84,111,146,161,7,7,26,26,130,130,147,147,147,147,164,189,201,201,201,218,218,218,250,48,48,145,145,155,105,125,225,225,225],"floor_reached":40,"playtime":1818,"items_purged":["Normality"],"score":864,"play_id":"8ceb8dd0-033d-4205-83c7-e2c64b2d2ea8","local_time":"20181222173615","is_ascension_mode":true,"campfire_choices":[{"data":"Clash","floor":7,"key":"SMITH"},{"data":"Clash","floor":13,"key":"SMITH"},{"data":"Rage","floor":15,"key":"SMITH"},{"data":"True Grit","floor":25,"key":"SMITH"},{"data":"Juggernaut","floor":32,"key":"SMITH"}],"neow_cost":"NO_GOLD","seed_source_timestamp":255425568288106,"circlet_count":0,"master_deck":["AscendersBane","Strike_R","Strike_R","Strike_R+1","Strike_R","Strike_R","Defend_R+1","Defend_R+1","Defend_R","Bash","Cleave","Clash+1","Cleave","Iron Wave+1","Clash+1","Cleave","Anger","Rage+1","Feed","Thunderclap","Juggernaut+1","True Grit+1","Reaper","Juggernaut","Cleave+1","Spot Weakness","Battle Trance"],"relics":["Burning Blood","FossilizedHelix","Bottled Flame","Bag of Marbles","Vajra","War Paint","Omamori","Philosopher\u0027s Stone","MutagenicStrength","Whetstone","Bag of Preparation","Gremlin Horn","Smiling Mask","Sling","Calling Bell","Strawberry","Molten Egg 2","Calipers","Ginger"],"potions_floor_usage":[16,23,33,40],"damage_taken":[{"damage":0,"enemies":"Cultist","floor":1,"turns":3},{"damage":0,"enemies":"Small Slimes","floor":2,"turns":3},{"damage":0,"enemies":"2 Louse","floor":5,"turns":2},{"damage":30,"enemies":"3 Sentries","floor":6,"turns":7},{"damage":0,"enemies":"Lots of Slimes","floor":8,"turns":2},{"damage":10,"enemies":"Lagavulin","floor":10,"turns":4},{"damage":8,"enemies":"Gremlin Gang","floor":11,"turns":3},{"damage":0,"enemies":"Exordium Wildlife","floor":14,"turns":3},{"damage":0,"enemies":"Slime Boss","floor":16,"turns":6},{"damage":0,"enemies":"Spheric Guardian","floor":18,"turns":3},{"damage":0,"enemies":"Shell Parasite","floor":22,"turns":2},{"damage":31,"enemies":"Book of Stabbing","floor":23,"turns":5},{"damage":0,"enemies":"Cultist and Chosen","floor":24,"turns":4},{"damage":0,"enemies":"3 Cultists","floor":27,"turns":3},{"damage":0,"enemies":"Slavers","floor":30,"turns":1},{"damage":58,"enemies":"Collector","floor":33,"turns":8},{"damage":0,"enemies":"3 Darklings","floor":35,"turns":2},{"damage":0,"enemies":"3 Shapes","floor":37,"turns":1},{"damage":26,"enemies":"Mind Bloom Boss Battle","floor":38,"turns":6},{"damage":87,"enemies":"Nemesis","floor":40,"turns":7}],"seed_played":"6657356426164010034","potions_obtained":[{"floor":2,"key":"Fire Potion"},{"floor":6,"key":"SteroidPotion"},{"floor":16,"key":"Block Potion"},{"floor":24,"key":"Block Potion"},{"floor":30,"key":"PowerPotion"}],"is_trial":false,"path_per_floor":["M","M","T","?","M","E","R","M","T","E","M","$","R","M","R","B",null,"M","?","?","?","M","E","M","R","T","M","T","?","E","$","R","B",null,"M","$","M","?","?","E"],"character_chosen":"IRONCLAD","items_purchased":["Omamori","Sling"],"campfire_rested":0,"item_purchase_floors":[12,31],"current_hp_per_floor":[78,80,80,80,80,56,56,62,62,58,56,56,56,62,62,68,77,80,80,80,80,80,55,69,69,69,83,83,83,86,86,86,39,81,87,87,96,76,76,0],"gold":225,"neow_bonus":"ONE_RARE_RELIC","is_prod":false,"is_daily":false,"chose_seed":false,"campfire_upgraded":5,"win_rate":0,"timestamp":1545518175,"path_taken":["M","M","?","?","M","E","R","M","T","E","M","$","R","M","R","BOSS","M","?","?","?","M","E","?","R","T","?","?","?","E","$","R","BOSS","M","$","M","?","?","E"],"build_version":"2018-12-20","purchased_purges":1,"victory":false,"max_hp_per_floor":[80,80,80,80,80,80,80,80,80,80,80,80,80,80,80,80,80,80,80,80,80,80,80,83,83,83,86,86,86,86,86,86,86,93,93,93,96,96,96,96],"card_choices":[{"not_picked":["Heavy Blade","Body Slam"],"picked":"Cleave","floor":1},{"not_picked":["Hemokinesis","Bloodletting"],"picked":"Clash","floor":2},{"not_picked":["Corruption","Havoc"],"picked":"Cleave","floor":5},{"not_picked":["Combust","Feel No Pain"],"picked":"Iron Wave","floor":6},{"not_picked":["Bloodletting","Flex"],"picked":"Clash","floor":8},{"not_picked":["Battle Trance","Rupture"],"picked":"Cleave","floor":10},{"not_picked":["Power Through","Heavy Blade"],"picked":"Anger","floor":11},{"not_picked":["Armaments","Flex"],"picked":"Rage","floor":14},{"not_picked":["Berserk","Juggernaut"],"picked":"Feed","floor":16},{"not_picked":["Cleave","Body Slam","Wild Strike"],"picked":"SKIP","floor":18},{"not_picked":["Clash","Body Slam"],"picked":"True Grit","floor":22},{"not_picked":["Armaments","Thunderclap"],"picked":"Reaper","floor":23},{"not_picked":["Fire Breathing","Warcry+1","Hemokinesis"],"picked":"SKIP","floor":24},{"not_picked":["Twin Strike","Armaments","Perfected Strike"],"picked":"SKIP","floor":27},{"not_picked":["Clothesline","Anger","Combust"],"picked":"SKIP","floor":30},{"not_picked":["Exhume","Double Tap"],"picked":"Juggernaut","floor":33},{"not_picked":["Reckless Charge+1","Wild Strike+1"],"picked":"Cleave+1","floor":35},{"not_picked":["Perfected Strike+1","Warcry"],"picked":"Spot Weakness","floor":37},{"not_picked":["Flex","Searing Blow+1"],"picked":"Battle Trance","floor":38}],"player_experience":593219,"relics_obtained":[{"floor":3,"key":"Bottled Flame"},{"floor":6,"key":"Bag of Marbles"},{"floor":9,"key":"Vajra"},{"floor":10,"key":"War Paint"},{"floor":23,"key":"Whetstone"},{"floor":26,"key":"Bag of Preparation"},{"floor":28,"key":"Gremlin Horn"},{"floor":30,"key":"Smiling Mask"},{"floor":34,"key":"Strawberry"},{"floor":34,"key":"Molten Egg 2"},{"floor":34,"key":"Calipers"},{"floor":38,"key":"Ginger"}],"event_choices":[{"damage_healed":0,"gold_gain":0,"player_choice":"0 cards matched","damage_taken":0,"max_hp_gain":0,"max_hp_loss":0,"event_name":"Match and Keep!","floor":4,"gold_loss":0,"cards_obtained":[]},{"damage_healed":0,"gold_gain":0,"player_choice":"Inject Mutagens","damage_taken":0,"relics_obtained":["MutagenicStrength"],"max_hp_gain":0,"max_hp_loss":0,"event_name":"Drug Dealer","floor":19,"gold_loss":0},{"damage_healed":0,"gold_gain":0,"player_choice":"Read","damage_taken":0,"max_hp_gain":0,"max_hp_loss":0,"event_name":"The Library","floor":20,"gold_loss":0,"cards_obtained":["Thunderclap"]},{"damage_healed":0,"gold_gain":0,"cards_transformed":["Defend_R"],"player_choice":"Transformed","damage_taken":0,"max_hp_gain":0,"max_hp_loss":0,"event_name":"Transmorgrifier","floor":21,"gold_loss":0,"cards_obtained":["Juggernaut"]},{"damage_healed":0,"gold_gain":0,"player_choice":"Ignored","damage_taken":0,"max_hp_gain":0,"max_hp_loss":0,"event_name":"Vampires","floor":29,"gold_loss":0},{"damage_healed":0,"gold_gain":0,"player_choice":"Fight","damage_taken":0,"max_hp_gain":0,"max_hp_loss":0,"event_name":"MindBloom","floor":38,"gold_loss":0},{"damage_healed":0,"gold_gain":0,"player_choice":"Ignored","damage_taken":0,"max_hp_gain":0,"max_hp_loss":0,"event_name":"Tomb of Lord Red Mask","floor":39,"gold_loss":0}],"is_beta":true,"boss_relics":[{"not_picked":["Black Blood","Runic Pyramid"],"picked":"Philosopher\u0027s Stone"},{"not_picked":["Mark of Pain","Snecko Eye"],"picked":"Calling Bell"}],"items_purged_floors":[36],"is_endless":false,"potions_floor_spawned":[2,6,11,16,18,24,30],"killed_by":"Nemesis","ascension_level":12}