{"gold_per_floor":[113,38,3,3,22,22,54,65,65,65,77,98,108,139,139,218,218,230,230,249,5,22,51,51,51,81,81,81,113,113,127,127,127],"floor_reached":33,"playtime":675,"items_purged":["Defend_R","Defend_R"],"score":600,"play_id":"70684a27-25bf-4f66-a6d8-48eac2919f1c","local_time":"20190128190423","is_ascension_mode":true,"campfire_choices":[{"data":"Flex","floor":6,"key":"SMITH"},{"data":"Pummel","floor":15,"key":"SMITH"},{"data":"Infernal Blade","floor":25,"key":"SMITH"},{"data":"Immolate","floor":27,"key":"SMITH"},{"floor":30,"key":"REST"},{"floor":32,"key":"REST"}],"neow_cost":"NONE","seed_source_timestamp":735434982554306,"circlet_count":0,"master_deck":["AscendersBane","Strike_R","Strike_R","Strike_R","Strike_R","Strike_R","Defend_R","Bash","Clash","Flex+1","Feel No Pain+1","Cleave","Clash","Clash","Pummel+1","Immolate+1","Infernal Blade+1","Hemokinesis","Rupture","Thunderclap","Flex","Shrug It Off+1"],"relics":["Burning Blood","NeowsBlessing","Blue Candle","Meat on the Bone","Mummified Hand","Odd Mushroom","Ancient Tea Set","Cursed Key","Omamori","Du-Vu Doll","Tiny Chest","Pen Nib","Art of War"],"potions_floor_usage":[12,14,23,29,33],"damage_taken":[{"damage":0,"enemies":"Cultist","floor":1,"turns":1},{"damage":0,"enemies":"Jaw Worm","floor":5,"turns":1},{"damage":0,"enemies":"Gremlin Nob","floor":7,"turns":1},{"damage":1,"enemies":"2 Louse","floor":8,"turns":2},{"damage":0,"enemies":"Lots of Slimes","floor":11,"turns":1},{"damage":24,"enemies":"The Mushroom Lair","floor":12,"turns":4},{"damage":7,"enemies":"3 Louse","floor":13,"turns":4},{"damage":0,"enemies":"Lagavulin","floor":14,"turns":4},{"damage":57,"enemies":"Hexaghost","floor":16,"turns":9},{"damage":12,"enemies":"Chosen","floor":18,"turns":2},{"damage":4,"enemies":"3 Byrds","floor":20,"turns":3},{"damage":16,"enemies":"3 Cultists","floor":22,"turns":3},{"damage":31,"enemies":"Gremlin Leader","floor":23,"turns":4},{"damage":35,"enemies":"Book of Stabbing","floor":29,"turns":3},{"damage":36,"enemies":"Centurion and Healer","floor":31,"turns":3},{"damage":68,"enemies":"Champ","floor":33,"turns":6}],"seed_played":"5313842954171553828","potions_obtained":[{"floor":7,"key":"Regen Potion"},{"floor":8,"key":"SteroidPotion"},{"floor":13,"key":"Block Potion"},{"floor":14,"key":"Weak Potion"},{"floor":20,"key":"FearPotion"},{"floor":29,"key":"SneckoOil"}],"is_trial":false,"path_per_floor":["M","$","?","T","M","R","E","M","T","?","M","?","M","E","R","B",null,"M","?","M","$","M","E","?","R","T","R","?","E","R","M","R","B"],"character_chosen":"IRONCLAD","items_purchased":["Omamori"],"campfire_rested":2,"item_purchase_floors":[21],"current_hp_per_floor":[74,74,75,75,75,75,75,75,75,75,75,57,56,62,62,23,62,56,56,58,58,48,35,35,35,35,35,35,27,49,31,53,0],"gold":127,"neow_bonus":"THREE_ENEMY_KILL","is_prod":false,"is_daily":false,"chose_seed":false,"campfire_upgraded":4,"win_rate":0,"timestamp":1548720263,"path_taken":["M","$","?","?","?","R","E","M","T","?","?","?","M","E","R","BOSS","M","?","?","$","M","E","?","R","T","R","?","E","R","M","R","BOSS"],"build_version":"2019-01-23","purchased_purges":2,"victory":false,"max_hp_per_floor":[75,75,75,75,75,75,75,75,75,75,75,75,75,75,75,75,75,75,75,75,75,75,75,75,75,75,75,75,75,75,75,75,75],"card_choices":[{"not_picked":["True Grit","Anger"],"picked":"Clash","floor":1},{"not_picked":["Blood for Blood","Power Through"],"picked":"Flex","floor":5},{"not_picked":["Spot Weakness","Blood for Blood"],"picked":"Feel No Pain","floor":7},{"not_picked":["True Grit","Havoc"],"picked":"Cleave","floor":8},{"not_picked":["Ghostly Armor","Pummel","Disarm"],"picked":"SKIP","floor":11},{"not_picked":["Havoc","Iron Wave"],"picked":"Clash","floor":12},{"not_picked":["Anger","Pummel"],"picked":"Clash","floor":13},{"not_picked":["Body Slam","Searing Blow"],"picked":"Pummel","floor":14},{"not_picked":["Feed","Dark Embrace"],"picked":"Immolate","floor":16},{"not_picked":["Headbutt","Wild Strike"],"picked":"Infernal Blade","floor":18},{"not_picked":["Cleave","Perfected Strike"],"picked":"Rupture","floor":20},{"not_picked":["Uppercut","Havoc"],"picked":"Thunderclap","floor":22},{"not_picked":["Brutality","Dark Embrace","Armaments"],"picked":"SKIP","floor":23},{"not_picked":["Inflame","Sword Boomerang"],"picked":"Flex","floor":29},{"not_picked":["Twin Strike","Warcry"],"picked":"Shrug It Off+1","floor":31}],"player_experience":632795,"relics_obtained":[{"floor":4,"key":"Blue Candle"},{"floor":7,"key":"Meat on the Bone"},{"floor":9,"key":"Mummified Hand"},{"floor":12,"key":"Odd Mushroom"},{"floor":14,"key":"Ancient Tea Set"},{"floor":23,"key":"Du-Vu Doll"},{"floor":26,"key":"Tiny Chest"},{"floor":29,"key":"Art of War"}],"event_choices":[{"damage_healed":18,"gold_gain":0,"player_choice":"Healed","damage_taken":0,"max_hp_gain":0,"max_hp_loss":0,"event_name":"The Cleric","floor":3,"gold_loss":35},{"damage_healed":0,"gold_gain":0,"player_choice":"Upgraded","damage_taken":0,"max_hp_gain":0,"max_hp_loss":0,"event_name":"Upgrade Shrine","floor":10,"gold_loss":0,"cards_upgraded":["Feel No Pain"]},{"damage_healed":0,"gold_gain":0,"player_choice":"Fought Mushrooms","damage_taken":0,"max_hp_gain":0,"max_hp_loss":0,"event_name":"Mushrooms","floor":12,"gold_loss":0},{"damage_healed":0,"gold_gain":0,"cards_transformed":["Defend_R"],"player_choice":"Transformed","damage_taken":0,"max_hp_gain":0,"max_hp_loss":0,"event_name":"Transmorgrifier","floor":19,"gold_loss":0,"cards_obtained":["Hemokinesis"]},{"damage_healed":0,"gold_gain":0,"player_choice":"Ignored","damage_taken":0,"max_hp_gain":0,"max_hp_loss":0,"event_name":"Beggar","floor":24,"gold_loss":0},{"damage_healed":0,"gold_gain":0,"player_choice":"Opened","damage_taken":0,"relics_obtained":["Pen Nib"],"max_hp_gain":0,"max_hp_loss":0,"event_name":"The Mausoleum","floor":28,"gold_loss":0,"cards_obtained":["Writhe"]}],"is_beta":true,"boss_relics":[{"not_picked":["Mark of Pain","Runic Dome"],"picked":"Cursed Key"}],"items_purged_floors":[2,21],"is_endless":false,"potions_floor_spawned":[7,8,11,13,14,16,20,22,29],"killed_by":"Champ","ascension_level":15}