{"gold_per_floor":[115,290,304,322,322,351,351,368,668,684,703,722,722],"floor_reached":13,"playtime":755,"items_purged":[],"score":102,"play_id":"ff9fdd50-854d-4bc0-9eeb-11a4fe0da025","local_time":"20181106031110","is_ascension_mode":true,"campfire_choices":[{"floor":7,"key":"DIG"}],"neow_cost":"NONE","seed_source_timestamp":478067813233773,"circlet_count":0,"master_deck":["Strike_R","Strike_R","Strike_R","Strike_R","Strike_R","Defend_R","Defend_R","Defend_R","Defend_R","Bash","Limit Break","Heavy Blade","Shrug It Off","Flex","Pummel","Sword Boomerang","Flex","Reaper","Sentinel"],"relics":["Burning Blood","Shovel","Calipers","Old Coin"],"potions_floor_usage":[8,8,10,11,12,12],"damage_taken":[{"damage":23,"enemies":"Jaw Worm","floor":1,"turns":4},{"damage":0,"enemies":"Small Slimes","floor":3,"turns":3},{"damage":0,"enemies":"Cultist","floor":4,"turns":3},{"damage":51,"enemies":"3 Sentries","floor":6,"turns":13},{"damage":34,"enemies":"Exordium Thugs","floor":8,"turns":4},{"damage":4,"enemies":"Lots of Slimes","floor":10,"turns":2},{"damage":3,"enemies":"Blue Slaver","floor":11,"turns":2},{"damage":17,"enemies":"Gremlin Gang","floor":12,"turns":4},{"damage":23,"enemies":"Gremlin Nob","floor":13,"turns":3}],"seed_played":"-4412181518032878732","potions_obtained":[{"floor":6,"key":"EntropicBrew"},{"floor":8,"key":"Explosive Potion"},{"floor":11,"key":"PowerPotion"}],"is_trial":false,"path_per_floor":["M","?","M","M","?","E","R","M","T","M","M","M","E"],"character_chosen":"IRONCLAD","items_purchased":[],"campfire_rested":0,"item_purchase_floors":[],"current_hp_per_floor":[63,63,69,75,75,30,30,10,10,12,15,22,0],"gold":722,"neow_bonus":"ONE_RANDOM_RARE_CARD","is_prod":false,"is_daily":false,"chose_seed":false,"campfire_upgraded":0,"win_rate":0,"timestamp":1541491870,"path_taken":["M","?","M","M","?","E","R","M","T","M","M","?","E"],"build_version":"2018-11-01","purchased_purges":0,"victory":false,"max_hp_per_floor":[80,80,80,80,80,80,80,80,80,80,80,80,80],"card_choices":[{"not_picked":["Thunderclap","Flex"],"picked":"Heavy Blade","floor":1},{"not_picked":["Reckless Charge","Heavy Blade"],"picked":"Shrug It Off","floor":3},{"not_picked":["Searing Blow","Anger"],"picked":"Flex","floor":4},{"not_picked":["Flame Barrier","Perfected Strike"],"picked":"Pummel","floor":6},{"not_picked":["Cleave","Armaments"],"picked":"Sword Boomerang","floor":8},{"not_picked":["Sentinel","Rampage"],"picked":"Flex","floor":10},{"not_picked":["Thunderclap","Heavy Blade"],"picked":"Reaper","floor":11},{"not_picked":["Pommel Strike","Second Wind"],"picked":"Sentinel","floor":12}],"player_experience":228400,"relics_obtained":[{"floor":6,"key":"Shovel"},{"floor":7,"key":"Calipers"},{"floor":9,"key":"Old Coin"}],"event_choices":[{"damage_healed":0,"gold_gain":175,"player_choice":"AGREE","damage_taken":0,"max_hp_gain":0,"max_hp_loss":0,"event_name":"Liars Game","floor":2,"gold_loss":0,"cards_obtained":["Doubt"]},{"cards_removed":["Doubt"],"damage_healed":0,"gold_gain":0,"player_choice":"Forget","damage_taken":0,"max_hp_gain":0,"max_hp_loss":0,"event_name":"Living Wall","floor":5,"gold_loss":0}],"is_beta":false,"boss_relics":[],"items_purged_floors":[],"is_endless":false,"potions_floor_spawned":[6,8,11],"killed_by":"Gremlin Nob","ascension_level":3}