{"gold_per_floor":[109,122,122,47,47,47,75,88,113,128,128,128],"floor_reached":12,"playtime":291,"items_purged":["Strike_B"],"score":156,"play_id":"6200bbce-28a1-437e-b4d1-99afb52d2090","local_time":"20181108051252","is_ascension_mode":true,"campfire_choices":[{"data":"Tempest","floor":6,"key":"SMITH"}],"neow_cost":"PERCENT_DAMAGE","seed_source_timestamp":2608277375950,"circlet_count":0,"master_deck":["AscendersBane","Strike_B","Strike_B","Defend_B","Defend_B","Defend_B","Zap","Dualcast","Tempest+1","Capacitor","Defragment","Undo","Turbo"],"relics":["Cracked Core","Dream Catcher","Cables","Potion Belt","Bag of Preparation","Golden Idol"],"potions_floor_usage":[12],"damage_taken":[{"damage":1,"enemies":"Cultist","floor":1,"turns":3},{"damage":4,"enemies":"Small Slimes","floor":2,"turns":3},{"damage":30,"enemies":"Lagavulin","floor":7,"turns":5},{"damage":2,"enemies":"Jaw Worm","floor":8,"turns":3},{"damage":1,"enemies":"3 Louse","floor":10,"turns":2},{"damage":13,"enemies":"Gremlin Gang","floor":12,"turns":2}],"seed_played":"-6947490319654328868","potions_obtained":[{"floor":1,"key":"PowerPotion"},{"floor":10,"key":"Swift Potion"}],"is_trial":false,"path_per_floor":["M","M","T","$","?","R","E","M","T","M","?","M"],"character_chosen":"DEFECT","items_purchased":[],"campfire_rested":0,"item_purchase_floors":[],"current_hp_per_floor":[45,41,41,41,41,41,11,9,9,8,8,0],"gold":128,"neow_bonus":"REMOVE_TWO","is_prod":false,"is_daily":false,"chose_seed":false,"campfire_upgraded":1,"win_rate":0,"timestamp":1541671972,"path_taken":["M","M","?","$","?","R","E","M","T","?","?","M"],"build_version":"2018-11-07","purchased_purges":1,"victory":false,"max_hp_per_floor":[71,71,71,71,71,71,71,71,71,71,64,64],"card_choices":[{"not_picked":["Capacitor","Turbo"],"picked":"Tempest","floor":1},{"not_picked":["Tempest","FTL"],"picked":"Capacitor","floor":2},{"not_picked":["Stack","Coolheaded"],"picked":"Defragment","floor":7},{"not_picked":["Chaos","Rip and Tear"],"picked":"Undo","floor":8},{"not_picked":["Stack","Darkness"],"picked":"Turbo","floor":10}],"player_experience":557174,"relics_obtained":[{"floor":3,"key":"Dream Catcher"},{"floor":7,"key":"Potion Belt"},{"floor":9,"key":"Bag of Preparation"}],"event_choices":[{"damage_healed":0,"gold_gain":0,"player_choice":"Gave Potion","damage_taken":0,"relics_obtained":["Cables"],"max_hp_gain":0,"max_hp_loss":0,"event_name":"WeMeetAgain","floor":5,"gold_loss":0},{"damage_healed":0,"gold_gain":0,"player_choice":"Lose Max HP","damage_taken":0,"relics_obtained":["Golden Idol"],"max_hp_gain":0,"max_hp_loss":7,"event_name":"Golden Idol","floor":11,"gold_loss":0}],"is_beta":true,"boss_relics":[],"items_purged_floors":[4],"is_endless":false,"potions_floor_spawned":[1,10],"killed_by":"Gremlin Gang","ascension_level":20}