{"gold_per_floor":[118,118,136,236,252,252,270,24,77,89,89,105,126,140,140,268,268,286,286,211,235,251,251,267,267,267,267,290,329,39,83,83,83],"floor_reached":33,"playtime":12117,"items_purged":[],"score":365,"play_id":"a4dc001c-b6c6-4906-90f4-46e0b4b868c9","local_time":"20190105210612","is_ascension_mode":true,"campfire_choices":[{"data":"Neutralize","floor":6,"key":"SMITH"},{"data":"Footwork","floor":15,"key":"SMITH"},{"floor":23,"key":"RECALL"},{"floor":25,"key":"REST"},{"data":"Cloak And Dagger","floor":27,"key":"SMITH"},{"floor":32,"key":"REST"}],"neow_cost":"NONE","seed_source_timestamp":171178383193260,"circlet_count":0,"master_deck":["Defend_G","Defend_G","Defend_G","Defend_G","Strike_G","Strike_G","Strike_G","Strike_G","Survivor","Neutralize+1","Cloak And Dagger+1","Backstab","Tactician","Die Die Die","Prepared+1","Blur+1","Footwork+1","Malaise+1","Backflip+1","Blade Dance+1","Dodge and Roll+1","Blade Dance+1","Crippling Poison+1","Bullet Time+1","Acrobatics+1"],"relics":["Ring of the Snake","Toxic Egg 2","Lantern","Golden Idol","Sozu","Regal Pillow","Molten Egg 2","Red Mask","Unceasing Top","Juzu Bracelet"],"potions_floor_usage":[16,31,33],"damage_taken":[{"damage":0,"enemies":"2 Louse","floor":1,"turns":4},{"damage":0,"enemies":"Cultist","floor":3,"turns":5},{"damage":1,"enemies":"Jaw Worm","floor":5,"turns":6},{"damage":15,"enemies":"Exordium Thugs","floor":7,"turns":6},{"damage":3,"enemies":"Looter","floor":10,"turns":3},{"damage":0,"enemies":"Large Slime","floor":12,"turns":8},{"damage":0,"enemies":"3 Louse","floor":13,"turns":3},{"damage":0,"enemies":"2 Fungi Beasts","floor":14,"turns":4},{"damage":1,"enemies":"The Guardian","floor":16,"turns":19},{"damage":1,"enemies":"3 Byrds","floor":18,"turns":10},{"damage":1,"enemies":"Shell Parasite","floor":21,"turns":14},{"damage":6,"enemies":"Centurion and Healer","floor":22,"turns":17},{"damage":20,"enemies":"Cultist and Chosen","floor":24,"turns":13},{"damage":19,"enemies":"3 Cultists","floor":28,"turns":8},{"damage":25,"enemies":"Masked Bandits","floor":29,"turns":5},{"damage":9,"enemies":"Gremlin Leader","floor":31,"turns":12},{"damage":46,"enemies":"Collector","floor":33,"turns":11}],"seed_played":"-1298969277500371072","potions_obtained":[{"floor":1,"key":"SpeedPotion"},{"floor":2,"key":"SpeedPotion"},{"floor":2,"key":"LiquidBronze"},{"floor":2,"key":"SmokeBomb"},{"floor":3,"key":"Swift Potion"},{"floor":14,"key":"SkillPotion"},{"floor":16,"key":"PowerPotion"}],"is_trial":false,"path_per_floor":["M","?","M","?","M","R","M","$","T","M","?","M","M","M","R","B",null,"M","?","?","M","M","R","M","R","T","R","M","?","$","E","R","B"],"character_chosen":"THE_SILENT","items_purchased":["Toxic Egg 2","Unceasing Top"],"campfire_rested":2,"item_purchase_floors":[8,30],"current_hp_per_floor":[63,63,63,63,62,62,47,47,47,44,44,44,44,44,44,43,60,59,59,59,58,52,52,32,65,65,65,46,21,21,12,46,0],"gold":83,"neow_bonus":"REMOVE_CARD","is_prod":false,"is_daily":false,"chose_seed":false,"campfire_upgraded":3,"win_rate":0,"timestamp":1546718772,"path_taken":["M","?","?","?","M","R","M","?","T","M","?","M","M","M","R","BOSS","M","?","?","M","M","R","M","R","T","R","M","?","?","E","R","BOSS"],"build_version":"2019-01-03v4","purchased_purges":0,"victory":false,"max_hp_per_floor":[70,70,70,70,70,70,70,70,70,70,65,65,65,65,65,65,65,65,65,65,65,65,65,65,65,65,65,65,65,65,65,65,65],"card_choices":[{"not_picked":["Distraction","Deadly Poison","Dagger Spray"],"picked":"SKIP","floor":1},{"not_picked":["Dodge and Roll","Deflect"],"picked":"Cloak And Dagger","floor":3},{"not_picked":["Outmaneuver","Slice"],"picked":"Backstab","floor":5},{"not_picked":["Flying Knee","Prepared"],"picked":"Tactician","floor":7},{"not_picked":["Prepared+1","Blur+1"],"picked":"Die Die Die","floor":10},{"not_picked":["Deflect+1","All Out Attack"],"picked":"Prepared+1","floor":12},{"not_picked":["Bane","Blade Dance+1"],"picked":"Blur+1","floor":13},{"not_picked":["Bane","Quick Slash"],"picked":"Footwork","floor":14},{"not_picked":["Unload","Storm of Steel+1"],"picked":"Malaise+1","floor":16},{"not_picked":["Acrobatics+1","Flying Knee"],"picked":"Backflip+1","floor":18},{"not_picked":["Choke","Quick Slash+1"],"picked":"Blade Dance+1","floor":21},{"not_picked":["PiercingWail+1","Poisoned Stab"],"picked":"Dodge and Roll+1","floor":22},{"not_picked":["Dagger Throw","Flying Knee"],"picked":"Blade Dance+1","floor":24},{"not_picked":["Dodge and Roll+1","Blade Dance+1"],"picked":"Crippling Poison+1","floor":28},{"not_picked":["Deflect+1","Riddle With Holes+1"],"picked":"Bullet Time+1","floor":29},{"not_picked":["Quick Slash+1","Dagger Spray+1"],"picked":"Acrobatics+1","floor":31}],"player_experience":229794,"relics_obtained":[{"floor":9,"key":"Lantern"},{"floor":26,"key":"Molten Egg 2"},{"floor":29,"key":"Red Mask"},{"floor":31,"key":"Juzu Bracelet"}],"event_choices":[{"damage_healed":0,"gold_gain":0,"player_choice":"Got Potions","damage_taken":0,"max_hp_gain":0,"max_hp_loss":0,"event_name":"Lab","floor":2,"gold_loss":0},{"damage_healed":0,"gold_gain":100,"player_choice":"Gold","damage_taken":0,"max_hp_gain":0,"max_hp_loss":0,"event_name":"Wheel of Change","floor":4,"gold_loss":0},{"damage_healed":0,"gold_gain":0,"player_choice":"Lose Max HP","damage_taken":0,"relics_obtained":["Golden Idol"],"max_hp_gain":0,"max_hp_loss":5,"event_name":"Golden Idol","floor":11,"gold_loss":0},{"damage_healed":0,"gold_gain":0,"player_choice":"Opened","damage_taken":0,"relics_obtained":["Regal Pillow"],"max_hp_gain":0,"max_hp_loss":0,"event_name":"The Mausoleum","floor":19,"gold_loss":0},{"cards_removed":["Defend_G"],"damage_healed":0,"gold_gain":0,"player_choice":"Gave Gold","damage_taken":0,"max_hp_gain":0,"max_hp_loss":0,"event_name":"Beggar","floor":20,"gold_loss":75},{"damage_healed":0,"gold_gain":0,"player_choice":"Fought Bandits","damage_taken":0,"max_hp_gain":0,"max_hp_loss":0,"event_name":"Masked Bandits","floor":29,"gold_loss":0}],"is_beta":false,"boss_relics":[{"not_picked":["Tiny House","Fusion Hammer"],"picked":"Sozu"}],"items_purged_floors":[],"is_endless":false,"potions_floor_spawned":[1,3,14,16,18,24,29],"killed_by":"Collector","ascension_level":8}