{"gold_per_floor":[118,118,193,193,212,212,239,239,239,239,272,272,302,329,329,433,433,452,452,469,166,166,166,200,200,200,200,234,244,5,5,5,5],"floor_reached":33,"playtime":862,"items_purged":["Strike_G+1","Injury"],"score":400,"play_id":"3c3c2d2f-9904-412d-94f9-5d48bba78e86","local_time":"20190201233822","is_ascension_mode":true,"campfire_choices":[{"data":"Neutralize","floor":6,"key":"SMITH"},{"floor":8,"key":"DIG"},{"floor":12,"key":"DIG"},{"floor":15,"key":"REST"},{"floor":23,"key":"REST"},{"floor":25,"key":"DIG"},{"floor":32,"key":"REST"}],"neow_cost":"NONE","seed_source_timestamp":1120216470014000,"circlet_count":0,"master_deck":["Defend_G+1","Defend_G+1","Defend_G+1","Defend_G+1","Defend_G+1","Strike_G+1","Strike_G+1","Strike_G+1","Survivor","Neutralize+1","Poisoned Stab+1","Catalyst","Die Die Die","Crippling Poison","Catalyst+1","Deadly Poison","Apotheosis"],"relics":["Ring of the Snake","NeowsBlessing","Shovel","Snake Skull","Bottled Lightning","Pen Nib","Lantern","Sundial","Bottled Flame","Bronze Scales","Cursed Key","Sling","Ornamental Fan","Blue Candle","Smiling Mask","Dodecahedron"],"potions_floor_usage":[11,28,28],"damage_taken":[{"damage":0,"enemies":"2 Louse","floor":1,"turns":1},{"damage":0,"enemies":"Small Slimes","floor":5,"turns":1},{"damage":0,"enemies":"3 Sentries","floor":7,"turns":1},{"damage":4,"enemies":"Lagavulin","floor":11,"turns":7},{"damage":37,"enemies":"3 Sentries","floor":13,"turns":14},{"damage":21,"enemies":"The Guardian","floor":16,"turns":10},{"damage":22,"enemies":"Spheric Guardian","floor":18,"turns":5},{"damage":6,"enemies":"Shell Parasite","floor":20,"turns":4},{"damage":5,"enemies":"Gremlin Leader","floor":24,"turns":4},{"damage":10,"enemies":"Book of Stabbing","floor":28,"turns":4},{"damage":27,"enemies":"Sentry and Sphere","floor":29,"turns":5},{"damage":32,"enemies":"Collector","floor":33,"turns":3}],"seed_played":"-7764006046221943091","potions_obtained":[{"floor":1,"key":"PowerPotion"},{"floor":5,"key":"SteroidPotion"},{"floor":18,"key":"SpeedPotion"}],"is_trial":false,"path_per_floor":["M","?","?","?","M","R","E","R","T","?","E","R","E","T","R","B",null,"M","?","M","$","?","R","E","R","T","?","E","M","$","?","R","B"],"character_chosen":"THE_SILENT","items_purchased":["Crippling Poison","Sling","Apotheosis"],"campfire_rested":3,"item_purchase_floors":[21,21,30],"current_hp_per_floor":[70,70,59,59,59,59,59,59,59,56,52,52,15,15,36,15,56,34,34,28,28,28,49,44,44,44,44,34,7,7,7,28,0],"gold":5,"neow_bonus":"THREE_ENEMY_KILL","is_prod":false,"is_daily":false,"chose_seed":false,"campfire_upgraded":1,"win_rate":0,"timestamp":1549060702,"path_taken":["M","?","?","?","?","R","E","R","T","?","E","R","E","?","R","BOSS","M","?","M","$","?","R","E","R","T","?","E","M","$","?","R","BOSS"],"build_version":"2019-01-23","purchased_purges":2,"victory":false,"max_hp_per_floor":[70,70,70,70,70,70,70,70,70,70,70,70,70,70,70,70,70,70,70,70,70,70,70,70,70,70,70,70,70,70,70,70,70],"card_choices":[{"not_picked":["All Out Attack","Concentrate"],"picked":"Poisoned Stab","floor":1},{"not_picked":["Sucker Punch","Flying Knee","Tactician"],"picked":"SKIP","floor":5},{"not_picked":["Cloak And Dagger","Acrobatics","Outmaneuver"],"picked":"SKIP","floor":7},{"not_picked":["Terror","Choke","Endless Agony"],"picked":"SKIP","floor":11},{"not_picked":["Blade Dance","Deflect"],"picked":"Catalyst","floor":13},{"not_picked":["After Image","Venomology"],"picked":"Die Die Die","floor":16},{"not_picked":["PiercingWail","Acrobatics","Riddle With Holes+1"],"picked":"SKIP","floor":18},{"not_picked":["Setup","Expertise","Endless Agony"],"picked":"SKIP","floor":20},{"not_picked":["Slice","Concentrate","Backflip"],"picked":"SKIP","floor":24},{"not_picked":["Bane","Footwork"],"picked":"Catalyst+1","floor":28},{"not_picked":["Eviscerate+1","Accuracy"],"picked":"Deadly Poison","floor":29}],"player_experience":855446,"relics_obtained":[{"floor":7,"key":"Shovel"},{"floor":8,"key":"Snake Skull"},{"floor":9,"key":"Bottled Lightning"},{"floor":11,"key":"Lantern"},{"floor":12,"key":"Sundial"},{"floor":13,"key":"Bottled Flame"},{"floor":14,"key":"Bronze Scales"},{"floor":24,"key":"Ornamental Fan"},{"floor":25,"key":"Blue Candle"},{"floor":28,"key":"Dodecahedron"}],"event_choices":[{"damage_healed":0,"gold_gain":0,"player_choice":"Grow","damage_taken":0,"max_hp_gain":0,"max_hp_loss":0,"event_name":"Living Wall","floor":2,"gold_loss":0,"cards_upgraded":["Poisoned Stab"]},{"damage_healed":0,"gold_gain":75,"player_choice":"Gather Gold","damage_taken":11,"max_hp_gain":0,"max_hp_loss":0,"event_name":"World of Goop","floor":3,"gold_loss":0},{"cards_removed":["Strike_G"],"damage_healed":0,"gold_gain":0,"player_choice":"Offered Basic","damage_taken":0,"max_hp_gain":0,"max_hp_loss":0,"event_name":"Bonfire Elementals","floor":4,"gold_loss":0},{"damage_healed":0,"gold_gain":0,"player_choice":"Success","damage_taken":3,"relics_obtained":["Pen Nib"],"max_hp_gain":0,"max_hp_loss":0,"event_name":"Scrap Ooze","floor":10,"gold_loss":0},{"damage_healed":0,"gold_gain":0,"player_choice":"Simplicity","damage_taken":0,"max_hp_gain":0,"max_hp_loss":0,"event_name":"Back to Basics","floor":19,"gold_loss":0,"cards_upgraded":["Defend_G","Defend_G","Defend_G","Defend_G","Defend_G","Strike_G","Strike_G","Strike_G","Strike_G"]},{"damage_healed":0,"gold_gain":0,"player_choice":"Ignored","damage_taken":0,"max_hp_gain":0,"max_hp_loss":0,"event_name":"Ghosts","floor":22,"gold_loss":0},{"damage_healed":0,"gold_gain":0,"player_choice":"Opened","damage_taken":0,"relics_obtained":["Smiling Mask"],"max_hp_gain":0,"max_hp_loss":0,"event_name":"The Mausoleum","floor":27,"gold_loss":0},{"damage_healed":0,"gold_gain":0,"player_choice":"Ignored","damage_taken":0,"max_hp_gain":0,"max_hp_loss":0,"event_name":"Vampires","floor":31,"gold_loss":0}],"is_beta":false,"boss_relics":[{"not_picked":["HoveringKite","Snecko Eye"],"picked":"Cursed Key"}],"items_purged_floors":[21,30],"is_endless":false,"potions_floor_spawned":[1,5,18],"killed_by":"Collector","ascension_level":5}