{"gold_per_floor":[414,46,63,82,102,102,130,141,141,141,141,141,141,154,154,249,249,260,270,270,66,66,66,91,91,91,91,91],"floor_reached":28,"playtime":2468,"items_purged":["Strike_B"],"score":288,"play_id":"371dff2b-af70-4119-b69f-fff38d0ff894","local_time":"20180625010143","is_ascension_mode":false,"campfire_choices":[{"data":"Hologram","floor":6,"key":"SMITH"},{"floor":10,"key":"REST"},{"floor":15,"key":"REST"},{"data":"Creative AI","floor":23,"key":"SMITH"},{"data":"Double Energy","floor":25,"key":"SMITH"},{"data":"Zap","floor":27,"key":"SMITH"}],"neow_cost":"FIFTY_PERCENT_DAMAGE","seed_source_timestamp":583646675276138,"circlet_count":0,"master_deck":["Strike_B","Strike_B","Strike_B","Defend_B","Defend_B","Defend_B","Defend_B","Zap+1","Dualcast","Hologram+1","FTL","Steam","Genetic Algorithm","Gash","Defragment","Creative AI+1","Gash","Redo","Compile Driver","All For One","Streamline","Hologram","Gash","Self Repair","Ghostly","Ghostly","Ghostly","Ghostly","Ghostly","Double Energy+1"],"relics":["Cracked Core","Old Coin","Shuriken","Pen Nib","Bottled Tornado","Dream Catcher","Runic Pyramid","Sundial","Torii"],"potions_floor_usage":[20,20],"damage_taken":[{"damage":1,"enemies":"Cultist","floor":1,"turns":3},{"damage":3,"enemies":"2 Louse","floor":3,"turns":2},{"damage":1,"enemies":"Jaw Worm","floor":4,"turns":4},{"damage":10,"enemies":"Large Slime","floor":5,"turns":6},{"damage":17,"enemies":"Lagavulin","floor":7,"turns":6},{"damage":5,"enemies":"2 Fungi Beasts","floor":8,"turns":4},{"damage":0,"enemies":"3 Louse","floor":14,"turns":3},{"damage":25,"enemies":"Hexaghost","floor":16,"turns":8},{"damage":0,"enemies":"Chosen","floor":18,"turns":4},{"damage":23,"enemies":"Shell Parasite","floor":19,"turns":5},{"damage":34,"enemies":"Centurion and Healer","floor":20,"turns":8},{"damage":0,"enemies":"Book of Stabbing","floor":24,"turns":7},{"damage":31,"enemies":"Cultist and Chosen","floor":28,"turns":4}],"seed_played":"-9212355919502550692","potions_obtained":[{"floor":3,"key":"SmokeBomb"},{"floor":8,"key":"FocusPotion"},{"floor":16,"key":"Fire Potion"},{"floor":19,"key":"FocusPotion"},{"floor":24,"key":"FocusPotion"}],"is_trial":false,"path_per_floor":["M","$","M","M","M","R","E","M","T","R","?","?","?","M","R","B",null,"M","M","M","$","?","R","E","R","T","R"],"character_chosen":"DEFECT","items_purchased":["FTL","Steam","Shuriken","Gash","Self Repair"],"campfire_rested":2,"item_purchase_floors":[2,2,2,21,21],"current_hp_per_floor":[37,37,34,33,23,23,6,1,1,23,16,34,34,34,55,30,72,72,49,15,15,15,15,22,22,22,22,0],"gold":91,"neow_bonus":"ONE_RARE_RELIC","is_prod":false,"is_daily":false,"chose_seed":false,"campfire_upgraded":4,"win_rate":0.0,"timestamp":1529902903,"path_taken":["M","$","M","M","M","R","E","M","T","R","?","?","?","?","R","BOSS","M","?","M","$","?","R","E","R","T","R","M"],"build_version":"2018-06-21v2","purchased_purges":1,"victory":false,"max_hp_per_floor":[75,75,75,75,75,75,75,75,75,75,75,75,72,72,72,72,72,72,72,72,72,36,36,36,36,36,36,36],"card_choices":[{"not_picked":["Coolheaded","Go for the Eyes"],"picked":"Hologram","floor":1},{"not_picked":["Force Field","Sweeping Beam"],"picked":"Genetic Algorithm","floor":3},{"not_picked":["Force Field","Compile Driver"],"picked":"Gash","floor":4},{"not_picked":["Reprogram","Steam"],"picked":"Defragment","floor":5},{"not_picked":["Ball Lightning","Go for the Eyes"],"picked":"Creative AI","floor":7},{"not_picked":["Barrage","Genetic Algorithm"],"picked":"Gash","floor":8},{"not_picked":["Static Discharge","Lockon"],"picked":"Redo","floor":14},{"not_picked":["Hologram","Aggregate"],"picked":"Compile Driver","floor":15},{"not_picked":["Electrodynamics","Seek"],"picked":"All For One","floor":16},{"not_picked":["Leap","Hello World"],"picked":"Streamline","floor":18},{"not_picked":["Loop","Tempest+1"],"picked":"Hologram","floor":19},{"not_picked":["Reinforced Body","Rip and Tear"],"picked":"Double Energy","floor":24}],"player_experience":8504,"relics_obtained":[{"floor":7,"key":"Pen Nib"},{"floor":9,"key":"Bottled Tornado"},{"floor":24,"key":"Sundial"},{"floor":26,"key":"Torii"}],"event_choices":[{"event_name":"Scrap Ooze","player_choice":"success","floor":11,"damage_taken":7},{"event_name":"Mushrooms","player_choice":"Healed and dodged fight","floor":12,"damage_taken":0},{"event_name":"Purifier","player_choice":"One Purge","floor":13,"damage_taken":0},{"event_name":"Ghosts","player_choice":"Became a Ghost","floor":22,"damage_taken":0}],"boss_relics":[{"not_picked":["Tiny House","Snecko Eye"],"picked":"Runic Pyramid"}],"items_purged_floors":[21],"is_endless":false,"potions_floor_spawned":[3,8,16,19,24],"killed_by":"Cultist and Chosen","ascension_level":0}