{"gold_per_floor":[113,124,12,12,29,29,54,54,54,65,92,111,32,63,63,161,161,173,173,173,173,185,185,196,216,216,216,216,226,249,17,17,116,116,126,2,50,68,68,98,112,112,112,138,138,152,169,169,169,169,169,169,58,85,85],"floor_reached":55,"playtime":1590,"items_purged":["Decay","Zap"],"score":814,"play_id":"1eeda301-2c5a-4706-80e7-4a97c88baf7c","local_time":"20181118122210","is_ascension_mode":true,"campfire_choices":[{"data":"Doom and Gloom","floor":6.0,"key":"SMITH"},{"data":"Storm","floor":8.0,"key":"SMITH"},{"floor":15.0,"key":"REST"},{"floor":23.0,"key":"RECALL"},{"floor":28.0,"key":"REST"},{"floor":32.0,"key":"REST"},{"floor":42.0,"key":"REST"},{"floor":49.0,"key":"REST"},{"floor":52.0,"key":"REST"}],"neow_cost":"CURSE","seed_source_timestamp":410898398545125,"circlet_count":0,"master_deck":["Strike_B","Strike_B","Defend_B","Defend_B","Dualcast","Cold Snap","Conserve Battery","Doom and Gloom+1","Storm+1","Capacitor","Auto Shields","Rip and Tear","Leap","Loop","Barrage","Creative AI","Self Repair","Storm+1","Barrage","Stack","Force Field","Turbo","Reinforced Body","Conserve Battery+1","Storm+1","Seek","Self Repair+1","Force Field","Loop+1","Zap","Discovery","Static Discharge+1"],"special_seed":0,"relics":["Cracked Core","Emotion Chip","Pantograph","Incense Burner","Bag of Marbles","Fusion Hammer","Dodecahedron","The Courier","Omamori","Frozen Egg 2","Sozu","Art of War","Turnip","Calipers","Singing Bowl","Pen Nib","Molten Egg 2"],"potions_floor_usage":[55],"damage_taken":[{"damage":0.0,"enemies":"2 Louse","floor":1.0,"turns":2.0},{"damage":0.0,"enemies":"Cultist","floor":2.0,"turns":3.0},{"damage":0.0,"enemies":"Small Slimes","floor":5.0,"turns":2.0},{"damage":21.0,"enemies":"3 Sentries","floor":7.0,"turns":5.0},{"damage":6.0,"enemies":"Exordium Wildlife","floor":10.0,"turns":3.0},{"damage":3.0,"enemies":"Gremlin Nob","floor":11.0,"turns":3.0},{"damage":10.0,"enemies":"Blue Slaver","floor":12.0,"turns":3.0},{"damage":6.0,"enemies":"Lagavulin","floor":14.0,"turns":6.0},{"damage":0.0,"enemies":"Slime Boss","floor":16.0,"turns":7.0},{"damage":10.0,"enemies":"Chosen","floor":18.0,"turns":3.0},{"damage":10.0,"enemies":"3 Byrds","floor":22.0,"turns":3.0},{"damage":0.0,"enemies":"3 Cultists","floor":24.0,"turns":3.0},{"damage":10.0,"enemies":"Snake Plant","floor":25.0,"turns":4.0},{"damage":0.0,"enemies":"Centurion and Healer","floor":29.0,"turns":5.0},{"damage":4.0,"enemies":"Collector","floor":33.0,"turns":7.0},{"damage":3.0,"enemies":"3 Shapes","floor":35.0,"turns":3.0},{"damage":30.0,"enemies":"2 Orb Walkers","floor":37.0,"turns":4.0},{"damage":32.0,"enemies":"3 Darklings","floor":38.0,"turns":4.0},{"damage":12.0,"enemies":"Reptomancer","floor":40.0,"turns":5.0},{"damage":3.0,"enemies":"Writhing Mass","floor":41.0,"turns":5.0},{"damage":7.0,"enemies":"Nemesis","floor":44.0,"turns":5.0},{"damage":12.0,"enemies":"Maw","floor":46.0,"turns":6.0},{"damage":11.0,"enemies":"4 Shapes","floor":47.0,"turns":4.0},{"damage":46.0,"enemies":"Donu and Deca","floor":50.0,"turns":6.0},{"damage":26.0,"enemies":"Shield and Spear","floor":54.0,"turns":5.0},{"damage":80,"enemies":"The Heart","floor":55,"turns":6}],"seed_played":"-4528641912204601651","potions_obtained":[{"floor":7.0,"key":"Explosive Potion"},{"floor":10.0,"key":"Energy Potion"},{"floor":14.0,"key":"Explosive Potion"},{"floor":18.0,"key":"Regen Potion"},{"floor":24.0,"key":"Weak Potion"},{"floor":29.0,"key":"FocusPotion"}],"is_trial":false,"path_per_floor":["M","M","$","?","M","R","E","R","T","M","E","M","$","E","R","B",null,"M","?","T","?","M","R","M","M","T","?","R","M","T","$","R","B",null,"M","$","?","M","?","E","M","R","T","E","?","M","M","?","R","B",null,"R","$","E","B"],"character_chosen":"DEFECT","items_purchased":["Doom and Gloom","Loop","Frozen Egg 2","Storm+1","Art of War","Static Discharge+1"],"campfire_rested":6,"item_purchase_floors":[3,13,31,31,36,53],"current_hp_per_floor":[75,75,75,75,75,75,54,54,54,48,45,35,35,29,51,75,75,65,65,65,65,64,64,71,68,68,68,75,75,75,75,75,75,75,75,75,52,20,20,15,22,44,44,46,65,79,75,75,79,50,79,79,79,55,0],"gold":85,"neow_bonus":"ONE_RARE_RELIC","is_prod":false,"is_daily":false,"chose_seed":false,"campfire_upgraded":2,"win_rate":0,"timestamp":1542561730,"path_taken":["M","M","$","?","?","R","E","R","T","M","E","M","$","E","R","BOSS","M","?","?","?","?","R","M","M","T","?","R","M","?","$","R","BOSS","M","$","?","M","?","E","M","R","T","E","?","M","M","?","R","BOSS","R","$","E","BOSS"],"build_version":"2018-11-15","purchased_purges":2,"victory":false,"max_hp_per_floor":[75,75,75,75,75,75,75,75,75,75,75,75,75,75,75,75,75,75,75,75,75,75,75,75,75,75,75,75,75,75,75,75,75,75,75,75,75,75,75,75,75,75,75,77,77,79,79,79,79,79,79,79,79,81,81],"card_choices":[{"not_picked":["Steam","Beam Cell"],"picked":"Cold Snap","floor":1.0},{"not_picked":["Go for the Eyes","Steam"],"picked":"Conserve Battery","floor":2.0},{"not_picked":["Hello World","Fusion"],"picked":"Storm","floor":5.0},{"not_picked":["Redo","Conserve Battery"],"picked":"Capacitor","floor":7.0},{"not_picked":["Steam","Hologram"],"picked":"Auto Shields","floor":10.0},{"not_picked":["Genetic Algorithm","Ball Lightning"],"picked":"Rip and Tear","floor":11.0},{"not_picked":["Scrape","Hyperbeam"],"picked":"Leap","floor":12.0},{"not_picked":["Fusion","FTL"],"picked":"Barrage","floor":14.0},{"not_picked":["Meteor Strike","Multi-Cast"],"picked":"Creative AI","floor":16.0},{"not_picked":["Go for the Eyes","Cold Snap"],"picked":"Self Repair","floor":18.0},{"not_picked":["Cold Snap","Tempest"],"picked":"Barrage","floor":22.0},{"not_picked":["Aggregate","Coolheaded"],"picked":"Stack","floor":24.0},{"not_picked":["Doom and Gloom+1","Scrape"],"picked":"Force Field","floor":25.0},{"not_picked":["Leap","Compile Driver+1"],"picked":"Conserve Battery+1","floor":29.0},{"not_picked":["Multi-Cast","All For One"],"picked":"Seek","floor":33.0},{"not_picked":["Ball Lightning+1","Hologram","Double Energy"],"picked":"SKIP","floor":35.0},{"not_picked":["Beam Cell","Turbo","Gash"],"picked":"SKIP","floor":38.0},{"not_picked":["Steam Power","FTL+1"],"picked":"Self Repair+1","floor":40.0},{"not_picked":["Redo+1","Turbo+1"],"picked":"Force Field","floor":41.0},{"not_picked":["Redo+1","Core Surge","Rainbow"],"picked":"Singing Bowl","floor":44.0},{"not_picked":["Genetic Algorithm+1","Skim+1","Hologram"],"picked":"Singing Bowl","floor":46.0},{"not_picked":["Steam+1","Hologram+1"],"picked":"Loop+1","floor":47.0},{"not_picked":["Steam","Steam Power+1","Conserve Battery+1"],"picked":"Singing Bowl","floor":54.0}],"player_experience":563086,"relics_obtained":[{"floor":7.0,"key":"Pantograph"},{"floor":11.0,"key":"Incense Burner"},{"floor":14.0,"key":"Bag of Marbles"},{"floor":20.0,"key":"Dodecahedron"},{"floor":26.0,"key":"The Courier"},{"floor":30.0,"key":"Omamori"},{"floor":37.0,"key":"Turnip"},{"floor":40.0,"key":"Calipers"},{"floor":43.0,"key":"Singing Bowl"},{"floor":44.0,"key":"Pen Nib"},{"floor":54.0,"key":"Molten Egg 2"}],"event_choices":[{"cards_removed":["Defend_B"],"damage_healed":0.0,"max_hp_gain":0.0,"max_hp_loss":0.0,"gold_gain":0.0,"event_name":"Bonfire Elementals","player_choice":"Offered Basic","floor":4.0,"gold_loss":0.0,"damage_taken":0.0},{"damage_healed":0.0,"max_hp_gain":0.0,"max_hp_loss":0.0,"gold_gain":0.0,"event_name":"Ghosts","player_choice":"Ignored","floor":19.0,"gold_loss":0.0,"damage_taken":0.0},{"damage_healed":0.0,"max_hp_gain":0.0,"max_hp_loss":0.0,"gold_gain":0.0,"event_name":"Duplicator","player_choice":"Copied","floor":21.0,"gold_loss":0.0,"damage_taken":0.0,"cards_obtained":["Storm"]},{"damage_healed":0.0,"max_hp_gain":0.0,"max_hp_loss":0.0,"gold_gain":0.0,"cards_transformed":["Strike_B","Strike_B"],"event_name":"Drug Dealer","player_choice":"Became Test Subject","floor":27.0,"gold_loss":0.0,"damage_taken":0.0,"cards_obtained":["Turbo","Reinforced Body"]},{"damage_healed":0.0,"max_hp_gain":0.0,"max_hp_loss":0.0,"gold_gain":0.0,"event_name":"Mysterious Sphere","player_choice":"Fight","floor":37.0,"gold_loss":0.0,"damage_taken":0.0},{"cards_removed":["Defend_B"],"damage_healed":0.0,"max_hp_gain":0.0,"max_hp_loss":0.0,"gold_gain":0.0,"event_name":"Falling","player_choice":"Removed Skill","floor":39.0,"gold_loss":0.0,"damage_taken":0.0},{"damage_healed":19.0,"max_hp_gain":0.0,"max_hp_loss":0.0,"gold_gain":0.0,"event_name":"Winding Halls","player_choice":"Writhe","floor":45.0,"gold_loss":0.0,"damage_taken":0.0,"cards_obtained":["Writhe"]},{"damage_healed":0.0,"max_hp_gain":0.0,"max_hp_loss":0.0,"gold_gain":0.0,"event_name":"Match and Keep!","player_choice":"2 cards matched","floor":48.0,"gold_loss":0.0,"damage_taken":0.0,"cards_obtained":["Zap","Discovery"]}],"is_beta":true,"boss_relics":[{"not_picked":["Calling Bell","Cursed Key"],"picked":"Fusion Hammer"},{"not_picked":["Orrery","Runic Dome"],"picked":"Sozu"}],"items_purged_floors":[3,53],"is_endless":false,"potions_floor_spawned":[7,10,14,18,24,29,35,44,47],"killed_by":"The Heart","ascension_level":1}