{"gold_per_floor":[112,37,37,54,71,71,97,111,111,111,111,111,145,163,163,264,264,283,295,295,295,311,311,345,98,176,2,2,2,2],"floor_reached":30,"playtime":1229,"items_purged":["Strike_B","Strike_B"],"score":307,"play_id":"c7ab19cd-f194-4705-a6c2-7553092b263e","local_time":"20181112003455","is_ascension_mode":true,"campfire_choices":[{"data":"Zap","floor":6,"key":"SMITH"},{"data":"Lockon","floor":12,"key":"SMITH"},{"floor":15,"key":"REST"},{"data":"Sunder","floor":23,"key":"SMITH"}],"neow_cost":"NONE","seed_source_timestamp":986631629111594,"circlet_count":0,"master_deck":["Strike_B","Strike_B+1","Defend_B","Defend_B","Defend_B+1","Defend_B","Zap+1","Dualcast+1","Blizzard","Sweeping Beam","Lockon+1","Compile Driver","Sunder+1","Rip and Tear","Leap","Rainbow","Coolheaded+1","Rebound","Writhe","Coolheaded+1","Hologram+1","Chaos","Capacitor","Defragment","Shame"],"relics":["Cracked Core","NeowsBlessing","Pear","Meat on the Bone","Singing Bowl","Philosopher\u0027s Stone","Bag of Preparation","Bottled Flame","Peace Pipe","War Paint","Molten Egg 2","Lantern"],"potions_floor_usage":[13,13,18,24],"damage_taken":[{"damage":0,"enemies":"Cultist","floor":1,"turns":1},{"damage":0,"enemies":"Jaw Worm","floor":4,"turns":1},{"damage":0,"enemies":"2 Louse","floor":5,"turns":1},{"damage":21,"enemies":"Gremlin Nob","floor":7,"turns":4},{"damage":26,"enemies":"Exordium Thugs","floor":8,"turns":4},{"damage":6,"enemies":"Lagavulin","floor":13,"turns":5},{"damage":8,"enemies":"Exordium Wildlife","floor":14,"turns":3},{"damage":26,"enemies":"Slime Boss","floor":16,"turns":8},{"damage":12,"enemies":"2 Thieves","floor":18,"turns":3},{"damage":0,"enemies":"Spheric Guardian","floor":19,"turns":2},{"damage":8,"enemies":"Snecko","floor":22,"turns":4},{"damage":50,"enemies":"Book of Stabbing","floor":24,"turns":5},{"damage":35,"enemies":"Gremlin Leader","floor":30,"turns":4}],"seed_played":"-3050472457261025961","potions_obtained":[{"floor":4,"key":"EssenceOfSteel"},{"floor":11,"key":"Dexterity Potion"},{"floor":11,"key":"Fire Potion"},{"floor":11,"key":"Weak Potion"},{"floor":14,"key":"Ancient Potion"},{"floor":16,"key":"Fire Potion"},{"floor":18,"key":"Poison Potion"}],"is_trial":false,"path_per_floor":["M","$","?","M","M","R","E","M","T","?","?","R","E","M","R","B",null,"M","M","?","T","M","R","E","$","T","$","?","$","E"],"character_chosen":"DEFECT","items_purchased":["Chaos","War Paint","Capacitor","Defragment"],"campfire_rested":1,"item_purchase_floors":[25,25,25,27],"current_hp_per_floor":[75,75,60,60,60,60,49,23,23,28,28,28,34,38,65,51,90,78,78,78,78,70,70,32,32,32,32,32,32,0],"gold":2,"neow_bonus":"THREE_ENEMY_KILL","is_prod":false,"is_daily":false,"chose_seed":false,"campfire_upgraded":3,"win_rate":0,"timestamp":1542000895,"path_taken":["M","?","?","M","M","R","E","M","T","?","?","R","E","?","R","BOSS","M","M","?","?","M","R","E","$","T","$","?","?","E"],"build_version":"2018-11-08","purchased_purges":2,"victory":false,"max_hp_per_floor":[75,75,75,75,75,75,85,85,85,90,90,90,90,90,90,90,90,90,90,90,90,90,90,90,90,90,90,90,90,90],"card_choices":[{"not_picked":["Hologram","Gash"],"picked":"Blizzard","floor":1},{"not_picked":["FTL","Compile Driver"],"picked":"Sweeping Beam","floor":4},{"not_picked":["Scrape","Beam Cell"],"picked":"Lockon","floor":5},{"not_picked":["Stack","Gash"],"picked":"Compile Driver","floor":7},{"not_picked":["Capacitor","Auto Shields"],"picked":"Sunder","floor":8},{"not_picked":["Loop","Multi-Cast"],"picked":"Rip and Tear","floor":13},{"not_picked":["Sweeping Beam","Ball Lightning"],"picked":"Leap","floor":14},{"not_picked":["Creative AI","Echo Form"],"picked":"Rainbow","floor":16},{"not_picked":["Beam Cell+1","Barrage"],"picked":"Coolheaded+1","floor":18},{"not_picked":["Sweeping Beam","Barrage"],"picked":"Rebound","floor":19},{"not_picked":["Auto Shields","Undo"],"picked":"Coolheaded","floor":22},{"not_picked":["Go for the Eyes","Static Discharge"],"picked":"Hologram+1","floor":24}],"player_experience":252684,"relics_obtained":[{"floor":7,"key":"Pear"},{"floor":9,"key":"Meat on the Bone"},{"floor":13,"key":"Singing Bowl"},{"floor":21,"key":"Bottled Flame"},{"floor":24,"key":"Peace Pipe"},{"floor":26,"key":"Molten Egg 2"}],"event_choices":[{"damage_healed":0,"gold_gain":0,"player_choice":"Entered Light","damage_taken":15,"max_hp_gain":0,"max_hp_loss":0,"event_name":"Shining Light","floor":3,"gold_loss":0,"cards_upgraded":["Dualcast","Strike_B"]},{"damage_healed":0,"gold_gain":0,"player_choice":"Donut","damage_taken":0,"max_hp_gain":5,"max_hp_loss":0,"event_name":"Big Fish","floor":10,"gold_loss":0},{"damage_healed":0,"gold_gain":0,"player_choice":"Got Potions","damage_taken":0,"max_hp_gain":0,"max_hp_loss":0,"event_name":"Lab","floor":11,"gold_loss":0},{"damage_healed":0,"gold_gain":0,"player_choice":"Opened","damage_taken":0,"relics_obtained":["Bag of Preparation"],"max_hp_gain":0,"max_hp_loss":0,"event_name":"The Mausoleum","floor":20,"gold_loss":0,"cards_obtained":["Writhe"]},{"damage_healed":0,"gold_gain":0,"player_choice":"Stole Relic","damage_taken":0,"relics_obtained":["Lantern"],"max_hp_gain":0,"max_hp_loss":0,"event_name":"Addict","floor":28,"gold_loss":0,"cards_obtained":["Shame"]}],"is_beta":false,"boss_relics":[{"not_picked":["Coffee Dripper","Empty Cage"],"picked":"Philosopher\u0027s Stone"}],"items_purged_floors":[2,27],"is_endless":false,"potions_floor_spawned":[4,14,16,18,19,22],"killed_by":"Gremlin Leader","ascension_level":2}