{"gold_per_floor":[113,38,53,73,92,121,121,152,152,162,176,202,277,29,29,130,130,144,164,181,181,181,181,208,208],"floor_reached":25,"playtime":3860,"items_purged":["Strike_R"],"score":243,"play_id":"68e0ed36-258b-423c-8362-8c2395f12b94","local_time":"20190211003045","is_ascension_mode":false,"campfire_choices":[{"floor":7,"key":"REST"},{"data":"Heavy Blade","floor":15,"key":"SMITH"},{"floor":23,"key":"REST"}],"neow_cost":"NONE","seed_source_timestamp":231005437218038,"circlet_count":0,"master_deck":["Strike_R","Strike_R","Strike_R","Defend_R","Defend_R+1","Defend_R","Defend_R","Bash","Burning Pact+1","Reckless Charge","Flex","Spot Weakness","Sentinel","Heavy Blade+1","Armaments","Headbutt","Dropkick","Berserk","Shrug It Off+1","Entrench","Shockwave+1","Uppercut"],"relics":["Burning Blood","Regal Pillow","War Paint","Paper Frog","Mango","Gambling Chip","Mercury Hourglass","Fusion Hammer","PreservedInsect"],"potions_floor_usage":[],"damage_taken":[{"damage":6,"enemies":"Cultist","floor":1,"turns":3},{"damage":0,"enemies":"Small Slimes","floor":3,"turns":3},{"damage":12,"enemies":"2 Louse","floor":4,"turns":4},{"damage":3,"enemies":"Large Slime","floor":5,"turns":7},{"damage":42,"enemies":"Gremlin Nob","floor":6,"turns":5},{"damage":29,"enemies":"Lagavulin","floor":8,"turns":10},{"damage":1,"enemies":"Exordium Wildlife","floor":10,"turns":3},{"damage":21,"enemies":"Gremlin Gang","floor":11,"turns":6},{"damage":15,"enemies":"3 Sentries","floor":12,"turns":7},{"damage":25,"enemies":"Slime Boss","floor":16,"turns":10},{"damage":26,"enemies":"2 Thieves","floor":18,"turns":4},{"damage":5,"enemies":"Chosen","floor":19,"turns":3},{"damage":57,"enemies":"Centurion and Healer","floor":20,"turns":8},{"damage":65,"enemies":"Gremlin Leader","floor":24,"turns":6},{"damage":12,"enemies":"Snake Plant","floor":25,"turns":3}],"seed_played":"8210448073494736034","potions_obtained":[{"floor":1,"key":"EssenceOfSteel"},{"floor":11,"key":"Weak Potion"},{"floor":12,"key":"Ancient Potion"},{"floor":24,"key":"Energy Potion"}],"is_trial":false,"path_per_floor":["M","$","M","M","M","E","R","E","T","M","M","E","?","$","R","B",null,"M","M","M","?","?","R","E","M"],"character_chosen":"IRONCLAD","items_purchased":["Mercury Hourglass"],"campfire_rested":2,"item_purchase_floors":[14],"current_hp_per_floor":[80,80,80,74,77,41,80,57,71,76,61,52,52,52,52,33,94,74,75,24,24,24,67,8,0],"gold":208,"neow_bonus":"RANDOM_COMMON_RELIC","is_prod":false,"is_daily":false,"chose_seed":false,"campfire_upgraded":1,"win_rate":0.0,"timestamp":1549841445,"path_taken":["M","?","M","?","M","E","R","E","T","M","M","E","?","$","R","BOSS","M","M","M","?","?","R","E","M"],"build_version":"2019-01-23","purchased_purges":1,"victory":false,"max_hp_per_floor":[80,80,80,80,80,80,80,80,94,94,94,94,94,94,94,94,94,94,94,94,94,94,94,94,94],"card_choices":[{"not_picked":["Sword Boomerang","Havoc"],"picked":"Burning Pact","floor":1},{"not_picked":["Flex","Anger"],"picked":"Reckless Charge","floor":3},{"not_picked":["Iron Wave","Body Slam"],"picked":"Flex","floor":4},{"not_picked":["Havoc","Pommel Strike"],"picked":"Spot Weakness","floor":5},{"not_picked":["Clothesline","Dual Wield"],"picked":"Sentinel","floor":6},{"not_picked":["Pummel","Headbutt"],"picked":"Heavy Blade","floor":8},{"not_picked":["Sword Boomerang","Hemokinesis"],"picked":"Armaments","floor":10},{"not_picked":["Second Wind","Flex"],"picked":"Headbutt","floor":11},{"not_picked":["Twin Strike","True Grit"],"picked":"Dropkick","floor":12},{"not_picked":["Brutality","Reaper"],"picked":"Berserk","floor":16},{"not_picked":["Headbutt+1","True Grit+1"],"picked":"Shrug It Off+1","floor":18},{"not_picked":["Perfected Strike","Sword Boomerang"],"picked":"Entrench","floor":19},{"not_picked":["Clash","Cleave"],"picked":"Shockwave+1","floor":20},{"not_picked":["Burning Pact","Wild Strike","Dual Wield"],"picked":"SKIP","floor":24}],"player_experience":184608,"relics_obtained":[{"floor":6,"key":"War Paint"},{"floor":8,"key":"Paper Frog"},{"floor":9,"key":"Mango"},{"floor":12,"key":"Gambling Chip"},{"floor":24,"key":"PreservedInsect"}],"event_choices":[{"damage_healed":0,"gold_gain":75,"player_choice":"Gained Gold","damage_taken":0,"max_hp_gain":0,"max_hp_loss":0,"event_name":"Golden Wing","floor":13,"gold_loss":0},{"damage_healed":0,"gold_gain":0,"player_choice":"Ignored","damage_taken":0,"max_hp_gain":0,"max_hp_loss":0,"event_name":"Ghosts","floor":21,"gold_loss":0},{"damage_healed":0,"gold_gain":0,"cards_transformed":["Strike_R"],"player_choice":"Transformed","damage_taken":0,"max_hp_gain":0,"max_hp_loss":0,"event_name":"Transmorgrifier","floor":22,"gold_loss":0,"cards_obtained":["Uppercut"]}],"is_beta":false,"boss_relics":[{"not_picked":["White Beast Statue","Snecko Eye"],"picked":"Fusion Hammer"}],"items_purged_floors":[2],"is_endless":false,"potions_floor_spawned":[1,11,12,19,24],"killed_by":"Snake Plant","ascension_level":0}