{"gold_per_floor":[117,0,17,36,36,36,79,79,79,119,49,49,49,68,68,68],"floor_reached":16,"playtime":553,"items_purged":[],"score":162,"play_id":"99e40fc5-1f3d-4ca9-a514-080f28f67b01","local_time":"20190104215346","is_ascension_mode":true,"campfire_choices":[{"data":"Sunder","floor":6,"key":"SMITH"},{"floor":13,"key":"REST"},{"floor":15,"key":"REST"}],"neow_cost":"NONE","seed_source_timestamp":1380731852493022,"circlet_count":0,"master_deck":["AscendersBane","Strike_B","Strike_B","Strike_B","Strike_B","Defend_B","Defend_B","Defend_B","Defend_B","Zap","Dualcast","Sweeping Beam","Melter","Coolheaded","Sunder+1","Melter","Defragment","Rip and Tear","Cold Snap"],"relics":["Cracked Core","NeowsBlessing","Golden Idol","Letter Opener","Question Card","Dodecahedron","Nunchaku"],"potions_floor_usage":[7,10],"damage_taken":[{"damage":0,"enemies":"Cultist","floor":1,"turns":1},{"damage":0,"enemies":"Small Slimes","floor":3,"turns":1},{"damage":0,"enemies":"2 Louse","floor":4,"turns":1},{"damage":28,"enemies":"Lagavulin","floor":7,"turns":5},{"damage":14,"enemies":"Gremlin Nob","floor":10,"turns":4},{"damage":16,"enemies":"Blue Slaver","floor":14,"turns":3},{"damage":50,"enemies":"The Guardian","floor":16,"turns":8}],"seed_played":"-7958603407115622262","potions_obtained":[{"floor":4,"key":"Fire Potion"},{"floor":7,"key":"EssenceOfSteel"}],"is_trial":false,"path_per_floor":["M","$","M","M","?","R","E","?","T","E","$","$","R","M","R","B"],"character_chosen":"DEFECT","items_purchased":["Melter","Coolheaded","Rip and Tear"],"campfire_rested":2,"item_purchase_floors":[2,2,11],"current_hp_per_floor":[68,68,68,68,68,68,40,33,33,19,19,19,39,23,43,0],"gold":68,"neow_bonus":"THREE_ENEMY_KILL","is_prod":false,"is_daily":false,"chose_seed":false,"campfire_upgraded":1,"win_rate":0,"timestamp":1546638826,"path_taken":["M","$","?","M","?","R","E","?","T","E","?","$","R","M","R","BOSS"],"build_version":"2019-01-03v4","purchased_purges":0,"victory":false,"max_hp_per_floor":[75,75,75,75,69,69,69,69,69,69,69,69,69,69,69,69],"card_choices":[{"not_picked":["Redo","Hologram"],"picked":"Sweeping Beam","floor":1},{"not_picked":["Reinforced Body","Leap","Storm"],"picked":"SKIP","floor":3},{"not_picked":["Leap","Gash"],"picked":"Sunder","floor":4},{"not_picked":["BootSequence","Static Discharge"],"picked":"Melter","floor":7},{"not_picked":["Conserve Battery","Chaos","Turbo"],"picked":"Defragment","floor":10},{"not_picked":["Reinforced Body","Gash","Coolheaded"],"picked":"Cold Snap","floor":14}],"player_experience":1129484,"relics_obtained":[{"floor":7,"key":"Letter Opener"},{"floor":9,"key":"Dodecahedron"},{"floor":10,"key":"Nunchaku"}],"event_choices":[{"damage_healed":0,"gold_gain":0,"player_choice":"Lose Max HP","damage_taken":0,"relics_obtained":["Golden Idol"],"max_hp_gain":0,"max_hp_loss":6,"event_name":"Golden Idol","floor":5,"gold_loss":0},{"damage_healed":0,"gold_gain":0,"player_choice":"Success","damage_taken":7,"relics_obtained":["Question Card"],"max_hp_gain":0,"max_hp_loss":0,"event_name":"Scrap Ooze","floor":8,"gold_loss":0}],"is_beta":false,"boss_relics":[],"items_purged_floors":[],"is_endless":false,"potions_floor_spawned":[4,7],"killed_by":"The Guardian","ascension_level":10}