{"gold_per_floor":[112,131,131,131,144,174,174,31,58,78,92,92,120,120,120,217,217,206,206,206,10,10,35,35,54,84,84,94,122,122,139,139,236,236,249,249,57,57,75,105,105,120,169,169,169,169,269,289,289,289,289,289,1,32,32],"floor_reached":55,"playtime":1581,"items_purged":["Pain","Strike_R"],"score":878,"play_id":"a585da4d-1489-43a1-aa88-9814bdef700e","local_time":"20190128201428","is_ascension_mode":true,"campfire_choices":[{"data":"Ghostly Armor","floor":7,"key":"SMITH"},{"floor":12,"key":"REST"},{"data":"True Grit","floor":15,"key":"SMITH"},{"floor":24,"key":"RECALL"},{"floor":30,"key":"REST"},{"floor":32,"key":"REST"},{"floor":45,"key":"REST"},{"floor":49,"key":"REST"},{"floor":52,"key":"REST"}],"neow_cost":"TEN_PERCENT_HP_LOSS","seed_source_timestamp":738734163037468,"circlet_count":0,"master_deck":["Strike_R","Strike_R","Defend_R","Defend_R","Defend_R","Defend_R","Bash","Twin Strike","Pummel","Twin Strike","Ghostly Armor+1","Infernal Blade","Shrug It Off","Sever Soul","True Grit+1","Demon Form","Seeing Red","Second Wind","Rage","Twin Strike","Heavy Blade","Double Tap","Parasite","Flex+1","Writhe","Heavy Blade+1","Offering+1","Heavy Blade+1","Infernal Blade+1","Heavy Blade+1","Uppercut","Thunderclap"],"relics":["Burning Blood","Champion Belt","WarpedTongs","Omamori","Oddly Smooth Stone","Calipers","Strawberry","Fusion Hammer","MutagenicStrength","Brimstone","Happy Flower","Tiny Chest","Bag of Marbles","Shuriken","Calling Bell","Orichalcum","Toxic Egg 2","Du-Vu Doll","Membership Card","Pocketwatch","Regal Pillow","Magic Flower","DollysMirror","Bag of Preparation","Letter Opener"],"potions_floor_usage":[13,16,29,33,33,40,42,47,55,55],"damage_taken":[{"damage":4,"enemies":"Cultist","floor":1,"turns":3},{"damage":1,"enemies":"Jaw Worm","floor":2,"turns":3},{"damage":5,"enemies":"Small Slimes","floor":5,"turns":3},{"damage":42,"enemies":"3 Sentries","floor":6,"turns":9},{"damage":7,"enemies":"Looter","floor":10,"turns":2},{"damage":0,"enemies":"2 Fungi Beasts","floor":11,"turns":4},{"damage":16,"enemies":"Gremlin Nob","floor":13,"turns":4},{"damage":34,"enemies":"The Guardian","floor":16,"turns":14},{"damage":10,"enemies":"2 Thieves","floor":18,"turns":4},{"damage":0,"enemies":"Gremlin Leader","floor":23,"turns":5},{"damage":0,"enemies":"Chosen","floor":25,"turns":3},{"damage":0,"enemies":"Centurion and Healer","floor":28,"turns":4},{"damage":2,"enemies":"Book of Stabbing","floor":29,"turns":3},{"damage":15,"enemies":"Shelled Parasite and Fungi","floor":31,"turns":4},{"damage":29,"enemies":"Collector","floor":33,"turns":6},{"damage":14,"enemies":"3 Shapes","floor":35,"turns":4},{"damage":0,"enemies":"Orb Walker","floor":39,"turns":2},{"damage":3,"enemies":"Giant Head","floor":40,"turns":5},{"damage":0,"enemies":"4 Shapes","floor":42,"turns":3},{"damage":6,"enemies":"Mind Bloom Boss Battle","floor":47,"turns":1},{"damage":6,"enemies":"Sphere and 2 Shapes","floor":48,"turns":3},{"damage":60,"enemies":"Time Eater","floor":50,"turns":6},{"damage":30,"enemies":"Shield and Spear","floor":54,"turns":3},{"damage":62,"enemies":"The Heart","floor":55,"turns":3}],"seed_played":"3310818286752029837","potions_obtained":[{"floor":6,"key":"Explosive Potion"},{"floor":11,"key":"Ancient Potion"},{"floor":13,"key":"Poison Potion"},{"floor":16,"key":"Energy Potion"},{"floor":28,"key":"Energy Potion"},{"floor":29,"key":"EssenceOfSteel"},{"floor":33,"key":"Swift Potion"},{"floor":35,"key":"FearPotion"},{"floor":40,"key":"Explosive Potion"},{"floor":48,"key":"Dexterity Potion"}],"is_trial":false,"path_per_floor":["M","M","?","?","M","E","R","$","T","M","M","R","E","?","R","B",null,"M","?","?","$","?","E","R","M","T","?","M","E","R","M","R","B",null,"M","?","$","?","M","E","T","M","T","$","R","$","?","M","R","B",null,"R","$","E","B"],"character_chosen":"IRONCLAD","items_purchased":["Infernal Blade","Brimstone","Membership Card","Infernal Blade+1","DollysMirror","Bag of Preparation","Uppercut"],"campfire_rested":6,"item_purchase_floors":[8,21,37,53,53,53,53],"current_hp_per_floor":[72,72,65,65,66,30,30,30,30,29,35,56,46,46,46,18,79,75,75,75,75,75,79,79,79,79,79,79,79,79,70,79,56,79,71,79,79,79,79,79,79,79,79,79,79,79,79,79,79,28,79,79,79,58,0],"gold":32,"neow_bonus":"ONE_RARE_RELIC","is_prod":false,"is_daily":false,"chose_seed":false,"campfire_upgraded":2,"win_rate":0,"timestamp":1548724468,"path_taken":["M","M","?","?","M","E","R","$","T","M","?","R","E","?","R","BOSS","M","?","?","$","?","E","R","?","T","?","M","E","R","M","R","BOSS","M","?","$","?","?","E","?","M","T","?","R","$","?","M","R","BOSS","R","$","E","BOSS"],"build_version":"2019-01-23","purchased_purges":2,"victory":false,"max_hp_per_floor":[72,72,72,72,72,72,72,72,72,72,72,72,72,79,79,79,79,79,79,79,79,79,79,79,79,79,79,79,79,79,79,79,79,79,79,79,79,79,79,79,79,79,79,79,79,79,79,79,79,79,79,79,79,79,79],"card_choices":[{"not_picked":["Flex","Clash"],"picked":"Twin Strike","floor":1},{"not_picked":["Pommel Strike","Battle Trance"],"picked":"Pummel","floor":2},{"not_picked":["Armaments","Anger"],"picked":"Twin Strike","floor":5},{"not_picked":["Perfected Strike","Iron Wave"],"picked":"Ghostly Armor","floor":6},{"not_picked":["Anger","Armaments"],"picked":"Shrug It Off","floor":10},{"not_picked":["Pommel Strike","Shrug It Off"],"picked":"Sever Soul","floor":11},{"not_picked":["Shrug It Off","Brutality"],"picked":"True Grit","floor":13},{"not_picked":["Double Tap","Juggernaut"],"picked":"Demon Form","floor":16},{"not_picked":["Carnage+1","Body Slam"],"picked":"Seeing Red","floor":18},{"not_picked":["Flex","Wild Strike+1"],"picked":"Rage","floor":23},{"not_picked":["Armaments+1","True Grit","Spot Weakness"],"picked":"SKIP","floor":25},{"not_picked":["Dropkick","Anger"],"picked":"Twin Strike","floor":28},{"not_picked":["Pommel Strike","Anger","True Grit"],"picked":"SKIP","floor":29},{"not_picked":["Twin Strike","Hemokinesis"],"picked":"Heavy Blade","floor":31},{"not_picked":["Impervious","Feed"],"picked":"Double Tap","floor":33},{"not_picked":["Clothesline","Cleave+1"],"picked":"Flex+1","floor":35},{"not_picked":["Entrench+1","Armaments+1"],"picked":"Heavy Blade+1","floor":39},{"not_picked":["Metallicize+1","Berserk"],"picked":"Offering+1","floor":40},{"not_picked":["Rupture","Searing Blow","Havoc+1"],"picked":"SKIP","floor":42},{"not_picked":["Cleave+1","Dropkick+1"],"picked":"Heavy Blade+1","floor":47},{"not_picked":["Flex+1","Body Slam+1","Havoc+1"],"picked":"SKIP","floor":48},{"not_picked":["Bludgeon","Havoc+1"],"picked":"Thunderclap","floor":54}],"player_experience":636049,"relics_obtained":[{"floor":6,"key":"Omamori"},{"floor":9,"key":"Oddly Smooth Stone"},{"floor":13,"key":"Calipers"},{"floor":23,"key":"Happy Flower"},{"floor":26,"key":"Tiny Chest"},{"floor":29,"key":"Shuriken"},{"floor":34,"key":"Orichalcum"},{"floor":34,"key":"Toxic Egg 2"},{"floor":34,"key":"Du-Vu Doll"},{"floor":40,"key":"Pocketwatch"},{"floor":43,"key":"Regal Pillow"},{"floor":47,"key":"Magic Flower"},{"floor":54,"key":"Letter Opener"}],"event_choices":[{"cards_removed":["Strike_R"],"damage_healed":0,"gold_gain":0,"player_choice":"Card Removal","damage_taken":7,"max_hp_gain":0,"max_hp_loss":0,"event_name":"Golden Wing","floor":3,"gold_loss":0},{"damage_healed":0,"gold_gain":0,"player_choice":"Rummage","damage_taken":0,"relics_obtained":["WarpedTongs"],"max_hp_gain":0,"max_hp_loss":0,"event_name":"Accursed Blacksmith","floor":4,"gold_loss":0,"cards_obtained":["Pain"]},{"damage_healed":0,"gold_gain":0,"player_choice":"Success","damage_taken":7,"relics_obtained":["Strawberry"],"max_hp_gain":0,"max_hp_loss":0,"event_name":"Scrap Ooze","floor":14,"gold_loss":0},{"damage_healed":0,"gold_gain":0,"player_choice":"Inject Mutagens","damage_taken":0,"relics_obtained":["MutagenicStrength"],"max_hp_gain":0,"max_hp_loss":0,"event_name":"Drug Dealer","floor":19,"gold_loss":0},{"damage_healed":0,"gold_gain":0,"player_choice":"Ignored","damage_taken":0,"max_hp_gain":0,"max_hp_loss":0,"event_name":"Ghosts","floor":20,"gold_loss":0},{"damage_healed":0,"gold_gain":0,"cards_transformed":["Strike_R"],"player_choice":"Transformed","damage_taken":0,"max_hp_gain":0,"max_hp_loss":0,"event_name":"Transmorgrifier","floor":22,"gold_loss":0,"cards_obtained":["Second Wind"]},{"damage_healed":0,"gold_gain":0,"player_choice":"Opened","damage_taken":0,"relics_obtained":["Bag of Marbles"],"max_hp_gain":0,"max_hp_loss":0,"event_name":"The Mausoleum","floor":27,"gold_loss":0},{"damage_healed":20,"gold_gain":0,"player_choice":"Writhe","damage_taken":0,"max_hp_gain":0,"max_hp_loss":0,"event_name":"Winding Halls","floor":36,"gold_loss":0,"cards_obtained":["Writhe"]},{"damage_healed":0,"gold_gain":0,"player_choice":"0 cards matched","damage_taken":0,"max_hp_gain":0,"max_hp_loss":0,"event_name":"Match and Keep!","floor":38,"gold_loss":0,"cards_obtained":[]},{"damage_healed":0,"gold_gain":0,"player_choice":"Fight","damage_taken":0,"max_hp_gain":0,"max_hp_loss":0,"event_name":"MindBloom","floor":47,"gold_loss":0}],"is_beta":true,"boss_relics":[{"not_picked":["Velvet Choker","Lizard Tail"],"picked":"Fusion Hammer"},{"not_picked":["Black Star","Runic Pyramid"],"picked":"Calling Bell"}],"items_purged_floors":[8,53],"is_endless":false,"potions_floor_spawned":[6,11,13,16,28,29,33,35,39,40,48],"killed_by":"The Heart","ascension_level":1}