{"path_per_floor":["M","?","?","M","M","R","E","M","T","E","M","T","?","M","R","B",null,"M","M","M","M"],"character_chosen":"IRONCLAD","items_purchased":[],"gold_per_floor":[115,115,190,209,220,220,249,266,266,291,305,328,328,345,345,440,440,452,470,480,496],"floor_reached":22,"campfire_rested":0,"playtime":1973,"current_hp_per_floor":[77,77,66,72,67,67,51,57,57,50,48,48,48,49,49,38,80,80,80,47,34],"items_purged":[],"gold":496,"play_id":"3d5f6190-ca7c-4db6-8c3c-bf6d04b7f706","is_prod":false,"is_daily":false,"is_ascension_mode":false,"campfire_upgraded":2,"path_taken":["M","?","?","M","M","R","E","M","T","E","M","?","?","M","R","BOSS","M","M","M","M","M"],"build_version":"2018-02-01-PROD3","purchased_purges":0,"victory":false,"master_deck":["Strike_R","Strike_R","Strike_R","Strike_R","Strike_R","Defend_R","Defend_R","Defend_R","Defend_R","Bash","Seeing Red+1","Metallicize","Battle Trance+1","Limit Break","Heavy Blade","Metallicize+1","Juggernaut","Hemokinesis+1"],"max_hp_per_floor":[80,80,80,80,80,80,80,80,80,80,80,80,80,80,80,80,80,80,80,80,80],"relics":["Black Blood","Pen Nib","Orichalcum","Lantern","Happy Flower","Dream Catcher"],"card_choices":[{"not_picked":["Dual Wield","Disarm"],"picked":"Seeing Red"},{"not_picked":["Headbutt","Flame Barrier"],"picked":"Metallicize"},{"not_picked":["Iron Wave","Berserk"],"picked":"Battle Trance"},{"not_picked":["Cleave","Dual Wield"],"picked":"Limit Break"},{"not_picked":["Twin Strike","Clash"],"picked":"Heavy Blade"},{"not_picked":["Twin Strike","Perfected Strike"],"picked":"Metallicize"},{"not_picked":["Barricade","Impervious"],"picked":"Juggernaut"},{"not_picked":["Dual Wield","Clash"],"picked":"Hemokinesis"}],"player_experience":53825,"potions_floor_usage":[10,11,18,19,20,21],"damage_taken":[{"damage":9,"enemies":"Cultist","floor":1,"turns":4},{"damage":0,"enemies":"Jaw Worm","floor":4,"turns":3},{"damage":11,"enemies":"2 Louse","floor":5,"turns":5},{"damage":22,"enemies":"3 Sentries","floor":7,"turns":12},{"damage":0,"enemies":"2 Fungi Beasts","floor":8,"turns":3},{"damage":13,"enemies":"Lagavulin","floor":10,"turns":9},{"damage":8,"enemies":"Lots of Slimes","floor":11,"turns":2},{"damage":5,"enemies":"Looter","floor":14,"turns":3},{"damage":17,"enemies":"Slime Boss","floor":16,"turns":11},{"damage":5,"enemies":"3 Byrds","floor":18,"turns":7},{"damage":1,"enemies":"Spheric Guardian","floor":19,"turns":4},{"damage":43,"enemies":"Centurion and Healer","floor":20,"turns":9},{"damage":23,"enemies":"Snake Plant","floor":21,"turns":3},{"damage":37,"enemies":"Cultist and Chosen","floor":22,"turns":7}],"event_choices":[{"event_name":"Liars Game","player_choice":"disagreed","floor":2,"damage_taken":0},{"event_name":"World of Goop","player_choice":"Gather Gold","floor":3,"damage_taken":0},{"event_name":"Accursed Blacksmith","player_choice":"Forge","floor":13,"damage_taken":0}],"boss_relics":[{"not_picked":["Snecko Eye","Ectoplasm"],"picked":"Black Blood"}],"potions_floor_spawned":[1,4,7,8,16,18,19],"seed_played":"455683081230626761","killed_by":"Cultist and Chosen","ascension_level":0,"is_trial":false}