{"gold_per_floor":[112,125,50,70,44,78,78,88,135,135,151,151,151,168,168,266,316,331,344,344,138,150,150,181,198,198,227,239,42,58,58,58,58],"floor_reached":33,"playtime":1548,"items_purged":["Strike_B","Strike_B"],"score":309,"play_id":"e14d8daf-135b-48d9-b4c4-c2974cb8ab73","local_time":"20190104184034","is_ascension_mode":true,"campfire_choices":[{"data":"Doom and Gloom","floor":7.0,"key":"SMITH"},{"data":"BasicCrystalCard","floor":12.0,"key":"SMITH"},{"data":"Go for the Eyes","floor":15.0,"key":"SMITH"},{"data":"Fission","floor":23,"key":"SMITH"},{"data":"ReplayGash","floor":32,"key":"SMITH"}],"neow_cost":"NONE","seed_source_timestamp":859733443696316,"circlet_count":0,"master_deck":["Strike_B","Strike_B","Defend_B","Defend_B","Defend_B","Defend_B","Zap+1","Dualcast+1","Doom and Gloom+1","Gash","Gash","Cold Snap","Go for the Eyes+1","BasicCrystalCard+1","Fission+1","Steam","Panic Button","hubris:PowerSurge","ReplayGash+1","Glacier"],"special_seed":0,"relics":["Cracked Core","Kunai","infinitespire:Beetle Shell","hubris:Towel","hubris:BottledHeart","MerchantsRug","Red Mask","Golden Egg","hubris:CrystalStatue","Runic Capacitor"],"potions_floor_usage":[16,16,16,24,25,27,33],"damage_taken":[{"damage":1.0,"enemies":"Cultist","floor":1.0,"turns":3.0},{"damage":6.0,"enemies":"Jaw Worm","floor":2.0,"turns":4.0},{"damage":7.0,"enemies":"Small Slimes","floor":4.0,"turns":3.0},{"damage":26.0,"enemies":"3 Sentries","floor":6.0,"turns":5.0},{"damage":5.0,"enemies":"Looter","floor":8.0,"turns":2.0},{"damage":6.0,"enemies":"Large Slime","floor":11.0,"turns":4.0},{"damage":0.0,"enemies":"2 Fungi Beasts","floor":14.0,"turns":3.0},{"damage":7,"enemies":"Slime Boss","floor":16,"turns":9},{"damage":20,"enemies":"Spheric Guardian","floor":18,"turns":4},{"damage":9,"enemies":"3 Byrds","floor":19,"turns":6},{"damage":0,"enemies":"Snecko","floor":22,"turns":5},{"damage":0,"enemies":"Masked Bandits","floor":24,"turns":4},{"damage":0,"enemies":"Snake Plant","floor":25,"turns":3},{"damage":0,"enemies":"Book of Stabbing","floor":27,"turns":8},{"damage":0,"enemies":"Shelled Parasite and Fungi","floor":28,"turns":4},{"damage":0,"enemies":"Cultist and Chosen","floor":30,"turns":5},{"damage":11,"enemies":"GremlinKing","floor":33,"turns":5}],"seed_played":"-8403841845851347460","potions_obtained":[{"floor":4.0,"key":"Elixir"},{"floor":6.0,"key":"FearPotion"},{"floor":11.0,"key":"Ancient Potion"},{"floor":14.0,"key":"AttackPotion"},{"floor":17,"key":"Slimebound:SlimedPotion"},{"floor":19,"key":"Poison Potion"},{"floor":25,"key":"EssenceOfSteel"},{"floor":27,"key":"AttackPotion"}],"is_trial":false,"path_per_floor":["M","M","$","M","$","E","R","M","T","?","M","R","?","M","R","B",null,"M","M","?","$","M","R","?","M","T","E","M","$","M","?","R","B"],"character_chosen":"DEFECT","items_purchased":["Gash","MerchantsRug","hubris:PowerSurge","Runic Capacitor"],"campfire_rested":0,"item_purchase_floors":[5,21,21,29],"current_hp_per_floor":[74,68,68,61,61,35,35,30,30,30,24,24,24,24,24,17,80,60,51,1,1,1,1,1,1,1,1,1,1,1,1,1,0],"gold":58,"neow_bonus":"UPGRADE_CARD","is_prod":false,"is_daily":false,"chose_seed":false,"campfire_upgraded":5,"win_rate":0,"timestamp":1546645234,"path_taken":["M","?","$","M","$","E","R","M","T","?","M","R","?","?","R","BOSS","M","M","?","$","M","R","?","M","T","E","M","$","M","?","R","BOSS"],"build_version":"2019-01-03v4","purchased_purges":2,"victory":false,"max_hp_per_floor":[75,75,75,75,75,75,75,75,75,75,75,75,75,75,75,75,80,80,80,1,1,1,1,1,1,1,1,1,1,1,1,1,1],"card_choices":[{"not_picked":["Hello World","Loop"],"picked":"Doom and Gloom","floor":1.0},{"not_picked":["Streamline","Crystallizer","jedi:BurstFrost"],"picked":"SKIP","floor":2.0},{"not_picked":["Sweeping Beam","Stack"],"picked":"Gash","floor":4.0},{"not_picked":["Genetic Algorithm","Double Energy"],"picked":"Cold Snap","floor":6.0},{"not_picked":["ReplayTheSpireMod:System Scan","Blizzard"],"picked":"Go for the Eyes","floor":8.0},{"not_picked":["jedi:hex","Streamline"],"picked":"BasicCrystalCard","floor":11.0},{"not_picked":["Force Field","Rebound","ShadowCall"],"picked":"SKIP","floor":14.0},{"not_picked":["BlackThunder","Mirror Shield"],"picked":"Fission","floor":16},{"not_picked":["Beam Cell","Compile Driver"],"picked":"Steam","floor":17},{"not_picked":["jedi:blockon+1","Hologram"],"picked":"Panic Button","floor":18},{"not_picked":["Redo+1","Thunder Strike","Steam Power+1"],"picked":"SKIP","floor":19},{"not_picked":["Coolheaded","ReplayTheSpireMod:System Scan+1","jedi:sharpshooter"],"picked":"SKIP","floor":22},{"not_picked":["ReplayTheSpireMod:Repulse","Go for the Eyes"],"picked":"ReplayGash","floor":24},{"not_picked":["Ball Lightning","Tempest+1"],"picked":"Glacier","floor":25},{"not_picked":["Coolheaded","Melter","BasicCrystalCard"],"picked":"SKIP","floor":27},{"not_picked":["Conserve Battery","BasicCrystalCard","Static Discharge"],"picked":"SKIP","floor":28},{"not_picked":["Coolheaded","jedi:BurstLightning","Sunder"],"picked":"SKIP","floor":30}],"player_experience":603011,"relics_obtained":[{"floor":6.0,"key":"Kunai"},{"floor":9.0,"key":"infinitespire:Beetle Shell"},{"floor":24,"key":"Red Mask"},{"floor":26,"key":"Golden Egg"},{"floor":27,"key":"hubris:CrystalStatue"}],"event_choices":[{"damage_healed":0.0,"max_hp_gain":0.0,"max_hp_loss":0.0,"gold_gain":0.0,"event_name":"Liars Game","player_choice":"Ignored","floor":10.0,"gold_loss":0.0,"damage_taken":0.0},{"damage_healed":0,"gold_gain":0,"player_choice":"Fought Bandits","damage_taken":0,"max_hp_gain":0,"max_hp_loss":0,"event_name":"Masked Bandits","floor":24,"gold_loss":0},{"damage_healed":0,"gold_gain":0,"player_choice":"Bought 0 Potions","damage_taken":0,"max_hp_gain":0,"max_hp_loss":0,"event_name":"The Woman in Blue","floor":31,"gold_loss":0}],"is_beta":true,"boss_relics":[{"not_picked":["conspire:SeveredTorchhead","Fusion Hammer"],"picked":"Tiny House"}],"items_purged_floors":[3,21],"is_endless":false,"potions_floor_spawned":[4,6,11,14,19,25,27],"killed_by":"GremlinKing","ascension_level":1}