{"gold_per_floor":[217,217,227,3,78,78,105,121,121,121,147,164,164,17,17,115,115,130,130,130,145,145,145],"floor_reached":23,"playtime":1769,"items_purged":[],"score":222,"play_id":"a1da4675-d7f0-4fcc-b41d-8f00c5fa48e6","local_time":"20190101164058","is_ascension_mode":false,"campfire_choices":[{"floor":6,"key":"RECALL"},{"floor":10,"key":"REST"},{"floor":13,"key":"REST"},{"floor":15,"key":"REST"}],"neow_cost":"NONE","seed_source_timestamp":2209745517415,"circlet_count":0,"master_deck":["Strike_B","Strike_B","Strike_B","Strike_B","Defend_B","Defend_B","Defend_B","Defend_B","Zap","Dualcast","Genetic Algorithm","Conserve Battery","Auto Shields","Lockon","Conserve Battery","Darkness","Coolheaded","Creative AI","Glacier","Buffer","Chill","Loop","Ghostly","Ghostly","Ghostly","Ghostly","Ghostly","Defragment"],"relics":["Cracked Core","FaceOfCleric","Art of War","Bottled Flame","Oddly Smooth Stone","Black Star","Dodecahedron"],"potions_floor_usage":[21],"damage_taken":[{"damage":1,"enemies":"Cultist","floor":1,"turns":4},{"damage":0,"enemies":"2 Louse","floor":3,"turns":2},{"damage":33,"enemies":"Lagavulin","floor":7,"turns":10},{"damage":0,"enemies":"Small Slimes","floor":8,"turns":3},{"damage":14,"enemies":"3 Sentries","floor":11,"turns":9},{"damage":4,"enemies":"Blue Slaver","floor":12,"turns":5},{"damage":33,"enemies":"Hexaghost","floor":16,"turns":14},{"damage":0,"enemies":"Chosen","floor":18,"turns":7},{"damage":12,"enemies":"3 Byrds","floor":21,"turns":8},{"damage":39,"enemies":"Gremlin Leader","floor":23,"turns":8}],"seed_played":"-2081122916491025158","potions_obtained":[{"floor":7,"key":"Ancient Potion"},{"floor":12,"key":"Fire Potion"}],"is_trial":false,"path_per_floor":["M","?","M","$","?","R","E","M","T","R","E","M","R","$","R","B",null,"M","?","?","M","T","E"],"character_chosen":"DEFECT","items_purchased":["Art of War","Auto Shields","Creative AI","Glacier"],"campfire_rested":3,"item_purchase_floors":[4,4,14,14],"current_hp_per_floor":[74,74,75,75,64,64,32,33,33,56,43,40,64,64,80,48,81,82,82,41,30,30,0],"gold":145,"neow_bonus":"HUNDRED_GOLD","is_prod":false,"is_daily":false,"chose_seed":false,"campfire_upgraded":0,"win_rate":0,"timestamp":1546360858,"path_taken":["M","?","?","?","?","R","E","M","T","R","E","M","R","$","R","BOSS","M","?","?","M","?","E"],"build_version":"2018-12-20","purchased_purges":0,"victory":false,"max_hp_per_floor":[75,75,76,76,76,76,77,78,78,78,79,80,80,80,80,81,81,82,82,41,42,42,42],"card_choices":[{"not_picked":["Leap","Rip and Tear"],"picked":"Genetic Algorithm","floor":1},{"not_picked":["Cold Snap","Barrage"],"picked":"Conserve Battery","floor":3},{"not_picked":["Gash","Steam Power"],"picked":"Lockon","floor":7},{"not_picked":["Go for the Eyes","Steam"],"picked":"Conserve Battery","floor":8},{"not_picked":["Turbo","Rebound"],"picked":"Darkness","floor":11},{"not_picked":["Steam","Cold Snap"],"picked":"Coolheaded","floor":12},{"not_picked":["All For One","Seek"],"picked":"Buffer","floor":16},{"not_picked":["Beam Cell","Steam Power"],"picked":"Chill","floor":18},{"not_picked":["Skim","Darkness"],"picked":"Defragment","floor":21}],"player_experience":278356,"relics_obtained":[{"floor":7,"key":"Bottled Flame"},{"floor":11,"key":"Oddly Smooth Stone"},{"floor":22,"key":"Dodecahedron"}],"event_choices":[{"damage_healed":0,"gold_gain":0,"player_choice":"Trade","damage_taken":0,"relics_obtained":["FaceOfCleric"],"max_hp_gain":0,"max_hp_loss":0,"event_name":"FaceTrader","floor":2,"gold_loss":0},{"damage_healed":0,"gold_gain":75,"player_choice":"Gather Gold","damage_taken":11,"max_hp_gain":0,"max_hp_loss":0,"event_name":"World of Goop","floor":5,"gold_loss":0},{"damage_healed":0,"gold_gain":0,"player_choice":"Read","damage_taken":0,"max_hp_gain":0,"max_hp_loss":0,"event_name":"The Library","floor":19,"gold_loss":0,"cards_obtained":["Loop"]},{"damage_healed":0,"gold_gain":0,"player_choice":"Became a Ghost","damage_taken":0,"max_hp_gain":0,"max_hp_loss":41,"event_name":"Ghosts","floor":20,"gold_loss":0,"cards_obtained":["Ghostly","Ghostly","Ghostly","Ghostly","Ghostly"]}],"is_beta":false,"boss_relics":[{"not_picked":["Runic Pyramid","Velvet Choker"],"picked":"Black Star"}],"items_purged_floors":[],"is_endless":false,"potions_floor_spawned":[7,12],"killed_by":"Gremlin Leader","ascension_level":0}