{"gold_per_floor":[113,45,57,73,93,120,120,145,227,40,40,57,72,106,106,204,204,224,6,6,25,45,45,59,91,91,91,91,110,210,224,224,325,325,338,348,397,18,18,46,46,75,125,140,172,189,220,245,257,269,281,293,75,100,100],"floor_reached":56,"playtime":5785,"items_purged":["Strike_B"],"score":1384,"play_id":"7209b5fa-57a2-45d2-8ee0-193f5d3bc882","local_time":"20190207112714","is_ascension_mode":true,"campfire_choices":[{"floor":7,"key":"REST"},{"floor":11,"key":"REST"},{"floor":15,"key":"RECALL"},{"floor":23,"key":"REST"},{"floor":28,"key":"REST"},{"data":"Creative AI","floor":32,"key":"SMITH"},{"data":"Consume","floor":41,"key":"SMITH"},{"data":"BootSequence","floor":49,"key":"SMITH"},{"data":"Heatsinks","floor":52,"key":"SMITH"}],"neow_cost":"NONE","seed_source_timestamp":304789265641442,"circlet_count":0,"master_deck":["Strike_B","Strike_B","Defend_B","Defend_B","Defend_B","Defend_B","Zap","Dualcast+1","Creative AI+1","Heatsinks+1","Self Repair","Doom and Gloom","Conserve Battery+1","Cold Snap","Cold Snap","Conserve Battery","Static Discharge+1","Force Field","Ball Lightning","Self Repair+1","Doom and Gloom","Electrodynamics+1","Echo Form+1","Leap","Storm+1","Mayhem+1","Self Repair+1","Auto Shields","Force Field","Machine Learning+1","Steam+1","Leap+1","Machine Learning+1","Consume+1","Capacitor+1","BootSequence+1","Self Repair+1","Storm+1","Storm+1"],"relics":["Cracked Core","Strawberry","Calipers","Frozen Egg 2","Art of War","Black Star","War Paint","Mummified Hand","PreservedInsect","Unceasing Top","Bag of Preparation","Ginger","Boot","Mercury Hourglass","Molten Egg 2","Centennial Puzzle","Incense Burner","Bronze Scales","MawBank","Darkstone Periapt","Oddly Smooth Stone","Blood Vial","Pen Nib"],"potions_floor_usage":[6,25,33,37,55,55,55],"damage_taken":[{"damage":5,"enemies":"Cultist","floor":1,"turns":4},{"damage":17,"enemies":"Small Slimes","floor":3,"turns":5},{"damage":12,"enemies":"2 Louse","floor":4,"turns":2},{"damage":5,"enemies":"Looter","floor":5,"turns":4},{"damage":57,"enemies":"3 Sentries","floor":6,"turns":11},{"damage":6,"enemies":"Lagavulin","floor":8,"turns":9},{"damage":18,"enemies":"Lots of Slimes","floor":12,"turns":4},{"damage":5,"enemies":"Blue Slaver","floor":13,"turns":5},{"damage":17,"enemies":"3 Sentries","floor":14,"turns":7},{"damage":28,"enemies":"Hexaghost","floor":16,"turns":13},{"damage":38,"enemies":"Chosen","floor":18,"turns":5},{"damage":20,"enemies":"2 Thieves","floor":21,"turns":3},{"damage":16,"enemies":"Sentry and Sphere","floor":22,"turns":7},{"damage":4,"enemies":"Snecko","floor":24,"turns":4},{"damage":61,"enemies":"Slavers","floor":25,"turns":6},{"damage":15,"enemies":"Centurion and Healer","floor":29,"turns":4},{"damage":3,"enemies":"Snake Plant","floor":31,"turns":3},{"damage":14,"enemies":"Champ","floor":33,"turns":8},{"damage":22,"enemies":"3 Shapes","floor":35,"turns":3},{"damage":0,"enemies":"Orb Walker","floor":36,"turns":3},{"damage":28,"enemies":"2 Orb Walkers","floor":37,"turns":4},{"damage":13,"enemies":"Giant Head","floor":40,"turns":6},{"damage":3,"enemies":"Nemesis","floor":42,"turns":3},{"damage":0,"enemies":"Maw","floor":44,"turns":8},{"damage":3,"enemies":"Giant Head","floor":45,"turns":5},{"damage":25,"enemies":"Jaw Worm Horde","floor":46,"turns":4},{"damage":0,"enemies":"Reptomancer","floor":47,"turns":4},{"damage":0,"enemies":"Writhing Mass","floor":48,"turns":2},{"damage":42,"enemies":"Awakened One","floor":50,"turns":8},{"damage":8,"enemies":"Shield and Spear","floor":54,"turns":2},{"damage":48,"enemies":"The Heart","floor":55,"turns":5}],"seed_played":"2000528274172226938","potions_obtained":[{"floor":1,"key":"Regen Potion"},{"floor":4,"key":"Ancient Potion"},{"floor":14,"key":"Strength Potion"},{"floor":16,"key":"GamblersBrew"},{"floor":21,"key":"LiquidBronze"},{"floor":29,"key":"Dexterity Potion"},{"floor":33,"key":"EntropicBrew"},{"floor":35,"key":"Block Potion"},{"floor":37,"key":"EssenceOfSteel"}],"is_trial":false,"path_per_floor":["M","$","M","M","M","E","R","E","T","$","R","M","M","E","R","B",null,"M","$","?","M","M","R","M","E","T","?","R","M","?","M","R","B",null,"M","M","?","$","?","E","R","E","T","M","E","M","E","M","R","B",null,"R","$","E","B",null],"character_chosen":"DEFECT","items_purchased":["Self Repair","Static Discharge+1","Force Field","Ball Lightning","Storm+1","Mayhem+1","Bag of Preparation","Machine Learning+1","Oddly Smooth Stone","Storm+1"],"campfire_rested":4,"item_purchase_floors":[2,10,10,10,19,19,38,38,53,53],"current_hp_per_floor":[70,70,60,55,57,29,53,54,54,54,78,67,79,79,79,51,82,61,61,61,41,42,66,82,48,48,48,72,74,74,71,71,82,82,77,82,82,82,82,82,82,82,82,82,82,82,82,82,82,77,82,82,82,82,71],"gold":100,"neow_bonus":"ONE_RANDOM_RARE_CARD","is_prod":false,"is_daily":false,"chose_seed":false,"campfire_upgraded":4,"win_rate":0,"timestamp":1549535234,"path_taken":["M","$","M","M","M","E","R","E","T","$","R","?","M","E","R","BOSS","M","$","?","M","M","R","M","E","T","?","R","M","?","M","R","BOSS","M","?","?","$","?","E","R","E","T","M","E","M","E","?","R","BOSS","R","$","E","BOSS"],"build_version":"2019-01-23","purchased_purges":1,"victory":true,"max_hp_per_floor":[75,75,75,75,75,82,82,82,82,82,82,82,82,82,82,82,82,82,82,82,82,82,82,82,82,82,82,82,82,82,82,82,82,82,82,82,82,82,82,82,82,82,82,82,82,82,82,82,82,82,82,82,82,82,82],"card_choices":[{"not_picked":["Steam","Beam Cell"],"picked":"Heatsinks","floor":1},{"not_picked":["Sweeping Beam","Conserve Battery"],"picked":"Doom and Gloom","floor":3},{"not_picked":["Stack","Aggregate"],"picked":"Conserve Battery","floor":4},{"not_picked":["Go for the Eyes","Steam"],"picked":"Cold Snap","floor":5},{"not_picked":["Chill","Rebound"],"picked":"Cold Snap","floor":6},{"not_picked":["Stack","Turbo"],"picked":"Conserve Battery","floor":8},{"not_picked":["Leap","Beam Cell"],"picked":"Self Repair+1","floor":12},{"not_picked":["Beam Cell","Stack"],"picked":"Doom and Gloom","floor":13},{"not_picked":["Tempest","Biased Cognition+1"],"picked":"Electrodynamics+1","floor":14},{"not_picked":["Thunder Strike","Core Surge"],"picked":"Echo Form+1","floor":16},{"not_picked":["Barrage","Chill"],"picked":"Leap","floor":18},{"not_picked":["Ball Lightning","Rebound","Steam"],"picked":"SKIP","floor":21},{"not_picked":["Beam Cell","Hologram","Compile Driver"],"picked":"SKIP","floor":22},{"not_picked":["Cold Snap+1","Scrape","Ball Lightning+1"],"picked":"SKIP","floor":24},{"not_picked":["Double Energy+1","Stack+1"],"picked":"Auto Shields","floor":25},{"not_picked":["Hello World+1","Barrage+1"],"picked":"Force Field","floor":29},{"not_picked":["Redo+1","Double Energy","Biased Cognition+1"],"picked":"SKIP","floor":31},{"not_picked":["All For One","Creative AI+1"],"picked":"Machine Learning+1","floor":33},{"not_picked":["Conserve Battery","Redo+1","Steam+1"],"picked":"SKIP","floor":35},{"not_picked":["Conserve Battery","Redo+1","Steam+1"],"picked":"SKIP","floor":35},{"not_picked":["Ball Lightning","Cold Snap"],"picked":"Steam+1","floor":36},{"not_picked":["Gash+1","Hologram+1"],"picked":"Leap+1","floor":37},{"not_picked":["Glacier+1","Scrape","Genetic Algorithm+1"],"picked":"SKIP","floor":40},{"not_picked":["Hologram+1","Reinforced Body","Force Field"],"picked":"SKIP","floor":42},{"not_picked":["Steam","Hologram"],"picked":"Capacitor+1","floor":44},{"not_picked":["Gash+1","Double Energy+1"],"picked":"BootSequence","floor":45},{"not_picked":["Sunder+1","Skim"],"picked":"Self Repair+1","floor":46},{"not_picked":["Self Repair+1","Turbo"],"picked":"Storm+1","floor":47},{"not_picked":["Tempest","Turbo","Leap+1"],"picked":"SKIP","floor":48},{"not_picked":["Fission","Machine Learning+1","Go for the Eyes+1"],"picked":"SKIP","floor":54}],"player_experience":207688,"relics_obtained":[{"floor":6,"key":"Strawberry"},{"floor":8,"key":"Calipers"},{"floor":9,"key":"Frozen Egg 2"},{"floor":14,"key":"Art of War"},{"floor":25,"key":"War Paint"},{"floor":25,"key":"Mummified Hand"},{"floor":37,"key":"Unceasing Top"},{"floor":40,"key":"Ginger"},{"floor":40,"key":"Boot"},{"floor":42,"key":"Mercury Hourglass"},{"floor":42,"key":"Molten Egg 2"},{"floor":43,"key":"Centennial Puzzle"},{"floor":45,"key":"Incense Burner"},{"floor":45,"key":"Bronze Scales"},{"floor":47,"key":"MawBank"},{"floor":47,"key":"Darkstone Periapt"},{"floor":54,"key":"Blood Vial"},{"floor":54,"key":"Pen Nib"}],"event_choices":[{"damage_healed":0,"gold_gain":0,"player_choice":"Read","damage_taken":0,"max_hp_gain":0,"max_hp_loss":0,"event_name":"The Library","floor":20,"gold_loss":0,"cards_obtained":["Self Repair"]},{"damage_healed":0,"gold_gain":0,"player_choice":"Opened","damage_taken":0,"relics_obtained":["PreservedInsect"],"max_hp_gain":0,"max_hp_loss":0,"event_name":"The Mausoleum","floor":27,"gold_loss":0},{"damage_healed":0,"gold_gain":100,"player_choice":"Pray","damage_taken":0,"max_hp_gain":0,"max_hp_loss":0,"event_name":"Golden Shrine","floor":30,"gold_loss":0},{"damage_healed":0,"gold_gain":0,"player_choice":"Fight","damage_taken":0,"max_hp_gain":0,"max_hp_loss":0,"event_name":"Mysterious Sphere","floor":37,"gold_loss":0},{"damage_healed":0,"gold_gain":0,"cards_transformed":["Strike_B"],"player_choice":"Transformed","damage_taken":0,"max_hp_gain":0,"max_hp_loss":0,"event_name":"Transmorgrifier","floor":39,"gold_loss":0,"cards_obtained":["Consume"]}],"is_beta":false,"boss_relics":[{"not_picked":["Busted Crown","Orrery"],"picked":"Black Star"},{"not_picked":["Calling Bell","FrozenCore","Cursed Key"]}],"items_purged_floors":[38],"is_endless":false,"potions_floor_spawned":[1,4,14,16,21,29,33,35,37,40,46],"ascension_level":1}