{"gold_per_floor":[362,373,373,47,47,75,75,104,185,215,290,309,320,79,79,181,181,181,181,181,181,181,181,181,181,181,181,181],"floor_reached":28,"playtime":1390,"items_purged":["Strike_R"],"score":412,"play_id":"a4d5eb31-f984-4272-933c-5fd474475263","local_time":"20190114215524","is_ascension_mode":true,"campfire_choices":[{"data":"Limit Break","floor":7,"key":"SMITH"},{"data":"Flame Barrier","floor":15,"key":"SMITH"},{"data":"Whirlwind","floor":24,"key":"SMITH"}],"neow_cost":"TEN_PERCENT_HP_LOSS","seed_source_timestamp":74750750704969,"circlet_count":0,"master_deck":["Strike_R","Strike_R","Strike_R","Strike_R","Defend_R","Defend_R","Defend_R","Defend_R","Bash","Infernal Blade+1","Iron Wave","Inflame","Limit Break+1","Double Tap","Infernal Blade","Sword Boomerang","Flame Barrier+1","Whirlwind+1","Battle Trance","Shrug It Off","Immolate","Evolve","Twin Strike","Power Through","Shrug It Off","Armaments+1","Heavy Blade","Exhume"],"relics":["Burning Blood","Lantern","Potion Belt","Girya","Kunai","Mercury Hourglass","Ectoplasm","Ice Cream","Tiny Chest","Question Card","Centennial Puzzle"],"potions_floor_usage":[6,8,23,23],"damage_taken":[{"damage":6,"enemies":"Cultist","floor":1,"turns":3},{"damage":0,"enemies":"Small Slimes","floor":2,"turns":3},{"damage":19,"enemies":"Gremlin Nob","floor":6,"turns":3},{"damage":20,"enemies":"3 Sentries","floor":8,"turns":7},{"damage":18,"enemies":"Lagavulin","floor":10,"turns":6},{"damage":1,"enemies":"2 Louse","floor":12,"turns":2},{"damage":3,"enemies":"Blue Slaver","floor":13,"turns":2},{"damage":12,"enemies":"Hexaghost","floor":16,"turns":6},{"damage":0,"enemies":"Spheric Guardian","floor":18,"turns":3},{"damage":0,"enemies":"Chosen","floor":19,"turns":2},{"damage":0,"enemies":"3 Cultists","floor":22,"turns":3},{"damage":12,"enemies":"Book of Stabbing","floor":23,"turns":4},{"damage":36,"enemies":"Slavers","floor":25,"turns":4},{"damage":29,"enemies":"Book of Stabbing","floor":27,"turns":5},{"damage":17,"enemies":"Shelled Parasite and Fungi","floor":28,"turns":4}],"seed_played":"-65234971690797503","potions_obtained":[{"floor":1,"key":"AttackPotion"},{"floor":2,"key":"Regen Potion"},{"floor":10,"key":"PowerPotion"},{"floor":22,"key":"Energy Potion"}],"is_trial":false,"path_per_floor":["M","M","?","$","?","E","R","E","T","E","?","M","M","$","R","B",null,"M","M","?","?","M","E","R","E","T","E","M"],"character_chosen":"IRONCLAD","items_purchased":["Inflame","Limit Break","Lantern","Whirlwind","Battle Trance","Shrug It Off"],"campfire_rested":0,"item_purchase_floors":[4,4,4,14,14,14],"current_hp_per_floor":[72,72,72,72,72,59,59,60,60,48,37,42,45,45,45,39,64,70,72,72,72,72,66,66,36,36,13,0],"gold":181,"neow_bonus":"TWO_FIFTY_GOLD","is_prod":false,"is_daily":false,"chose_seed":false,"campfire_upgraded":3,"win_rate":0,"timestamp":1547524524,"path_taken":["M","?","?","?","?","E","R","E","T","E","?","?","M","$","R","BOSS","M","M","?","?","?","E","R","E","T","E","?"],"build_version":"2019-01-10","purchased_purges":1,"victory":false,"max_hp_per_floor":[72,72,72,72,72,72,72,72,72,72,72,72,72,72,72,72,72,72,72,72,72,72,72,72,72,72,72,72],"card_choices":[{"not_picked":["Entrench","Anger"],"picked":"Infernal Blade","floor":1},{"not_picked":["Dual Wield","Searing Blow"],"picked":"Iron Wave","floor":2},{"not_picked":["Dual Wield","Armaments","Rupture"],"picked":"SKIP","floor":6},{"not_picked":["Demon Form","Pommel Strike"],"picked":"Double Tap","floor":8},{"not_picked":["Body Slam","Armaments"],"picked":"Infernal Blade","floor":10},{"not_picked":["Cleave","Clothesline"],"picked":"Sword Boomerang","floor":12},{"not_picked":["Power Through","Pummel"],"picked":"Flame Barrier","floor":13},{"not_picked":["Feed","Juggernaut"],"picked":"Immolate","floor":16},{"not_picked":["Perfected Strike","Warcry+1"],"picked":"Evolve","floor":18},{"not_picked":["Clothesline","Perfected Strike+1"],"picked":"Twin Strike","floor":19},{"not_picked":["Sever Soul","Havoc"],"picked":"Shrug It Off","floor":22},{"not_picked":["True Grit","Havoc"],"picked":"Armaments+1","floor":23},{"not_picked":["Cleave","Sentinel"],"picked":"Heavy Blade","floor":25},{"not_picked":["Clash+1","Dropkick","Flex"],"picked":"Exhume","floor":27}],"player_experience":164750,"relics_obtained":[{"floor":6,"key":"Potion Belt"},{"floor":8,"key":"Girya"},{"floor":9,"key":"Kunai"},{"floor":10,"key":"Mercury Hourglass"},{"floor":23,"key":"Ice Cream"},{"floor":25,"key":"Tiny Chest"},{"floor":26,"key":"Question Card"},{"floor":27,"key":"Centennial Puzzle"}],"event_choices":[{"damage_healed":0,"gold_gain":0,"player_choice":"Upgraded","damage_taken":0,"max_hp_gain":0,"max_hp_loss":0,"event_name":"Upgrade Shrine","floor":3,"gold_loss":0,"cards_upgraded":["Infernal Blade"]},{"damage_healed":0,"gold_gain":0,"player_choice":"Leave","damage_taken":0,"max_hp_gain":0,"max_hp_loss":0,"event_name":"The Cleric","floor":5,"gold_loss":0},{"damage_healed":0,"gold_gain":75,"player_choice":"Gather Gold","damage_taken":11,"max_hp_gain":0,"max_hp_loss":0,"event_name":"World of Goop","floor":11,"gold_loss":0},{"damage_healed":0,"gold_gain":0,"player_choice":"Read","damage_taken":0,"max_hp_gain":0,"max_hp_loss":0,"event_name":"The Library","floor":20,"gold_loss":0,"cards_obtained":["Power Through"]},{"damage_healed":0,"gold_gain":100,"player_choice":"Pray","damage_taken":0,"max_hp_gain":0,"max_hp_loss":0,"event_name":"Golden Shrine","floor":21,"gold_loss":0}],"is_beta":false,"boss_relics":[{"not_picked":["Calling Bell","Black Star"],"picked":"Ectoplasm"}],"items_purged_floors":[14],"is_endless":false,"potions_floor_spawned":[1,2,10,22],"killed_by":"Shelled Parasite and Fungi","ascension_level":8}