{"path_per_floor":["M","M","?","?","?","R","E","R","T","R","M","E","M","M","R","B",null,"M","M","?","M","$","E","R","E","T","R","?","?","M","$","R","B",null,"M","?","$","M","?","E","R","M","T","R","M"],"character_chosen":"DEFECT","items_purchased":["Shovel","Bottled Lightning","Static Discharge","Block Potion"],"gold_per_floor":[116,134,134,134,209,209,235,235,303,303,321,350,365,380,380,481,481,495,510,600,613,310,343,343,378,403,403,403,403,423,112,112,217,217,229,229,180,193,193,225,225,241,295,295,314,314],"floor_reached":46,"campfire_rested":0,"playtime":3918,"item_purchase_floors":[22,31,31,37],"current_hp_per_floor":[37,31,31,31,20,20,19,19,19,19,30,42,42,46,46,28,75,65,65,49,39,39,44,58,44,51,51,51,51,56,56,56,38,67,67,67,67,50,50,52,52,56,56,56,64,0],"items_purged":[],"gold":314,"score":546,"play_id":"6f1c49c4-d265-41f2-9809-5a7b93bd638e","local_time":"20180607220646","is_prod":false,"is_daily":false,"chose_seed":false,"is_ascension_mode":false,"campfire_upgraded":5,"win_rate":0.0,"timestamp":1528430806,"campfire_choices":[{"data":"Zap","floor":6,"key":"SMITH"},{"data":"Dualcast","floor":8,"key":"SMITH"},{"data":"Glacier","floor":10,"key":"SMITH"},{"data":"Gash","floor":15,"key":"SMITH"},{"floor":24,"key":"DIG"},{"floor":27,"key":"DIG"},{"floor":32,"key":"DIG"},{"data":"Static Discharge","floor":41,"key":"SMITH"},{"floor":44,"key":"DIG"}],"path_taken":["M","M","?","?","?","R","E","R","T","R","M","E","M","M","R","BOSS","M","M","?","M","$","E","R","E","T","R","?","?","M","$","R","BOSS","M","?","?","M","?","E","R","M","T","R","M","E"],"build_version":"2018-06-07","seed_source_timestamp":449439953641274,"purchased_purges":0,"victory":false,"master_deck":["Defend_B+1","Defend_B+1","Defend_B+1","Defend_B+1","Zap+1","Dualcast+1","Electrodynamics+1","Gash+1","Glacier+1","Barrage+1","Conserve Battery+1","BootSequence+1","Bite","Bite","Bite","Bite","Redo+1","Static Discharge+1","Reboot+1","Sweeping Beam+1","Zap+1","FTL","Fusion+1"],"max_hp_per_floor":[75,75,75,75,75,75,75,75,75,75,75,75,75,75,75,75,75,75,75,75,75,75,75,89,89,96,96,67,67,67,67,67,67,67,67,67,67,67,67,67,67,67,67,67,67,67],"relics":["Cracked Core","Meat on the Bone","Ornamental Fan","Happy Flower","Black Star","Shovel","Toxic Egg 2","Blue Candle","Mango","Oddly Smooth Stone","Potion Belt","Strawberry","Toolbox","Bottled Lightning","Letter Opener","Inserter","Boot","Vajra","Anchor","Pen Nib"],"card_choices":[{"not_picked":["Multi-Cast","Rainbow"],"picked":"Electrodynamics","floor":0},{"not_picked":["Leap","Streamline"],"picked":"Gash","floor":1},{"not_picked":["Steam","Doom and Gloom"],"picked":"Glacier","floor":2},{"not_picked":["Steam Power","Conserve Battery","Go for the Eyes"],"picked":"SKIP","floor":7},{"not_picked":["Rip and Tear","Leap","Buffer"],"picked":"SKIP","floor":11},{"not_picked":["Go for the Eyes","Stack","Double Energy"],"picked":"SKIP","floor":12},{"not_picked":["White Noise","Reinforced Body","Ball Lightning"],"picked":"SKIP","floor":13},{"not_picked":["Stack","Coolheaded","Redo"],"picked":"SKIP","floor":14},{"not_picked":["Hologram","Go for the Eyes","Conserve Battery"],"picked":"SKIP","floor":18},{"not_picked":["Redo","Aggregate"],"picked":"Barrage+1","floor":19},{"not_picked":["Steam","Beam Cell"],"picked":"Conserve Battery+1","floor":21},{"not_picked":["Cold Snap","Hologram+1","Scrape+1"],"picked":"SKIP","floor":23},{"not_picked":["Stack+1","Fusion+1"],"picked":"BootSequence+1","floor":25},{"not_picked":["Stack+1","Cold Snap"],"picked":"Redo+1","floor":30},{"not_picked":["Fission+1","Biased Cognition"],"picked":"Reboot+1","floor":33},{"not_picked":["Stack+1","Capacitor"],"picked":"Sweeping Beam+1","floor":35},{"not_picked":["Reprogram+1","Genetic Algorithm+1","Leap+1"],"picked":"SKIP","floor":38},{"not_picked":["Force Field+1","Skim+1","Doom and Gloom+1"],"picked":"SKIP","floor":40},{"not_picked":["Aggregate+1","Stack+1"],"picked":"FTL","floor":42},{"not_picked":["BootSequence+1","Ball Lightning"],"picked":"Fusion+1","floor":45}],"player_experience":123500,"potions_floor_usage":[7,7,7,16,21,23,33,45,46,46,46],"damage_taken":[{"damage":1,"enemies":"2 Louse","floor":1,"turns":2},{"damage":6,"enemies":"Jaw Worm","floor":2,"turns":4},{"damage":1,"enemies":"Lagavulin","floor":7,"turns":5},{"damage":1,"enemies":"Cultist","floor":11,"turns":3},{"damage":0,"enemies":"3 Sentries","floor":12,"turns":5},{"damage":0,"enemies":"3 Louse","floor":13,"turns":1},{"damage":8,"enemies":"Red Slaver","floor":14,"turns":2},{"damage":30,"enemies":"Hexaghost","floor":16,"turns":13},{"damage":10,"enemies":"2 Thieves","floor":18,"turns":3},{"damage":0,"enemies":"3 Byrds","floor":19,"turns":1},{"damage":10,"enemies":"Cultist and Chosen","floor":21,"turns":5},{"damage":7,"enemies":"Gremlin Leader","floor":23,"turns":6},{"damage":26,"enemies":"Slavers","floor":25,"turns":4},{"damage":5,"enemies":"Slaver and Parasite","floor":30,"turns":6},{"damage":58,"enemies":"Champ","floor":33,"turns":11},{"damage":0,"enemies":"3 Shapes","floor":35,"turns":3},{"damage":17,"enemies":"3 Darklings","floor":38,"turns":3},{"damage":2,"enemies":"2 Orb Walkers","floor":40,"turns":3},{"damage":0,"enemies":"Sphere and 2 Shapes","floor":42,"turns":2},{"damage":0,"enemies":"4 Shapes","floor":45,"turns":3},{"damage":92,"enemies":"Giant Head","floor":46,"turns":10}],"relics_obtained":[{"floor":7,"key":"Meat on the Bone"},{"floor":9,"key":"Ornamental Fan"},{"floor":12,"key":"Happy Flower"},{"floor":23,"key":"Toxic Egg 2"},{"floor":23,"key":"Blue Candle"},{"floor":24,"key":"Mango"},{"floor":25,"key":"Oddly Smooth Stone"},{"floor":25,"key":"Potion Belt"},{"floor":26,"key":"Strawberry"},{"floor":27,"key":"Toolbox"},{"floor":32,"key":"Letter Opener"},{"floor":40,"key":"Boot"},{"floor":40,"key":"Vajra"},{"floor":43,"key":"Anchor"},{"floor":44,"key":"Pen Nib"}],"event_choices":[{"event_name":"Living Wall","player_choice":"Grow","floor":3,"damage_taken":0},{"event_name":"The Woman in Blue","player_choice":"Bought 0 Potions","floor":4,"damage_taken":0},{"event_name":"World of Goop","player_choice":"Gather Gold","floor":5,"damage_taken":0},{"event_name":"Knowing Skull","player_choice":"GOLD ","floor":20,"damage_taken":0},{"event_name":"Vampires","player_choice":"Became a vampire","floor":28,"damage_taken":0},{"event_name":"Back to Basics","player_choice":"Simplicity","floor":29,"damage_taken":0},{"event_name":"Falling","player_choice":"Removed Attack","floor":36,"damage_taken":0},{"event_name":"Match and Keep!","player_choice":"1 cards matched","floor":39,"damage_taken":0}],"boss_relics":[{"not_picked":["Calling Bell","Snecko Eye"],"picked":"Black Star"},{"not_picked":["Sozu","Busted Crown"],"picked":"Inserter"}],"items_purged_floors":[],"potions_floor_spawned":[2,7,14,18,19,21,35,45],"seed_played":"-5067927112450636826","killed_by":"Giant Head","ascension_level":0,"potions_obtained":[{"floor":2,"key":"EntropicBrew"},{"floor":7,"key":"Explosive Potion"},{"floor":14,"key":"EssenceOfSteel"},{"floor":18,"key":"LiquidBronze"},{"floor":19,"key":"Block Potion"},{"floor":21,"key":"Dexterity Potion"},{"floor":35,"key":"EssenceOfSteel"},{"floor":45,"key":"SpeedPotion"}],"is_trial":false}