{"gold_per_floor":[118,118,118,132,82,115,12,39,39,39,39,39,71,92,92,197,197,208,568,151,163,94,127,145,145,168,203,54,54,85,100,100,198,198,218,235,155,205,205,240,253,273,298,310,335,277,277,7,7,7],"floor_reached":51,"playtime":1601,"items_purged":["Strike_B","Decay","Clumsy"],"score":997,"play_id":"99e98229-bab2-4e81-a5b4-859ffcb9037e","local_time":"20190126105728","is_ascension_mode":false,"campfire_choices":[{"data":"Defragment","floor":10,"key":"SMITH"},{"data":"Storm","floor":12,"key":"SMITH"},{"data":"Sweeping Beam","floor":15,"key":"SMITH"},{"floor":25,"key":"REST"},{"data":"Electrodynamics","floor":29,"key":"SMITH"},{"data":"Defragment","floor":32,"key":"SMITH"},{"data":"Creative AI","floor":47,"key":"SMITH"},{"data":"Capacitor","floor":49,"key":"SMITH"}],"neow_cost":"NONE","seed_source_timestamp":231757096151200,"circlet_count":0,"master_deck":["Strike_B","Defend_B","Defend_B","Defend_B","Defend_B","Zap","Dualcast","Sweeping Beam+1","Beam Cell","Seek","Defragment+1","Redo","Storm+1","Capacitor","Electrodynamics+1","Leap","Capacitor+1","Storm+1","Storm+1","Reinforced Body","Storm+1","Conserve Battery","Defragment+1","Darkness+1","Machine Learning","Loop","Conserve Battery+1","Hello World","Skim","Creative AI+1","Heatsinks","Static Discharge","Loop"],"relics":["Cracked Core","NeowsBlessing","WarpedTongs","StoneCalendar","Potion Belt","Matryoshka","Bottled Flame","Odd Mushroom","Cursed Key","Thread and Needle","Pen Nib","Vajra","Ancient Tea Set","Mummified Hand","Anchor","Philosopher\u0027s Stone","FossilizedHelix","Bag of Preparation","Orichalcum","MawBank"],"potions_floor_usage":[13,14,27,38,40,50,50,50],"damage_taken":[{"damage":0,"enemies":"2 Louse","floor":1,"turns":1},{"damage":0,"enemies":"Jaw Worm","floor":4,"turns":1},{"damage":0,"enemies":"Gremlin Nob","floor":6,"turns":1},{"damage":23,"enemies":"Lagavulin","floor":8,"turns":5},{"damage":14,"enemies":"3 Sentries","floor":13,"turns":4},{"damage":0,"enemies":"The Mushroom Lair","floor":14,"turns":2},{"damage":1,"enemies":"Slime Boss","floor":16,"turns":6},{"damage":15,"enemies":"3 Byrds","floor":18,"turns":2},{"damage":1,"enemies":"Chosen","floor":21,"turns":3},{"damage":0,"enemies":"Gremlin Leader","floor":23,"turns":3},{"damage":11,"enemies":"Centurion and Healer","floor":24,"turns":3},{"damage":15,"enemies":"Slavers","floor":27,"turns":2},{"damage":0,"enemies":"Book of Stabbing","floor":30,"turns":3},{"damage":0,"enemies":"Shelled Parasite and Fungi","floor":31,"turns":2},{"damage":0,"enemies":"Collector","floor":33,"turns":4},{"damage":0,"enemies":"Orb Walker","floor":35,"turns":2},{"damage":0,"enemies":"3 Shapes","floor":36,"turns":3},{"damage":22,"enemies":"2 Orb Walkers","floor":38,"turns":3},{"damage":0,"enemies":"Nemesis","floor":40,"turns":5},{"damage":0,"enemies":"3 Darklings","floor":41,"turns":2},{"damage":0,"enemies":"Sphere and 2 Shapes","floor":42,"turns":2},{"damage":0,"enemies":"Transient","floor":45,"turns":5},{"damage":0,"enemies":"Donu and Deca","floor":50,"turns":1}],"seed_played":"-1924674732031516153","potions_obtained":[{"floor":8,"key":"Explosive Potion"},{"floor":13,"key":"Explosive Potion"},{"floor":16,"key":"Strength Potion"},{"floor":24,"key":"EssenceOfSteel"},{"floor":31,"key":"Weak Potion"},{"floor":33,"key":"Energy Potion"},{"floor":36,"key":"Weak Potion"},{"floor":41,"key":"Swift Potion"},{"floor":42,"key":"PowerPotion"},{"floor":45,"key":"Swift Potion"}],"is_trial":false,"path_per_floor":["M","?","?","M","?","E","$","E","T","R","$","R","E","?","R","B",null,"M","?","$","M","$","E","M","R","T","E","$","R","E","M","R","B",null,"M","M","$","?","?","E","M","M","T","?","M","$","R","$","R","B",null],"character_chosen":"DEFECT","items_purchased":["Defragment","Redo","Thread and Needle","Capacitor","Storm","Conserve Battery","Loop","Static Discharge","Loop","EssenceOfSteel"],"campfire_rested":1,"item_purchase_floors":[7,7,20,20,22,28,37,46,48,48],"current_hp_per_floor":[75,75,75,75,75,75,75,52,52,52,52,52,38,38,38,37,75,60,25,25,24,24,24,13,35,35,20,20,20,20,20,20,20,75,75,75,75,53,53,53,53,53,53,53,53,53,53,53,53,53],"gold":7,"neow_bonus":"THREE_ENEMY_KILL","is_prod":false,"is_daily":false,"chose_seed":false,"campfire_upgraded":7,"win_rate":0.0,"timestamp":1548525448,"path_taken":["M","?","?","?","?","E","$","E","T","R","$","R","E","?","R","BOSS","M","?","$","M","?","E","?","R","T","E","$","R","E","M","R","BOSS","M","M","?","?","?","E","M","?","T","?","?","$","R","$","R","BOSS"],"build_version":"2019-01-23","purchased_purges":3,"victory":true,"max_hp_per_floor":[75,75,75,75,75,75,75,75,75,75,75,75,75,75,75,75,75,75,75,75,75,75,75,75,75,75,75,75,75,75,75,75,75,75,75,75,75,75,75,75,75,75,75,75,75,75,75,75,75,75],"card_choices":[{"not_picked":["Stack","Coolheaded"],"picked":"Sweeping Beam","floor":1},{"not_picked":["FTL","Loop","Melter"],"picked":"SKIP","floor":4},{"not_picked":["Melter","Coolheaded"],"picked":"Seek","floor":6},{"not_picked":["Ball Lightning","Streamline"],"picked":"Storm","floor":8},{"not_picked":["Rip and Tear","Cold Snap"],"picked":"Capacitor","floor":13},{"not_picked":["Machine Learning","Reboot"],"picked":"Electrodynamics","floor":16},{"not_picked":["Blizzard+1","Stack"],"picked":"Leap","floor":18},{"not_picked":["Fusion","Stack+1"],"picked":"Storm+1","floor":21},{"not_picked":["Melter","Compile Driver"],"picked":"Reinforced Body","floor":23},{"not_picked":["Beam Cell","Steam","Redo"],"picked":"SKIP","floor":24},{"not_picked":["Stack","Skim"],"picked":"Storm+1","floor":27},{"not_picked":["Heatsinks+1","Melter"],"picked":"Defragment","floor":30},{"not_picked":["Compile Driver","Steam Power"],"picked":"Darkness+1","floor":31},{"not_picked":["Multi-Cast","Amplify"],"picked":"Machine Learning","floor":33},{"not_picked":["Compile Driver+1","Steam","Fusion"],"picked":"SKIP","floor":35},{"not_picked":["Stack+1","Go for the Eyes","Beam Cell"],"picked":"SKIP","floor":36},{"not_picked":["Barrage","Ball Lightning+1"],"picked":"Conserve Battery+1","floor":38},{"not_picked":["Streamline+1","Hello World"],"picked":"Skim","floor":40},{"not_picked":["Coolheaded","Static Discharge+1"],"picked":"Creative AI","floor":41},{"not_picked":["Hologram+1","Ball Lightning"],"picked":"Heatsinks","floor":42},{"not_picked":["Lockon+1","Glacier+1","Beam Cell"],"picked":"SKIP","floor":45}],"player_experience":273893,"relics_obtained":[{"floor":6,"key":"StoneCalendar"},{"floor":8,"key":"Potion Belt"},{"floor":9,"key":"Matryoshka"},{"floor":13,"key":"Bottled Flame"},{"floor":14,"key":"Odd Mushroom"},{"floor":23,"key":"Pen Nib"},{"floor":26,"key":"Vajra"},{"floor":26,"key":"Ancient Tea Set"},{"floor":27,"key":"Mummified Hand"},{"floor":30,"key":"Anchor"},{"floor":38,"key":"FossilizedHelix"},{"floor":40,"key":"Bag of Preparation"},{"floor":43,"key":"Orichalcum"},{"floor":43,"key":"MawBank"}],"event_choices":[{"damage_healed":0,"gold_gain":0,"cards_transformed":["Strike_B"],"player_choice":"Change","damage_taken":0,"max_hp_gain":0,"max_hp_loss":0,"event_name":"Living Wall","floor":2,"gold_loss":0,"cards_obtained":["Beam Cell"]},{"damage_healed":0,"gold_gain":0,"player_choice":"Rummage","damage_taken":0,"relics_obtained":["WarpedTongs"],"max_hp_gain":0,"max_hp_loss":0,"event_name":"Accursed Blacksmith","floor":3,"gold_loss":0,"cards_obtained":["Pain"]},{"cards_removed":["Pain"],"damage_healed":0,"gold_gain":0,"player_choice":"Card Removal","damage_taken":0,"max_hp_gain":0,"max_hp_loss":0,"event_name":"The Cleric","floor":5,"gold_loss":50},{"damage_healed":0,"gold_gain":0,"player_choice":"Fought Mushrooms","damage_taken":0,"max_hp_gain":0,"max_hp_loss":0,"event_name":"Mushrooms","floor":14,"gold_loss":0},{"damage_healed":0,"gold_gain":360,"player_choice":"GOLD GOLD GOLD GOLD ","damage_taken":35,"max_hp_gain":0,"max_hp_loss":0,"event_name":"Knowing Skull","floor":19,"potions_obtained":[],"gold_loss":0,"cards_obtained":[]},{"damage_healed":0,"gold_gain":0,"player_choice":"Fight","damage_taken":0,"max_hp_gain":0,"max_hp_loss":0,"event_name":"Mysterious Sphere","floor":38,"gold_loss":0},{"damage_healed":0,"gold_gain":0,"cards_transformed":["Strike_B"],"player_choice":"Transformed","damage_taken":0,"max_hp_gain":0,"max_hp_loss":0,"event_name":"Transmorgrifier","floor":39,"gold_loss":0,"cards_obtained":["Hello World"]},{"damage_healed":0,"gold_gain":0,"player_choice":"Upgraded","damage_taken":0,"max_hp_gain":0,"max_hp_loss":0,"event_name":"Upgrade Shrine","floor":44,"gold_loss":0,"cards_upgraded":["Storm"]}],"is_beta":false,"boss_relics":[{"not_picked":["Orrery","Coffee Dripper"],"picked":"Cursed Key"},{"not_picked":["Snecko Eye","Astrolabe"],"picked":"Philosopher\u0027s Stone"}],"items_purged_floors":[20,28,48],"is_endless":false,"potions_floor_spawned":[8,13,16,24,31,33,36,41,42,45],"ascension_level":0}