{"gold_per_floor":[369,369,388,388,15,51,51,86,86,104,4,20,20,35,35,159,159,182,182,192,192,67,67,87,87],"floor_reached":25,"playtime":2395,"items_purged":["Strike_R","Strike_R","Strike_R"],"score":243,"play_id":"a7a130ea-fd44-4f00-a02e-338e41ae0512","local_time":"20181101173830","is_ascension_mode":true,"campfire_choices":[{"floor":7,"key":"REST"},{"floor":13,"key":"REST"},{"data":"Brutality","floor":15,"key":"SMITH"},{"floor":23,"key":"REST"}],"neow_cost":"PERCENT_DAMAGE","seed_source_timestamp":92861303770285,"circlet_count":0,"master_deck":["Strike_R","Strike_R","Defend_R","Defend_R","Defend_R","Defend_R","Bash","Dropkick","Shrug It Off","Dropkick","Good Instincts","Armaments","Brutality+1","Armaments","Uppercut","Shrug It Off","Reaper","Shrug It Off","Thunderclap+1","Dropkick"],"relics":["Burning Blood","Paper Frog","Bloody Idol","Regal Pillow","Gremlin Horn","WingedGreaves","Self Forming Clay","Black Star"],"potions_floor_usage":[6,20],"damage_taken":[{"damage":6,"enemies":"Cultist","floor":1,"turns":4},{"damage":12,"enemies":"Small Slimes","floor":3,"turns":3},{"damage":20,"enemies":"Lagavulin","floor":6,"turns":9},{"damage":44,"enemies":"3 Sentries","floor":8,"turns":16},{"damage":0,"enemies":"Jaw Worm","floor":10,"turns":3},{"damage":7,"enemies":"Exordium Thugs","floor":12,"turns":6},{"damage":5,"enemies":"Exordium Wildlife","floor":14,"turns":4},{"damage":47,"enemies":"Slime Boss","floor":16,"turns":14},{"damage":14,"enemies":"Shell Parasite","floor":18,"turns":8},{"damage":35,"enemies":"3 Byrds","floor":20,"turns":9},{"damage":35,"enemies":"Colosseum Slavers","floor":21,"turns":6},{"damage":34,"enemies":"Snake Plant","floor":24,"turns":8},{"damage":79,"enemies":"3 Cultists","floor":25,"turns":6}],"seed_played":"-745606704046805971","potions_obtained":[{"floor":1,"key":"EssenceOfSteel"},{"floor":10,"key":"Dexterity Potion"},{"floor":14,"key":"Weak Potion"}],"is_trial":false,"path_per_floor":["M","?","M","?","$","E","R","E","T","M","$","M","R","M","R","B",null,"M","?","M","?","$","R","M"],"character_chosen":"IRONCLAD","items_purchased":["Dropkick","Good Instincts","Regal Pillow"],"campfire_rested":3,"item_purchase_floors":[5,5,5],"current_hp_per_floor":[56,53,47,47,47,33,70,32,32,38,38,37,74,74,74,33,74,70,70,52,23,23,60,42,0],"gold":87,"neow_bonus":"TWO_FIFTY_GOLD","is_prod":false,"is_daily":false,"chose_seed":false,"campfire_upgraded":1,"win_rate":0,"timestamp":1541108310,"path_taken":["M","?","M","?","$","E","R","E","T","M","?","?","R","M","R","BOSS","M","?","?","?","$","R","M","M"],"build_version":"2018-10-25v2","purchased_purges":3,"victory":false,"max_hp_per_floor":[80,80,80,74,74,74,74,74,74,74,74,74,74,74,74,74,74,74,74,74,74,74,74,74,74],"card_choices":[{"not_picked":["Combust","Carnage"],"picked":"Dropkick","floor":1},{"not_picked":["Battle Trance","Sword Boomerang"],"picked":"Shrug It Off","floor":3},{"not_picked":["Double Tap","Sever Soul"],"picked":"Armaments","floor":6},{"not_picked":["Feel No Pain","Twin Strike"],"picked":"Brutality","floor":8},{"not_picked":["Intimidate","Shrug It Off"],"picked":"Armaments","floor":10},{"not_picked":["True Grit","Reckless Charge"],"picked":"Uppercut","floor":12},{"not_picked":["Twin Strike","Feel No Pain"],"picked":"Shrug It Off","floor":14},{"not_picked":["Bludgeon","Impervious"],"picked":"Reaper","floor":16},{"not_picked":["Armaments","Whirlwind"],"picked":"Shrug It Off","floor":18},{"not_picked":["Heavy Blade","Flex+1"],"picked":"Thunderclap+1","floor":20},{"not_picked":["Rupture","Reckless Charge"],"picked":"Dropkick","floor":24}],"player_experience":218934,"relics_obtained":[{"floor":6,"key":"Gremlin Horn"},{"floor":8,"key":"WingedGreaves"},{"floor":9,"key":"Self Forming Clay"}],"event_choices":[{"damage_healed":0,"gold_gain":0,"player_choice":"Success","damage_taken":3,"relics_obtained":["Paper Frog"],"max_hp_gain":0,"max_hp_loss":0,"event_name":"Scrap Ooze","floor":2,"gold_loss":0},{"damage_healed":0,"gold_gain":0,"player_choice":"Lose Max HP","damage_taken":0,"relics_obtained":["Golden Idol"],"max_hp_gain":0,"max_hp_loss":6,"event_name":"Golden Idol","floor":4,"gold_loss":0},{"damage_healed":0,"gold_gain":0,"player_choice":"Gave Idol","damage_taken":0,"relics_obtained":["Bloody Idol"],"max_hp_gain":0,"max_hp_loss":0,"event_name":"Forgotten Altar","floor":19,"relics_lost":["Golden Idol"],"gold_loss":0},{"damage_healed":0,"gold_gain":0,"player_choice":"Fight","damage_taken":0,"max_hp_gain":0,"max_hp_loss":0,"event_name":"Colosseum","floor":21,"gold_loss":0},{"damage_healed":0,"gold_gain":0,"player_choice":"Fled From Nobs","damage_taken":0,"max_hp_gain":0,"max_hp_loss":0,"event_name":"Colosseum","floor":21,"gold_loss":0}],"is_beta":false,"boss_relics":[{"not_picked":["Ectoplasm","Fusion Hammer"],"picked":"Black Star"}],"items_purged_floors":[5,11,22],"is_endless":false,"potions_floor_spawned":[1,10,14,21],"killed_by":"3 Cultists","ascension_level":3}