{"gold_per_floor":[109,128,128,144,21,55,55,55,55,130,150,150,164,164],"floor_reached":14,"playtime":735,"items_purged":["Regret"],"score":126,"play_id":"34256b1d-fae1-48e3-96a8-127103aa4b0a","local_time":"20181124212603","is_ascension_mode":true,"campfire_choices":[{"floor":7,"key":"REST"},{"floor":12,"key":"REST"}],"neow_cost":"NONE","seed_source_timestamp":80071225140907,"circlet_count":0,"master_deck":["Strike_B","Strike_B","Strike_B","Strike_B","Defend_B","Defend_B","Defend_B","Defend_B","Zap","Dualcast","Coolheaded","Defragment","Gash","Redo","Thunder Strike","Leap"],"relics":["Black Star","Dodecahedron","Incense Burner","Gambling Chip","Bottled Tornado"],"potions_floor_usage":[6,11,13,13],"damage_taken":[{"damage":1,"enemies":"Cultist","floor":1,"turns":3},{"damage":13,"enemies":"Jaw Worm","floor":2,"turns":7},{"damage":23,"enemies":"Small Slimes","floor":4,"turns":4},{"damage":23,"enemies":"Lagavulin","floor":6,"turns":10},{"damage":5,"enemies":"Exordium Wildlife","floor":11,"turns":4},{"damage":35,"enemies":"Gremlin Gang","floor":13,"turns":5},{"damage":3,"enemies":"Blue Slaver","floor":14,"turns":1}],"seed_played":"3137041216368248697","potions_obtained":[{"floor":4,"key":"FearPotion"},{"floor":6,"key":"EntropicBrew"}],"is_trial":false,"path_per_floor":["M","M","?","M","$","E","R","?","T","?","M","R","M","M"],"character_chosen":"DEFECT","items_purchased":["Redo"],"campfire_rested":2,"item_purchase_floors":[5],"current_hp_per_floor":[67,54,54,31,31,8,30,30,30,19,14,36,1,0],"gold":164,"neow_bonus":"BOSS_RELIC","is_prod":false,"is_daily":false,"chose_seed":false,"campfire_upgraded":0,"win_rate":0,"timestamp":1543094763,"path_taken":["M","M","?","M","$","E","R","?","T","?","M","R","?","M"],"build_version":"2018-11-15","purchased_purges":1,"victory":false,"max_hp_per_floor":[75,75,75,75,75,75,75,75,75,75,75,75,75,75],"card_choices":[{"not_picked":["Conserve Battery","Doom and Gloom"],"picked":"Coolheaded","floor":1},{"not_picked":["Rebound","Cold Snap"],"picked":"Defragment","floor":2},{"not_picked":["Ball Lightning","Turbo"],"picked":"Gash","floor":4},{"not_picked":["Hologram","Fusion","Rip and Tear"],"picked":"SKIP","floor":6},{"not_picked":["Storm","Barrage"],"picked":"Thunder Strike","floor":11},{"not_picked":["Rip and Tear","Coolheaded"],"picked":"Leap","floor":13}],"player_experience":890635,"relics_obtained":[{"floor":6,"key":"Incense Burner"},{"floor":6,"key":"Gambling Chip"},{"floor":9,"key":"Bottled Tornado"}],"event_choices":[{"damage_healed":0,"gold_gain":0,"player_choice":"Box","damage_taken":0,"relics_obtained":["Dodecahedron"],"max_hp_gain":0,"max_hp_loss":0,"event_name":"Big Fish","floor":3,"gold_loss":0,"cards_obtained":["Regret"]},{"damage_healed":0,"gold_gain":0,"player_choice":"Ignored","damage_taken":0,"max_hp_gain":0,"max_hp_loss":0,"event_name":"Shining Light","floor":8,"gold_loss":0},{"damage_healed":0,"gold_gain":75,"player_choice":"Gather Gold","damage_taken":11,"max_hp_gain":0,"max_hp_loss":0,"event_name":"World of Goop","floor":10,"gold_loss":0}],"is_beta":false,"boss_relics":[],"items_purged_floors":[5],"is_endless":false,"potions_floor_spawned":[4,6,11],"killed_by":"Blue Slaver","ascension_level":8}