{"gold_per_floor":[112,36,111,111,111,139,139,139,213,68,68,68,83,94,94,194,194,212,224,34,46,46,46,76,76,128,139,170,180,193,193],"floor_reached":31,"playtime":1009,"items_purged":["Strike_G"],"score":358,"play_id":"557e2037-6a53-4833-bc9b-512ce6862b40","local_time":"20181219183351","is_ascension_mode":true,"campfire_choices":[{"data":"Noxious Fumes","floor":7,"key":"SMITH"},{"data":"Footwork","floor":11,"key":"SMITH"},{"data":"Neutralize","floor":15,"key":"SMITH"},{"floor":23,"key":"RECALL"},{"floor":25,"key":"REST"}],"neow_cost":"NONE","seed_source_timestamp":169079531332000,"circlet_count":0,"master_deck":["Defend_G","Defend_G","Defend_G","Defend_G","Defend_G","Strike_G","Strike_G","Strike_G","Strike_G","Survivor","Neutralize+1","Noxious Fumes+1","Noxious Fumes+1","Footwork+1","Deadly Poison+1","Grand Finale","Prepared","Catalyst+1","Venomology","Footwork+1","Catalyst"],"relics":["Ring of the Snake","NeowsBlessing","Strawberry","Blood Vial","Mercury Hourglass","Lizard Tail","TwistedFunnel","Potion Belt","Centennial Puzzle","Art of War"],"potions_floor_usage":[18,19,21,29,30,31,31],"damage_taken":[{"damage":0,"enemies":"Small Slimes","floor":1,"turns":1},{"damage":0,"enemies":"3 Sentries","floor":6,"turns":1},{"damage":0,"enemies":"2 Louse","floor":13,"turns":1},{"damage":0,"enemies":"Jaw Worm","floor":14,"turns":4},{"damage":22,"enemies":"Slime Boss","floor":16,"turns":8},{"damage":3,"enemies":"Spheric Guardian","floor":18,"turns":5},{"damage":6,"enemies":"2 Thieves","floor":19,"turns":4},{"damage":11,"enemies":"3 Cultists","floor":21,"turns":4},{"damage":44,"enemies":"Gremlin Leader","floor":24,"turns":6},{"damage":9,"enemies":"Shelled Parasite and Fungi","floor":27,"turns":4},{"damage":68,"enemies":"Slavers","floor":28,"turns":5},{"damage":11,"enemies":"Centurion and Healer","floor":29,"turns":5},{"damage":4,"enemies":"Snake Plant","floor":30,"turns":5},{"damage":7,"enemies":"Cultist and Chosen","floor":31,"turns":3}],"seed_played":"-4083172768950479585","potions_obtained":[{"floor":6,"key":"Energy Potion"},{"floor":14,"key":"Weak Potion"},{"floor":19,"key":"Fire Potion"},{"floor":29,"key":"Strength Potion"},{"floor":30,"key":"Dexterity Potion"}],"is_trial":false,"path_per_floor":["M","$","?","?","T","E","R","?","T","$","R","?","M","M","R","B",null,"M","M","$","M","?","R","E","R","T","M","E","M","M","M"],"character_chosen":"THE_SILENT","items_purchased":["Noxious Fumes","Footwork","TwistedFunnel"],"campfire_rested":1,"item_purchase_floors":[2,10,20],"current_hp_per_floor":[70,70,59,54,54,54,54,54,54,54,54,54,56,58,58,38,77,74,70,70,61,61,61,19,42,42,35,14,5,3,0],"gold":193,"neow_bonus":"THREE_ENEMY_KILL","is_prod":false,"is_daily":false,"chose_seed":false,"campfire_upgraded":3,"win_rate":0,"timestamp":1545240831,"path_taken":["M","$","?","?","?","E","R","?","T","?","R","?","M","M","R","BOSS","M","M","$","M","?","R","E","R","T","M","E","?","M","M"],"build_version":"2018-12-13","purchased_purges":1,"victory":false,"max_hp_per_floor":[70,70,70,77,77,77,77,77,77,77,77,77,77,77,77,77,77,77,77,77,77,77,77,77,77,77,77,77,77,77,77],"card_choices":[{"not_picked":["Outmaneuver","Flying Knee","Deflect"],"picked":"SKIP","floor":1},{"not_picked":["Crippling Poison","Flechettes"],"picked":"Noxious Fumes","floor":6},{"not_picked":["Finisher","Endless Agony","Poisoned Stab"],"picked":"SKIP","floor":13},{"not_picked":["Crippling Poison","Backflip"],"picked":"Deadly Poison","floor":14},{"not_picked":["Doppelganger","Wraith Form v2"],"picked":"Grand Finale","floor":16},{"not_picked":["Acrobatics","Well Laid Plans+1","Cloak And Dagger+1"],"picked":"SKIP","floor":18},{"not_picked":["Calculated Gamble","Infinite Blades"],"picked":"Prepared","floor":19},{"not_picked":["Poisoned Stab","Slice"],"picked":"Catalyst+1","floor":21},{"not_picked":["Eviscerate","Poisoned Stab+1","Prepared"],"picked":"SKIP","floor":24},{"not_picked":["Heel Hook","Dagger Throw","Acrobatics"],"picked":"SKIP","floor":27},{"not_picked":["Dodge and Roll","Flying Knee"],"picked":"Venomology","floor":28},{"not_picked":["Slice+1","Terror+1"],"picked":"Footwork+1","floor":29},{"not_picked":["Choke","Slice+1"],"picked":"Catalyst","floor":30}],"player_experience":805517,"relics_obtained":[{"floor":6,"key":"Blood Vial"},{"floor":9,"key":"Mercury Hourglass"},{"floor":24,"key":"Potion Belt"},{"floor":26,"key":"Centennial Puzzle"},{"floor":28,"key":"Art of War"}],"event_choices":[{"damage_healed":0,"gold_gain":75,"player_choice":"Gather Gold","damage_taken":11,"max_hp_gain":0,"max_hp_loss":0,"event_name":"World of Goop","floor":3,"gold_loss":0},{"damage_healed":0,"gold_gain":0,"player_choice":"Success","damage_taken":12,"relics_obtained":["Strawberry"],"max_hp_gain":0,"max_hp_loss":0,"event_name":"Scrap Ooze","floor":4,"gold_loss":0},{"damage_healed":0,"gold_gain":0,"player_choice":"Grow","damage_taken":0,"max_hp_gain":0,"max_hp_loss":0,"event_name":"Living Wall","floor":8,"gold_loss":0,"cards_upgraded":["Noxious Fumes"]},{"damage_healed":0,"gold_gain":0,"player_choice":"Ignored","damage_taken":0,"max_hp_gain":0,"max_hp_loss":0,"event_name":"Liars Game","floor":12,"gold_loss":0},{"damage_healed":0,"gold_gain":0,"player_choice":"Upgraded","damage_taken":0,"max_hp_gain":0,"max_hp_loss":0,"event_name":"Upgrade Shrine","floor":22,"gold_loss":0,"cards_upgraded":["Deadly Poison"]}],"is_beta":false,"boss_relics":[{"not_picked":["Coffee Dripper","Pandora\u0027s Box"],"picked":"Lizard Tail"}],"items_purged_floors":[10],"is_endless":false,"potions_floor_spawned":[6,14,19,29,30],"killed_by":"Cultist and Chosen","ascension_level":4}