{"gold_per_floor":[117,117,129,129,144,144,144,144,144,156,174,194,227,227,227,331,331,349,202,216,131,145,145,145,145,145,170,170,12,12,12,12,117,117,134,184,184,30,30,45,45],"floor_reached":41,"playtime":2452,"items_purged":["Strike_B","Strike_B"],"score":570,"play_id":"1f8d29ef-a9b4-4851-81e7-b4815b5a0d14","local_time":"20190208145900","is_ascension_mode":true,"campfire_choices":[{"data":"Zap","floor":6,"key":"SMITH"},{"floor":8,"key":"REST"},{"floor":15,"key":"REST"},{"floor":23,"key":"REST"},{"floor":25,"key":"RECALL"},{"floor":28,"key":"REST"},{"floor":32,"key":"REST"}],"neow_cost":"NONE","seed_source_timestamp":1206517468450565,"circlet_count":0,"master_deck":["Strike_B","Defend_B","Defend_B","Defend_B","Defend_B","Zap+1","Gash","Streamline+1","Gash+1","Rebound","Steam+1","Conserve Battery+1","Machine Learning","Skim+1","Skim+1","Double Energy+1","Rebound+1","BootSequence+1","All For One","Buffer","Go for the Eyes","Defragment"],"relics":["Sozu","Bronze Scales","Toxic Egg 2","Meat on the Bone","Fusion Hammer","Ginger","Bag of Marbles","Singing Bowl","Whetstone","MutagenicStrength","Cursed Key","Gambling Chip"],"potions_floor_usage":[],"damage_taken":[{"damage":0,"enemies":"2 Louse","floor":1,"turns":2},{"damage":4,"enemies":"Small Slimes","floor":3,"turns":2},{"damage":7,"enemies":"Jaw Worm","floor":5,"turns":4},{"damage":0,"enemies":"2 Fungi Beasts","floor":10,"turns":3},{"damage":30,"enemies":"Gremlin Gang","floor":11,"turns":4},{"damage":7,"enemies":"Large Slime","floor":12,"turns":5},{"damage":10,"enemies":"3 Sentries","floor":13,"turns":6},{"damage":3,"enemies":"The Guardian","floor":16,"turns":9},{"damage":13,"enemies":"2 Thieves","floor":18,"turns":4},{"damage":0,"enemies":"Spheric Guardian","floor":20,"turns":3},{"damage":0,"enemies":"3 Cultists","floor":22,"turns":4},{"damage":8,"enemies":"Gremlin Leader","floor":27,"turns":5},{"damage":7,"enemies":"Automaton","floor":33,"turns":5},{"damage":8,"enemies":"3 Shapes","floor":35,"turns":5},{"damage":32,"enemies":"2 Orb Walkers","floor":36,"turns":5},{"damage":11,"enemies":"3 Darklings","floor":40,"turns":5},{"damage":45,"enemies":"Nemesis","floor":41,"turns":3}],"seed_played":"5831380866068918491","potions_obtained":[],"is_trial":false,"path_per_floor":["M","?","M","?","M","R","?","R","T","M","M","M","E","?","R","B",null,"M","$","M","?","M","R","?","R","T","E","R","$","?","?","R","B",null,"M","?","?","$","?","M","E"],"character_chosen":"DEFECT","items_purchased":["Skim+1","All For One","Go for the Eyes"],"campfire_rested":5,"item_purchase_floors":[19,29,38],"current_hp_per_floor":[68,50,46,39,32,32,32,54,54,54,24,17,7,7,29,38,66,53,53,53,53,53,75,75,75,75,67,75,75,75,61,80,73,78,72,54,54,54,54,43,0],"gold":45,"neow_bonus":"BOSS_RELIC","is_prod":false,"is_daily":false,"chose_seed":false,"campfire_upgraded":1,"win_rate":0,"timestamp":1549634340,"path_taken":["M","?","M","?","M","R","?","R","T","?","M","M","E","?","R","BOSS","M","$","?","?","M","R","?","R","T","E","R","$","?","?","R","BOSS","M","?","?","$","?","M","E"],"build_version":"2019-01-23","purchased_purges":2,"victory":false,"max_hp_per_floor":[75,75,75,75,75,75,75,75,75,75,75,75,75,75,75,75,75,75,75,75,75,75,75,75,75,75,75,75,75,75,80,80,80,80,82,84,84,84,84,84,84],"card_choices":[{"not_picked":["Ball Lightning","Hologram"],"picked":"Gash","floor":1},{"not_picked":["Static Discharge","Cold Snap"],"picked":"Streamline","floor":3},{"not_picked":["Stack","Ball Lightning"],"picked":"Gash","floor":5},{"not_picked":["Cold Snap","Redo+1"],"picked":"Rebound","floor":10},{"not_picked":["Storm","Gash"],"picked":"Steam+1","floor":11},{"not_picked":["Stack+1","Genetic Algorithm+1"],"picked":"Coolheaded+1","floor":12},{"not_picked":["Stack+1","Barrage"],"picked":"Conserve Battery+1","floor":13},{"not_picked":["Meteor Strike","Amplify+1"],"picked":"Machine Learning","floor":16},{"not_picked":["Conserve Battery+1","Double Energy+1"],"picked":"Skim+1","floor":18},{"not_picked":["Self Repair","Compile Driver"],"picked":"Double Energy+1","floor":20},{"not_picked":["Beam Cell","Conserve Battery+1"],"picked":"Rebound","floor":22},{"not_picked":["Sweeping Beam","Ball Lightning"],"picked":"BootSequence+1","floor":27},{"not_picked":["Amplify+1","Thunder Strike"],"picked":"Buffer","floor":33},{"not_picked":["Barrage+1","Hello World+1","Redo+1"],"picked":"Singing Bowl","floor":35},{"not_picked":["Compile Driver","Turbo+1","Fusion+1"],"picked":"Singing Bowl","floor":36},{"not_picked":["Streamline","Cold Snap+1"],"picked":"Defragment","floor":40}],"player_experience":300156,"relics_obtained":[{"floor":9,"key":"Toxic Egg 2"},{"floor":13,"key":"Meat on the Bone"},{"floor":26,"key":"Singing Bowl"},{"floor":27,"key":"Whetstone"},{"floor":36,"key":"Gambling Chip"}],"event_choices":[{"damage_healed":0,"gold_gain":0,"player_choice":"Success","damage_taken":18,"relics_obtained":["Bronze Scales"],"max_hp_gain":0,"max_hp_loss":0,"event_name":"Scrap Ooze","floor":2,"gold_loss":0},{"cards_removed":["Strike_B"],"damage_healed":0,"gold_gain":0,"player_choice":"Card Removal","damage_taken":7,"max_hp_gain":0,"max_hp_loss":0,"event_name":"Golden Wing","floor":4,"gold_loss":0},{"cards_removed":["Dualcast"],"damage_healed":0,"gold_gain":0,"player_choice":"Forget","damage_taken":0,"max_hp_gain":0,"max_hp_loss":0,"event_name":"Living Wall","floor":7,"gold_loss":0},{"damage_healed":0,"gold_gain":0,"player_choice":"Upgraded","damage_taken":0,"max_hp_gain":0,"max_hp_loss":0,"event_name":"Upgrade Shrine","floor":14,"gold_loss":0,"cards_upgraded":["Streamline"]},{"damage_healed":0,"gold_gain":0,"player_choice":"Obtained Relic","damage_taken":0,"relics_obtained":["Ginger"],"max_hp_gain":0,"max_hp_loss":0,"event_name":"Addict","floor":21,"gold_loss":85},{"damage_healed":0,"gold_gain":0,"player_choice":"Opened","damage_taken":0,"relics_obtained":["Bag of Marbles"],"max_hp_gain":0,"max_hp_loss":0,"event_name":"The Mausoleum","floor":24,"gold_loss":0},{"damage_healed":0,"gold_gain":0,"player_choice":"Inject Mutagens","damage_taken":0,"relics_obtained":["MutagenicStrength"],"max_hp_gain":0,"max_hp_loss":0,"event_name":"Drug Dealer","floor":30,"gold_loss":0},{"damage_healed":0,"gold_gain":0,"player_choice":"Shed Blood","damage_taken":19,"max_hp_gain":5,"max_hp_loss":0,"event_name":"Forgotten Altar","floor":31,"gold_loss":0},{"damage_healed":0,"gold_gain":0,"player_choice":"Fight","damage_taken":0,"max_hp_gain":0,"max_hp_loss":0,"event_name":"Mysterious Sphere","floor":36,"gold_loss":0},{"damage_healed":0,"gold_gain":0,"player_choice":"Ignored","damage_taken":0,"max_hp_gain":0,"max_hp_loss":0,"event_name":"Tomb of Lord Red Mask","floor":37,"gold_loss":0},{"cards_removed":["Coolheaded"],"damage_healed":0,"gold_gain":0,"player_choice":"Removed Skill","damage_taken":0,"max_hp_gain":0,"max_hp_loss":0,"event_name":"Falling","floor":39,"gold_loss":0}],"is_beta":false,"boss_relics":[{"not_picked":["Lizard Tail","Ectoplasm"],"picked":"Fusion Hammer"},{"not_picked":["Astrolabe","Tiny House"],"picked":"Cursed Key"}],"items_purged_floors":[19,38],"is_endless":false,"potions_floor_spawned":[3,11,16,27],"killed_by":"Nemesis","ascension_level":8}