{"gold_per_floor":[361,376,14,14,25,25,54,54,54,88,52,63,63,63,63,158,158,173,185,203,203],"floor_reached":21,"playtime":766,"items_purged":[],"score":265,"play_id":"9b5802a5-0c10-417f-9c00-c8f165285fc8","local_time":"20181214184209","is_ascension_mode":true,"campfire_choices":[{"data":"Uppercut","floor":6,"key":"SMITH"},{"floor":8,"key":"REST"},{"floor":15,"key":"REST"}],"neow_cost":"TEN_PERCENT_HP_LOSS","seed_source_timestamp":89132793809488,"circlet_count":0,"master_deck":["Strike_R","Strike_R","Strike_R","Strike_R","Strike_R","Defend_R","Defend_R","Defend_R","Defend_R","Bash","Uppercut+1","Battle Trance","Inflame","Reckless Charge","Combust","Disarm","Pommel Strike","Regret","Feed","Feel No Pain","Power Through+1","Intimidate+1"],"relics":["Burning Blood","Medical Kit","Bronze Scales","Calipers","Ice Cream","Du-Vu Doll","Singing Bowl","GremlinMask","Sozu"],"potions_floor_usage":[7,16],"damage_taken":[{"damage":19,"enemies":"Small Slimes","floor":1,"turns":5},{"damage":6,"enemies":"2 Louse","floor":2,"turns":3},{"damage":0,"enemies":"Cultist","floor":5,"turns":3},{"damage":40,"enemies":"3 Sentries","floor":7,"turns":7},{"damage":5,"enemies":"Lagavulin","floor":10,"turns":5},{"damage":29,"enemies":"Lots of Slimes","floor":12,"turns":4},{"damage":40,"enemies":"Slime Boss","floor":16,"turns":7},{"damage":23,"enemies":"Shell Parasite","floor":18,"turns":4},{"damage":23,"enemies":"Spheric Guardian","floor":19,"turns":4},{"damage":21,"enemies":"Cultist and Chosen","floor":20,"turns":5},{"damage":16,"enemies":"Snake Plant","floor":21,"turns":3}],"seed_played":"-126268323495139478","potions_obtained":[{"floor":2,"key":"Poison Potion"},{"floor":5,"key":"Fire Potion"},{"floor":12,"key":"Block Potion"},{"floor":16,"key":"GamblersBrew"}],"is_trial":false,"path_per_floor":["M","M","$","?","M","R","E","R","T","E","$","M","?","?","R","B",null,"M","M","M","M"],"character_chosen":"IRONCLAD","items_purchased":["Medical Kit","Bronze Scales","Disarm"],"campfire_rested":2,"item_purchase_floors":[3,3,11],"current_hp_per_floor":[59,59,59,59,65,65,31,52,52,53,53,30,30,30,51,17,58,41,27,12,0],"gold":203,"neow_bonus":"TWO_FIFTY_GOLD","is_prod":false,"is_daily":false,"chose_seed":false,"campfire_upgraded":1,"win_rate":0,"timestamp":1544830929,"path_taken":["M","M","$","?","M","R","E","R","T","E","$","M","?","?","R","BOSS","M","?","?","?"],"build_version":"2018-12-13","purchased_purges":0,"victory":false,"max_hp_per_floor":[72,72,72,72,72,72,72,72,72,72,72,72,72,72,72,72,72,72,75,75,75],"card_choices":[{"not_picked":["Flex","Perfected Strike"],"picked":"Uppercut","floor":1},{"not_picked":["Sword Boomerang","Cleave"],"picked":"Battle Trance","floor":2},{"not_picked":["Demon Form","Heavy Blade"],"picked":"Inflame","floor":5},{"not_picked":["Headbutt","Iron Wave"],"picked":"Reckless Charge","floor":7},{"not_picked":["Twin Strike","Dual Wield"],"picked":"Combust","floor":10},{"not_picked":["Iron Wave","Rampage"],"picked":"Pommel Strike","floor":12},{"not_picked":["Offering","Brutality"],"picked":"Feed","floor":16},{"not_picked":["Flex","Pommel Strike"],"picked":"Feel No Pain","floor":18},{"not_picked":["Bloodletting","Clothesline"],"picked":"Power Through+1","floor":19},{"not_picked":["Pommel Strike","Inflame"],"picked":"Intimidate+1","floor":20}],"player_experience":393543,"relics_obtained":[{"floor":7,"key":"Calipers"},{"floor":9,"key":"Ice Cream"},{"floor":10,"key":"Du-Vu Doll"}],"event_choices":[{"damage_healed":0,"gold_gain":0,"player_choice":"Leave","damage_taken":0,"max_hp_gain":0,"max_hp_loss":0,"event_name":"The Cleric","floor":4,"gold_loss":0},{"damage_healed":0,"gold_gain":0,"player_choice":"Box","damage_taken":0,"relics_obtained":["Singing Bowl"],"max_hp_gain":0,"max_hp_loss":0,"event_name":"Big Fish","floor":13,"gold_loss":0,"cards_obtained":["Regret"]},{"damage_healed":0,"gold_gain":0,"player_choice":"Trade","damage_taken":0,"relics_obtained":["GremlinMask"],"max_hp_gain":0,"max_hp_loss":0,"event_name":"FaceTrader","floor":14,"gold_loss":0}],"is_beta":false,"boss_relics":[{"not_picked":["Runic Cube","Runic Dome"],"picked":"Sozu"}],"items_purged_floors":[],"is_endless":false,"potions_floor_spawned":[2,5,12,16,19,20],"killed_by":"Snake Plant","ascension_level":8}