{"gold_per_floor":[119,119,119,140,60,96,96,127,152,176,34,34,75,99,99,223,223,238,238,148,41,61,61,79,79,79,127,163,189,201,237,249,380,392,423,435,472,505,850,415,415,426,494,506,506,534,534,546,546,546,546,546,11,42,42],"floor_reached":56,"playtime":4980,"items_purged":["Strike_G","Strike_G"],"score":1242,"play_id":"f4bf3bdd-b02c-41ea-82b3-f0e9e72461f0","local_time":"20190210190409","is_ascension_mode":false,"campfire_choices":[{"floor":12,"key":"REST"},{"data":"Accuracy","floor":15,"key":"SMITH"},{"floor":23,"key":"REST"},{"floor":25,"key":"RECALL"},{"data":"Accuracy","floor":30,"key":"SMITH"},{"data":"Cloak And Dagger","floor":32,"key":"SMITH"},{"floor":41,"key":"REST"},{"floor":45,"key":"REST"},{"data":"Accuracy","floor":47,"key":"SMITH"},{"data":"Cloak And Dagger","floor":49,"key":"SMITH"},{"data":"Phantasmal Killer","floor":52,"key":"SMITH"}],"neow_cost":"NONE","seed_source_timestamp":1039862534973447,"circlet_count":0,"master_deck":["Defend_G","Defend_G","Defend_G","Defend_G","Defend_G","Strike_G+1","Strike_G+1","Survivor","Neutralize","Infinite Blades+1","Accuracy+1","Accuracy+1","Blur","Blade Dance","Infinite Blades+1","Caltrops","Cloak And Dagger+1","Corpse Explosion","Distraction+1","Infinite Blades","Outmaneuver","Slice+1","Venomology","Backflip","Phantasmal Killer+1","Accuracy+1","Well Laid Plans","Backflip+1","PiercingWail","Blade Dance+1","Distraction+1","Blade Dance","Cloak And Dagger+1","Discovery","Apotheosis","PiercingWail","Cloak And Dagger"],"relics":["Ring of the Snake","NeowsBlessing","Bird Faced Urn","Whetstone","Bronze Scales","Bag of Preparation","WristBlade","Enchiridion","MawBank","Pantograph","Philosopher\u0027s Stone","Pear","TwistedFunnel","Ancient Tea Set","Bottled Tornado","Oddly Smooth Stone","Happy Flower"],"potions_floor_usage":[29,33,50,55,55,55,55],"damage_taken":[{"damage":0,"enemies":"Small Slimes","floor":1,"turns":1},{"damage":0,"enemies":"Jaw Worm","floor":4,"turns":1},{"damage":0,"enemies":"Gremlin Nob","floor":6,"turns":1},{"damage":25,"enemies":"Lagavulin","floor":8,"turns":9},{"damage":0,"enemies":"2 Louse","floor":10,"turns":3},{"damage":26,"enemies":"3 Sentries","floor":13,"turns":5},{"damage":9,"enemies":"Exordium Thugs","floor":14,"turns":4},{"damage":21,"enemies":"Slime Boss","floor":16,"turns":7},{"damage":27,"enemies":"2 Thieves","floor":18,"turns":3},{"damage":0,"enemies":"Spheric Guardian","floor":22,"turns":3},{"damage":7,"enemies":"Centurion and Healer","floor":24,"turns":3},{"damage":3,"enemies":"Slavers","floor":27,"turns":2},{"damage":2,"enemies":"Snecko","floor":28,"turns":4},{"damage":6,"enemies":"Snake Plant","floor":29,"turns":3},{"damage":0,"enemies":"3 Cultists","floor":31,"turns":2},{"damage":21,"enemies":"Collector","floor":33,"turns":5},{"damage":30,"enemies":"3 Darklings","floor":35,"turns":2},{"damage":12,"enemies":"3 Shapes","floor":37,"turns":3},{"damage":27,"enemies":"Transient","floor":38,"turns":5},{"damage":5,"enemies":"4 Shapes","floor":42,"turns":3},{"damage":29,"enemies":"Writhing Mass","floor":44,"turns":5},{"damage":0,"enemies":"Giant Head","floor":46,"turns":5},{"damage":1,"enemies":"3 Darklings","floor":48,"turns":3},{"damage":97,"enemies":"Awakened One","floor":50,"turns":8},{"damage":23,"enemies":"Shield and Spear","floor":54,"turns":4},{"damage":88,"enemies":"The Heart","floor":55,"turns":7}],"seed_played":"-4535632899292928650","potions_obtained":[{"floor":6,"key":"Block Potion"},{"floor":14,"key":"GhostInAJar"},{"floor":31,"key":"Explosive Potion"}],"is_trial":false,"path_per_floor":["M","?","T","M","$","E","?","E","T","M","$","R","E","M","R","B",null,"M","?","?","$","M","R","M","R","T","E","M","M","R","M","R","B",null,"M","T","M","M","?","$","R","M","T","M","R","E","R","M","R","B",null,"R","$","E","B",null],"character_chosen":"THE_SILENT","items_purchased":["Accuracy","Infinite Blades","GhostInAJar","Infinite Blades","Outmaneuver","TwistedFunnel","Ancient Tea Set","PiercingWail","Discovery","Dexterity Potion","Block Potion","Apotheosis","PiercingWail"],"campfire_rested":4,"item_purchase_floors":[5,11,11,21,21,40,40,40,53,53,53,53,53],"current_hp_per_floor":[70,53,53,53,53,53,53,34,34,38,38,59,41,42,42,31,70,47,31,31,31,43,64,65,65,65,66,70,66,66,70,70,51,70,40,50,46,33,33,33,57,64,64,47,71,80,80,80,80,8,80,80,80,63,3],"gold":42,"neow_bonus":"THREE_ENEMY_KILL","is_prod":false,"is_daily":false,"chose_seed":false,"campfire_upgraded":6,"win_rate":0,"timestamp":1549832649,"path_taken":["M","?","?","M","$","E","?","E","T","M","$","R","E","M","R","BOSS","M","?","?","$","M","R","M","R","T","E","M","M","R","M","R","BOSS","M","?","M","?","?","$","R","M","T","M","R","E","R","M","R","BOSS","R","$","E","BOSS"],"build_version":"2019-01-23","purchased_purges":2,"victory":true,"max_hp_per_floor":[70,70,70,70,70,70,70,70,70,70,70,70,70,70,70,70,70,70,70,70,70,70,70,70,70,70,70,70,70,70,70,70,70,70,70,80,80,80,80,80,80,80,80,80,80,80,80,80,80,80,80,80,80,80,80],"card_choices":[{"not_picked":["Deflect","Dagger Throw","Quick Slash"],"picked":"SKIP","floor":1},{"not_picked":["Deflect","Dagger Throw","Quick Slash"],"picked":"SKIP","floor":1},{"not_picked":["Prepared","Expertise"],"picked":"Infinite Blades","floor":4},{"not_picked":["Dodge and Roll","Slice"],"picked":"Accuracy","floor":6},{"not_picked":["Finisher","Deadly Poison"],"picked":"Blur","floor":8},{"not_picked":["Die Die Die","Dodge and Roll"],"picked":"Blade Dance","floor":10},{"not_picked":["Riddle With Holes","Prepared"],"picked":"Caltrops","floor":13},{"not_picked":["Poisoned Stab","Quick Slash"],"picked":"Cloak And Dagger","floor":14},{"not_picked":["Burst","Envenom"],"picked":"Corpse Explosion","floor":16},{"not_picked":["Dagger Throw","Acrobatics"],"picked":"Distraction+1","floor":18},{"not_picked":["Dagger Throw","Concentrate"],"picked":"Slice+1","floor":22},{"not_picked":["Dagger Spray","Dodge and Roll","Flechettes"],"picked":"SKIP","floor":24},{"not_picked":["Catalyst","Concentrate+1","Deflect+1"],"picked":"SKIP","floor":27},{"not_picked":["Finisher","Dagger Spray+1"],"picked":"Venomology","floor":28},{"not_picked":["Quick Slash","All Out Attack","Dagger Spray"],"picked":"SKIP","floor":29},{"not_picked":["Prepared+1","Sucker Punch"],"picked":"Backflip","floor":31},{"not_picked":["Wraith Form v2","Storm of Steel"],"picked":"Phantasmal Killer","floor":33},{"not_picked":["Sucker Punch","Slice"],"picked":"Accuracy","floor":35},{"not_picked":["Dagger Throw","Deadly Poison+1"],"picked":"Well Laid Plans","floor":37},{"not_picked":["Heel Hook+1","Dash+1"],"picked":"Backflip+1","floor":38},{"not_picked":["Dodge and Roll","Eviscerate"],"picked":"Blade Dance+1","floor":42},{"not_picked":["Backflip+1","Underhanded Strike+1"],"picked":"Distraction+1","floor":44},{"not_picked":["Escape Plan","Envenom"],"picked":"Blade Dance","floor":46},{"not_picked":["Dagger Spray","Poisoned Stab"],"picked":"Cloak And Dagger","floor":48},{"not_picked":["Poisoned Stab+1","Underhanded Strike+1"],"picked":"Cloak And Dagger","floor":54}],"player_experience":380988,"relics_obtained":[{"floor":6,"key":"Bird Faced Urn"},{"floor":8,"key":"Whetstone"},{"floor":9,"key":"Bronze Scales"},{"floor":13,"key":"Bag of Preparation"},{"floor":19,"key":"Enchiridion"},{"floor":26,"key":"MawBank"},{"floor":27,"key":"Pantograph"},{"floor":36,"key":"Pear"},{"floor":43,"key":"Bottled Tornado"},{"floor":46,"key":"Oddly Smooth Stone"},{"floor":54,"key":"Happy Flower"}],"event_choices":[{"damage_healed":0,"gold_gain":0,"player_choice":"Take Damage","damage_taken":17,"relics_obtained":["Golden Idol"],"max_hp_gain":0,"max_hp_loss":0,"event_name":"Golden Idol","floor":2,"gold_loss":0},{"damage_healed":0,"gold_gain":0,"player_choice":"Upgraded","damage_taken":0,"max_hp_gain":0,"max_hp_loss":0,"event_name":"Upgrade Shrine","floor":7,"gold_loss":0,"cards_upgraded":["Infinite Blades"]},{"damage_healed":0,"gold_gain":0,"player_choice":"Obtained Book","damage_taken":16,"max_hp_gain":0,"max_hp_loss":0,"event_name":"Cursed Tome","floor":19,"gold_loss":0},{"cards_removed":["Strike_G"],"damage_healed":0,"gold_gain":0,"player_choice":"Upgrade and Remove","damage_taken":0,"max_hp_gain":0,"max_hp_loss":0,"event_name":"Designer","floor":20,"gold_loss":90,"cards_upgraded":["Infinite Blades"]},{"damage_healed":0,"gold_gain":333,"player_choice":"Gave Idol","damage_taken":0,"max_hp_gain":0,"max_hp_loss":0,"event_name":"The Moai Head","floor":39,"relics_lost":["Golden Idol"],"gold_loss":0}],"is_beta":false,"boss_relics":[{"not_picked":["Sozu","Pandora\u0027s Box"],"picked":"WristBlade"},{"not_picked":["Ring of the Serpent","Snecko Eye"],"picked":"Philosopher\u0027s Stone"}],"items_purged_floors":[40,53],"is_endless":false,"potions_floor_spawned":[6,14,16,22,24,27,31,37,38,44,46],"ascension_level":0}