{"gold_per_floor":[213,213,213,213,228,228,242,275,275,289,289,303,334,350,350,445,445,465,477,76,76,76,76,87,87,87,115,127,155,169,169,169,266,266,283,283,303,18,18,18,33,49,49,49,68,68,19,19,19,19],"floor_reached":51,"playtime":2428,"items_purged":["Strike_G"],"score":847,"play_id":"8d9f8e34-6075-4a80-abd7-b5282631c038","local_time":"20190125220558","is_ascension_mode":false,"campfire_choices":[{"data":"Neutralize","floor":6,"key":"SMITH"},{"data":"Terror","floor":15,"key":"SMITH"},{"data":"Footwork","floor":23,"key":"SMITH"},{"data":"Corpse Explosion","floor":25,"key":"SMITH"},{"data":"Footwork","floor":32,"key":"SMITH"},{"data":"Night Terror","floor":40,"key":"SMITH"},{"data":"Bouncing Flask","floor":44,"key":"SMITH"},{"data":"Dodge and Roll","floor":46,"key":"SMITH"},{"data":"Dodge and Roll","floor":49,"key":"SMITH"}],"neow_cost":"NONE","seed_source_timestamp":184643527766800,"circlet_count":0,"master_deck":["Defend_G","Defend_G","Defend_G","Defend_G","Neutralize+1","Terror+1","Poisoned Stab","Dodge and Roll+1","Flying Knee","Deflect","Dagger Spray","Corpse Explosion+1","Leg Sweep+1","Footwork+1","Footwork+1","Bite","Bite","Bite","Bite","Bite","Shame","Dodge and Roll+1","Noxious Fumes+1","Calculated Gamble+1","Bouncing Flask+1","Storm of Steel","Predator","Night Terror+1","Noxious Fumes+1","Infinite Blades+1","Dagger Throw+1","Blade Dance+1","Madness","Madness"],"relics":["Ring of the Serpent","Oddly Smooth Stone","Boot","Pocketwatch","Shuriken","StoneCalendar","Coffee Dripper","Mummified Hand","Bag of Preparation","Unceasing Top","Strawberry","Gambling Chip","Tough Bandages","Mercury Hourglass","Omamori"],"potions_floor_usage":[18,28,29,36,37,50,50],"damage_taken":[{"damage":2,"enemies":"Small Slimes","floor":1,"turns":5},{"damage":0,"enemies":"Jaw Worm","floor":5,"turns":4},{"damage":0,"enemies":"Cultist","floor":7,"turns":3},{"damage":15,"enemies":"3 Sentries","floor":8,"turns":13},{"damage":0,"enemies":"Exordium Wildlife","floor":10,"turns":4},{"damage":8,"enemies":"Lots of Slimes","floor":12,"turns":4},{"damage":2,"enemies":"Lagavulin","floor":13,"turns":6},{"damage":4,"enemies":"Gremlin Gang","floor":14,"turns":3},{"damage":12,"enemies":"The Guardian","floor":16,"turns":8},{"damage":0,"enemies":"Spheric Guardian","floor":18,"turns":3},{"damage":2,"enemies":"2 Thieves","floor":19,"turns":4},{"damage":0,"enemies":"3 Cultists","floor":24,"turns":2},{"damage":0,"enemies":"Book of Stabbing","floor":27,"turns":6},{"damage":4,"enemies":"Snecko","floor":28,"turns":4},{"damage":0,"enemies":"Gremlin Leader","floor":29,"turns":6},{"damage":0,"enemies":"Centurion and Healer","floor":30,"turns":4},{"damage":0,"enemies":"Champ","floor":33,"turns":11},{"damage":10,"enemies":"Orb Walker","floor":35,"turns":4},{"damage":8,"enemies":"3 Darklings","floor":37,"turns":2},{"damage":6,"enemies":"Transient","floor":41,"turns":5},{"damage":3,"enemies":"Sphere and 2 Shapes","floor":42,"turns":3},{"damage":12,"enemies":"Jaw Worm Horde","floor":45,"turns":3},{"damage":7,"enemies":"Donu and Deca","floor":50,"turns":6}],"seed_played":"-6056914265258886321","potions_obtained":[{"floor":1,"key":"Energy Potion"},{"floor":8,"key":"AttackPotion"},{"floor":10,"key":"Weak Potion"},{"floor":14,"key":"Block Potion"},{"floor":16,"key":"SpeedPotion"},{"floor":27,"key":"Poison Potion"},{"floor":28,"key":"PowerPotion"},{"floor":35,"key":"Fruit Juice"},{"floor":37,"key":"Fruit Juice"}],"is_trial":false,"path_per_floor":["M","?","T","?","M","R","M","E","T","M","?","M","E","M","R","B",null,"M","M","$","?","?","R","M","R","T","E","M","E","M","?","R","B",null,"M","?","M","$","?","R","M","M","T","R","M","R","$","?","R","B",null],"character_chosen":"THE_SILENT","items_purchased":["Mummified Hand","Footwork","Tough Bandages","Swift Potion"],"campfire_rested":0,"item_purchase_floors":[20,20,38,47],"current_hp_per_floor":[68,68,68,73,73,73,73,58,58,58,46,38,36,32,32,20,75,75,73,73,52,52,52,52,52,52,59,57,59,59,59,59,59,59,57,62,65,65,65,65,65,64,64,64,60,60,60,51,51,52],"gold":19,"neow_bonus":"HUNDRED_GOLD","is_prod":false,"is_daily":false,"chose_seed":false,"campfire_upgraded":9,"win_rate":0,"timestamp":1548479158,"path_taken":["M","?","?","?","M","R","?","E","T","M","?","M","E","M","R","BOSS","M","M","$","?","?","R","M","R","T","E","M","E","M","?","R","BOSS","M","?","?","$","?","R","?","?","T","R","M","R","$","?","R","BOSS"],"build_version":"2019-01-23","purchased_purges":1,"victory":true,"max_hp_per_floor":[70,70,70,75,75,75,75,75,75,75,75,75,75,75,75,75,75,75,75,75,52,52,52,52,52,52,59,59,59,59,59,59,59,59,59,64,69,69,69,69,69,69,69,69,69,69,69,69,69,69],"card_choices":[{"not_picked":["Acrobatics","Quick Slash"],"picked":"Terror","floor":1},{"not_picked":["PiercingWail","Acrobatics"],"picked":"Poisoned Stab","floor":5},{"not_picked":["Expertise","Backflip"],"picked":"Dodge and Roll","floor":7},{"not_picked":["Blade Dance","Bane"],"picked":"Flying Knee","floor":8},{"not_picked":["Catalyst","Concentrate"],"picked":"Deflect","floor":10},{"not_picked":["Distraction","Slice","Endless Agony"],"picked":"SKIP","floor":12},{"not_picked":["Escape Plan","Flying Knee"],"picked":"Dagger Spray","floor":13},{"not_picked":["Bouncing Flask","Storm of Steel","Acrobatics"],"picked":"SKIP","floor":14},{"not_picked":["A Thousand Cuts","Venomology"],"picked":"Corpse Explosion","floor":16},{"not_picked":["Reflex","Deflect+1"],"picked":"Leg Sweep+1","floor":18},{"not_picked":["Bane","Poisoned Stab"],"picked":"Footwork","floor":19},{"not_picked":["Concentrate","Bane","Reflex"],"picked":"SKIP","floor":24},{"not_picked":["Terror","Quick Slash"],"picked":"Dodge and Roll","floor":27},{"not_picked":["Acrobatics","Expertise+1"],"picked":"Noxious Fumes+1","floor":28},{"not_picked":["Acrobatics+1","Deflect"],"picked":"Calculated Gamble+1","floor":29},{"not_picked":["PiercingWail+1","Deadly Poison"],"picked":"Bouncing Flask","floor":30},{"not_picked":["Storm of Steel","Malaise"],"picked":"Night Terror","floor":33},{"not_picked":["Deflect","Predator"],"picked":"Noxious Fumes+1","floor":35},{"not_picked":["Acrobatics","Reflex"],"picked":"Infinite Blades+1","floor":37},{"not_picked":["Flying Knee+1","Quick Slash"],"picked":"Dagger Throw+1","floor":41},{"not_picked":["Slice","Underhanded Strike","PiercingWail+1"],"picked":"SKIP","floor":42},{"not_picked":["Bane+1","Dodge and Roll"],"picked":"Blade Dance+1","floor":45}],"player_experience":271465,"relics_obtained":[{"floor":3,"key":"Oddly Smooth Stone"},{"floor":8,"key":"Boot"},{"floor":9,"key":"Pocketwatch"},{"floor":13,"key":"StoneCalendar"},{"floor":26,"key":"Unceasing Top"},{"floor":27,"key":"Strawberry"},{"floor":29,"key":"Gambling Chip"},{"floor":43,"key":"Omamori"}],"event_choices":[{"damage_healed":0,"gold_gain":0,"player_choice":"Ignored","damage_taken":0,"max_hp_gain":0,"max_hp_loss":0,"event_name":"Liars Game","floor":2,"gold_loss":0},{"damage_healed":0,"gold_gain":0,"player_choice":"Donut","damage_taken":0,"max_hp_gain":5,"max_hp_loss":0,"event_name":"Big Fish","floor":4,"gold_loss":0},{"damage_healed":0,"gold_gain":0,"player_choice":"Success","damage_taken":12,"relics_obtained":["Shuriken"],"max_hp_gain":0,"max_hp_loss":0,"event_name":"Scrap Ooze","floor":11,"gold_loss":0},{"damage_healed":0,"gold_gain":0,"player_choice":"Became a vampire","damage_taken":0,"max_hp_gain":0,"max_hp_loss":23,"event_name":"Vampires","floor":21,"gold_loss":0,"cards_obtained":["Bite","Bite","Bite","Bite","Bite"]},{"damage_healed":0,"gold_gain":0,"player_choice":"Stole Relic","damage_taken":0,"relics_obtained":["Bag of Preparation"],"max_hp_gain":0,"max_hp_loss":0,"event_name":"Addict","floor":22,"gold_loss":0,"cards_obtained":["Shame"]},{"damage_healed":0,"gold_gain":0,"cards_transformed":["Defend_G","Survivor"],"player_choice":"Became Test Subject","damage_taken":0,"max_hp_gain":0,"max_hp_loss":0,"event_name":"Drug Dealer","floor":31,"gold_loss":0,"cards_obtained":["Storm of Steel","Predator"]},{"damage_healed":0,"gold_gain":0,"player_choice":"Ignored","damage_taken":0,"max_hp_gain":0,"max_hp_loss":0,"event_name":"SecretPortal","floor":36,"gold_loss":0},{"damage_healed":0,"gold_gain":0,"player_choice":"Gave Potion","damage_taken":0,"relics_obtained":["Mercury Hourglass"],"max_hp_gain":0,"max_hp_loss":0,"event_name":"WeMeetAgain","floor":39,"gold_loss":0},{"damage_healed":0,"gold_gain":0,"player_choice":"Embrace Madness","damage_taken":9,"max_hp_gain":0,"max_hp_loss":0,"event_name":"Winding Halls","floor":48,"gold_loss":0,"cards_obtained":["Madness","Madness"]}],"is_beta":false,"boss_relics":[{"not_picked":["Tiny House","Eternal Feather"],"picked":"Coffee Dripper"},{"not_picked":["White Beast Statue","Snecko Eye"],"picked":"Ring of the Serpent"}],"items_purged_floors":[20],"is_endless":false,"potions_floor_spawned":[1,8,10,14,16,27,28,35,37],"ascension_level":0}