{"gold_per_floor":[113,113,113,63,63,63,63,63,117,152,166,179,179,199,199,199],"floor_reached":16,"playtime":282,"items_purged":[],"score":103,"play_id":"6e360607-a7fe-4f35-b9a9-822e24414196","local_time":"20181124173832","is_ascension_mode":true,"campfire_choices":[{"data":"Zap","floor":6,"key":"SMITH"},{"data":"Reinforced Body","floor":8,"key":"SMITH"},{"data":"Recycle","floor":13,"key":"SMITH"},{"floor":15,"key":"REST"}],"neow_cost":"CURSE","seed_source_timestamp":950129773347134,"circlet_count":0,"master_deck":["Strike_B","Strike_B","Strike_B","Defend_B","Defend_B","Zap+1","Dualcast","Consume","Reinforced Body+1","Hologram","Rip and Tear","Recycle+1"],"relics":["Cracked Core","Golden Idol","Pen Nib","Vajra","Shuriken"],"potions_floor_usage":[16],"damage_taken":[{"damage":6,"enemies":"Jaw Worm","floor":1,"turns":3},{"damage":10,"enemies":"Gremlin Nob","floor":10,"turns":3},{"damage":0,"enemies":"2 Louse","floor":11,"turns":1},{"damage":2,"enemies":"Small Slimes","floor":12,"turns":2},{"damage":12,"enemies":"Blue Slaver","floor":14,"turns":2},{"damage":67,"enemies":"Slime Boss","floor":16,"turns":9}],"seed_played":"393546749679518999","potions_obtained":[{"floor":12,"key":"EssenceOfSteel"}],"is_trial":false,"path_per_floor":["M","?","?","?","?","R","$","R","T","E","M","M","R","M","R","B"],"character_chosen":"DEFECT","items_purchased":[],"campfire_rested":1,"item_purchase_floors":[],"current_hp_per_floor":[69,69,57,57,57,57,57,57,57,47,47,45,45,33,53,0],"gold":199,"neow_bonus":"TRANSFORM_TWO_CARDS","is_prod":false,"is_daily":false,"chose_seed":false,"campfire_upgraded":3,"win_rate":0,"timestamp":1543099112,"path_taken":["M","?","?","?","?","R","$","R","T","E","M","?","R","M","R","BOSS"],"build_version":"2018-11-15","purchased_purges":0,"victory":false,"max_hp_per_floor":[75,69,69,69,69,69,69,69,69,69,69,69,69,69,69,69],"card_choices":[{"not_picked":["Streamline","Cold Snap"],"picked":"Hologram","floor":1},{"not_picked":["Streamline","Conserve Battery","Beam Cell"],"picked":"SKIP","floor":10},{"not_picked":["Sunder","Steam","Turbo"],"picked":"SKIP","floor":11},{"not_picked":["Beam Cell","Core Surge"],"picked":"Recycle","floor":12},{"not_picked":["Redo","Coolheaded","Turbo"],"picked":"SKIP","floor":14}],"player_experience":574645,"relics_obtained":[{"floor":9,"key":"Vajra"},{"floor":10,"key":"Shuriken"}],"event_choices":[{"damage_healed":0,"gold_gain":0,"player_choice":"Lose Max HP","damage_taken":0,"relics_obtained":["Golden Idol"],"max_hp_gain":0,"max_hp_loss":6,"event_name":"Golden Idol","floor":2,"gold_loss":0},{"damage_healed":0,"gold_gain":0,"player_choice":"Success","damage_taken":12,"relics_obtained":["Pen Nib"],"max_hp_gain":0,"max_hp_loss":0,"event_name":"Scrap Ooze","floor":3,"gold_loss":0},{"cards_removed":["Normality"],"damage_healed":0,"gold_gain":0,"player_choice":"Card Removal","damage_taken":0,"max_hp_gain":0,"max_hp_loss":0,"event_name":"The Cleric","floor":4,"gold_loss":50},{"damage_healed":0,"gold_gain":0,"cards_transformed":["Defend_B"],"player_choice":"Change","damage_taken":0,"max_hp_gain":0,"max_hp_loss":0,"event_name":"Living Wall","floor":5,"gold_loss":0,"cards_obtained":["Rip and Tear"]}],"is_beta":true,"boss_relics":[],"items_purged_floors":[],"is_endless":false,"potions_floor_spawned":[12],"killed_by":"Slime Boss","ascension_level":1}