{"gold_per_floor":[109,209,226,240,250,250,9,84,84,84,96,96,115,129,129,129],"floor_reached":16,"playtime":3454,"items_purged":[],"score":94,"play_id":"49317063-3759-4ea4-989e-dbb58fdefe3f","local_time":"20190129002122","is_ascension_mode":false,"campfire_choices":[{"data":"Searing Blow","floor":6,"key":"SMITH"},{"floor":12,"key":"REST"},{"floor":15,"key":"REST"}],"neow_cost":"","seed_source_timestamp":884572452763827,"circlet_count":0,"master_deck":["Strike_R+1","Strike_R","Strike_R","Strike_R","Strike_R+1","Defend_R","Defend_R","Defend_R","Defend_R","Bash","Pommel Strike","Searing Blow","Sever Soul","Searing Blow+1","Perfected Strike","Warcry","Mayhem+1","Carnage","Metallicize","Shrug It Off"],"relics":["Burning Blood","Whetstone"],"potions_floor_usage":[],"damage_taken":[{"damage":20,"enemies":"Small Slimes","floor":1,"turns":3},{"damage":6,"enemies":"Cultist","floor":3,"turns":3},{"damage":7,"enemies":"2 Louse","floor":4,"turns":3},{"damage":24,"enemies":"Large Slime","floor":5,"turns":6},{"damage":34,"enemies":"Exordium Thugs","floor":11,"turns":4},{"damage":7,"enemies":"3 Louse","floor":13,"turns":3},{"damage":19,"enemies":"Lots of Slimes","floor":14,"turns":4},{"damage":44,"enemies":"The Guardian","floor":16,"turns":5}],"seed_played":"-8887293653926783399","potions_obtained":[{"floor":4,"key":"Dexterity Potion"},{"floor":13,"key":"Block Potion"},{"floor":14,"key":"Ancient Potion"}],"is_trial":false,"path_per_floor":["M","?","M","M","M","R","$","?","T","?","M","R","M","M","R","B"],"character_chosen":"IRONCLAD","items_purchased":["Perfected Strike","Warcry","Mayhem"],"campfire_rested":2,"item_purchase_floors":[7,7,7],"current_hp_per_floor":[66,66,66,65,47,47,47,36,36,36,8,32,31,18,42,0],"gold":129,"neow_bonus":"","is_prod":false,"is_daily":false,"chose_seed":false,"campfire_upgraded":1,"win_rate":0.0,"timestamp":1548717682,"path_taken":["M","?","M","M","?","R","$","?","T","?","?","R","M","M","R","BOSS"],"build_version":"2019-01-23","purchased_purges":0,"victory":false,"max_hp_per_floor":[80,80,80,80,80,80,80,80,80,80,80,80,80,80,80,80],"card_choices":[{"not_picked":["Inflame","Feel No Pain"],"picked":"Pommel Strike","floor":1},{"not_picked":["Pommel Strike","True Grit"],"picked":"Searing Blow","floor":3},{"not_picked":["Thunderclap","Headbutt"],"picked":"Sever Soul","floor":4},{"not_picked":["Headbutt","Burning Pact"],"picked":"Searing Blow","floor":5},{"not_picked":["Body Slam","True Grit"],"picked":"Carnage","floor":11},{"not_picked":["Combust","Thunderclap"],"picked":"Metallicize","floor":13},{"not_picked":["Sword Boomerang","Clothesline"],"picked":"Shrug It Off","floor":14}],"player_experience":0,"relics_obtained":[{"floor":9,"key":"Whetstone"}],"event_choices":[{"damage_healed":0,"gold_gain":100,"player_choice":"Gold","damage_taken":0,"max_hp_gain":0,"max_hp_loss":0,"event_name":"Wheel of Change","floor":2,"gold_loss":0},{"damage_healed":0,"gold_gain":75,"player_choice":"Gather Gold","damage_taken":11,"max_hp_gain":0,"max_hp_loss":0,"event_name":"World of Goop","floor":8,"gold_loss":0},{"damage_healed":0,"gold_gain":0,"player_choice":"Upgraded","damage_taken":0,"max_hp_gain":0,"max_hp_loss":0,"event_name":"Upgrade Shrine","floor":10,"gold_loss":0,"cards_upgraded":["Mayhem"]}],"is_beta":false,"boss_relics":[],"items_purged_floors":[],"is_endless":false,"potions_floor_spawned":[4,13,14],"killed_by":"The Guardian","ascension_level":0}