{"gold_per_floor":[115,129,145,158,158,191,19,50,132,132,207,207,218,218,218,313,313,333,344,36,36,48,48,61,61,61,61,74,74,74,87,87,87],"floor_reached":33,"playtime":2227,"items_purged":[],"score":257,"play_id":"3e1d72b5-a81f-4a74-8688-f272c4250352","local_time":"20190529105104","is_ascension_mode":false,"campfire_choices":[{"floor":10,"key":"REST"},{"floor":12,"key":"REST"},{"data":"Armaments","floor":15,"key":"SMITH"},{"floor":23,"key":"REST"},{"floor":25,"key":"REST"},{"floor":29,"key":"REST"},{"floor":32,"key":"REST"}],"neow_cost":"NONE","seed_source_timestamp":33672516893441,"circlet_count":0,"master_deck":["Bash","Shrug It Off","Perfected Strike+1","Rage","Body Slam","Iron Wave","Wild Strike","Headbutt","Armaments+1","Limit Break","Clothesline","Fiend Fire","Brutality","Sword Boomerang","Sentinel","Fiend Fire","Pommel Strike","Impervious","Power Through","Juggernaut","Entrench","Body Slam+1","Iron Wave+1","Carnage","Second Wind","Disarm","Havoc","Sentinel","Spot Weakness","Fiend Fire","Flame Barrier","Seeing Red"],"relics":["Burning Blood","NeowsBlessing","WingedGreaves","Oddly Smooth Stone","Bird Faced Urn","Self Forming Clay","Pandora\u0027s Box","Toolbox","Art of War"],"potions_floor_usage":[8,16],"damage_taken":[{"damage":0,"enemies":"Cultist","floor":1,"turns":1},{"damage":0,"enemies":"Small Slimes","floor":2,"turns":1},{"damage":0,"enemies":"2 Louse","floor":3,"turns":1},{"damage":5,"enemies":"2 Fungi Beasts","floor":4,"turns":4},{"damage":26,"enemies":"Lagavulin","floor":6,"turns":7},{"damage":18,"enemies":"3 Sentries","floor":8,"turns":7},{"damage":5,"enemies":"Gremlin Gang","floor":13,"turns":5},{"damage":44,"enemies":"Hexaghost","floor":16,"turns":11},{"damage":6,"enemies":"Shell Parasite","floor":18,"turns":5},{"damage":18,"enemies":"Spheric Guardian","floor":19,"turns":6},{"damage":20,"enemies":"Snecko","floor":22,"turns":7},{"damage":36,"enemies":"Shelled Parasite and Fungi","floor":24,"turns":7},{"damage":50,"enemies":"Centurion and Healer","floor":28,"turns":9},{"damage":27,"enemies":"3 Cultists","floor":31,"turns":7},{"damage":74,"enemies":"Automaton","floor":33,"turns":8}],"seed_played":"-7957155814653892330","potions_obtained":[{"floor":2,"key":"Fire Potion"},{"floor":6,"key":"Fire Potion"},{"floor":24,"key":"Weak Potion"},{"floor":28,"key":"FearPotion"}],"is_trial":false,"path_per_floor":["M","M","M","M","?","E","$","E","T","R","?","R","M","?","R","B",null,"M","M","$","?","M","R","M","R","T","?","M","R","?","M","R","B"],"character_chosen":"IRONCLAD","items_purchased":["Oddly Smooth Stone","Wild Strike","Toolbox","Carnage","Second Wind"],"campfire_rested":6,"item_purchase_floors":[7,7,20,20,20],"current_hp_per_floor":[80,80,80,80,64,44,44,32,32,56,45,69,70,70,70,32,80,80,68,68,68,54,78,50,74,74,74,32,56,56,39,63,0],"gold":87,"neow_bonus":"THREE_ENEMY_KILL","is_prod":false,"is_daily":false,"chose_seed":false,"campfire_upgraded":1,"win_rate":0.0,"timestamp":1559148664,"path_taken":["M","?","M","M","?","E","$","E","T","R","?","R","M","?","R","BOSS","M","?","$","?","M","R","?","R","T","?","M","R","?","M","R","BOSS"],"build_version":"2019-01-23","purchased_purges":0,"victory":false,"max_hp_per_floor":[80,80,80,80,80,80,80,80,80,80,80,80,80,80,80,80,80,80,80,80,80,80,80,80,80,80,80,80,80,80,80,80,80],"card_choices":[{"not_picked":["Clash","Havoc"],"picked":"Shrug It Off","floor":1},{"not_picked":["Reaper","Wild Strike"],"picked":"Perfected Strike","floor":2},{"not_picked":["Havoc","Rampage"],"picked":"Rage","floor":3},{"not_picked":["Heavy Blade","Perfected Strike"],"picked":"Body Slam","floor":4},{"not_picked":["Bludgeon","Offering"],"picked":"Iron Wave","floor":6},{"not_picked":["Wild Strike","Disarm"],"picked":"Headbutt","floor":8},{"not_picked":["Rampage","Perfected Strike"],"picked":"Armaments","floor":13},{"not_picked":["Offering","Berserk"],"picked":"Fiend Fire","floor":16},{"not_picked":["Pommel Strike","Sentinel"],"picked":"Body Slam+1","floor":18},{"not_picked":["Whirlwind+1","Disarm"],"picked":"Iron Wave+1","floor":19},{"not_picked":["Wild Strike","Warcry+1"],"picked":"Sentinel","floor":22},{"not_picked":["Rupture","Carnage+1"],"picked":"Spot Weakness","floor":24},{"not_picked":["Flex","Havoc+1"],"picked":"Fiend Fire","floor":28},{"not_picked":["Flex","Wild Strike"],"picked":"Seeing Red","floor":31}],"player_experience":110641,"relics_obtained":[{"floor":6,"key":"WingedGreaves"},{"floor":8,"key":"Bird Faced Urn"},{"floor":9,"key":"Self Forming Clay"},{"floor":26,"key":"Art of War"}],"event_choices":[{"damage_healed":0,"gold_gain":0,"player_choice":"Entered Light","damage_taken":16,"max_hp_gain":0,"max_hp_loss":0,"event_name":"Shining Light","floor":5,"gold_loss":0,"cards_upgraded":["Perfected Strike","Strike_R"]},{"damage_healed":0,"gold_gain":75,"player_choice":"Gather Gold","damage_taken":11,"max_hp_gain":0,"max_hp_loss":0,"event_name":"World of Goop","floor":11,"gold_loss":0},{"damage_healed":0,"gold_gain":0,"player_choice":"2 cards matched","damage_taken":0,"max_hp_gain":0,"max_hp_loss":0,"event_name":"Match and Keep!","floor":14,"gold_loss":0,"cards_obtained":["Limit Break","Clothesline"]},{"damage_healed":0,"gold_gain":0,"player_choice":"2 cards matched","damage_taken":0,"max_hp_gain":0,"max_hp_loss":0,"event_name":"Match and Keep!","floor":21,"gold_loss":0,"cards_obtained":["Disarm","Havoc"]},{"damage_healed":0,"gold_gain":0,"player_choice":"Ignored","damage_taken":0,"max_hp_gain":0,"max_hp_loss":0,"event_name":"Vampires","floor":27,"gold_loss":0},{"damage_healed":0,"gold_gain":0,"player_choice":"Read","damage_taken":0,"max_hp_gain":0,"max_hp_loss":0,"event_name":"The Library","floor":30,"gold_loss":0,"cards_obtained":["Flame Barrier"]}],"is_beta":false,"boss_relics":[{"not_picked":["Fusion Hammer","Black Blood"],"picked":"Pandora\u0027s Box"}],"items_purged_floors":[],"is_endless":false,"potions_floor_spawned":[2,6,24,28],"killed_by":"Automaton","ascension_level":0}