{"gold_per_floor":[111,123,142,159,5,5,17,48,48,110,110,130,130,144,144,249,249,249,249,249,249,249,249,249,249,249,249,249,249,249,249,249,249,249,249,249,249,249,56,56,56,17,17,17,17,17,17,17,17,17],"floor_reached":51,"playtime":3164,"items_purged":[],"score":1064,"play_id":"3e61280b-a6e1-4db5-b75a-13726fee2bb7","local_time":"20190607232143","is_ascension_mode":true,"campfire_choices":[{"data":"Footwork","floor":6.0,"key":"SMITH"},{"data":"Catalyst","floor":13.0,"key":"SMITH"},{"data":"Endless Agony","floor":15.0,"key":"SMITH"},{"data":"Noxious Fumes","floor":24.0,"key":"SMITH"},{"floor":27.0,"key":"REST"},{"data":"Deadly Poison","floor":32.0,"key":"SMITH"},{"data":"Burst","floor":40.0,"key":"SMITH"},{"data":"Accuracy","floor":45.0,"key":"SMITH"},{"floor":49,"key":"REST"}],"neow_cost":"NONE","seed_source_timestamp":522412936071,"circlet_count":0,"master_deck":["Defend_G","Defend_G","Defend_G","Defend_G","Defend_G","Strike_G","Strike_G","Strike_G","Strike_G","Strike_G","Survivor","Neutralize+1","Accuracy+1","Well Laid Plans","Deadly Poison+1","Catalyst+1","Footwork+1","Bane","Noxious Fumes+1","After Image","Calculated Gamble","Endless Agony+1","Die Die Die","After Image","Backflip+1","Deadly Poison+1","Cloak And Dagger","Backstab+1","Prepared+1","After Image","Burst+1","Caltrops","Blade Dance+1","Endless Agony+1"],"special_seed":0,"relics":["Ring of the Snake","Bag of Preparation","Centennial Puzzle","Strawberry","Tiny Chest","Ectoplasm","MutagenicStrength","Sundial","Snake Skull","PreservedInsect","Oddly Smooth Stone","Busted Crown","Lee\u0027s Waffle","Smiling Mask","Molten Egg 2"],"potions_floor_usage":[50,50,50],"damage_taken":[{"damage":1.0,"enemies":"Cultist","floor":1.0,"turns":4.0},{"damage":3.0,"enemies":"2 Louse","floor":2.0,"turns":2.0},{"damage":0.0,"enemies":"Jaw Worm","floor":3.0,"turns":5.0},{"damage":10.0,"enemies":"Looter","floor":4.0,"turns":4.0},{"damage":1.0,"enemies":"2 Fungi Beasts","floor":7.0,"turns":4.0},{"damage":24.0,"enemies":"3 Sentries","floor":8.0,"turns":7.0},{"damage":2.0,"enemies":"Lagavulin","floor":10.0,"turns":7.0},{"damage":5.0,"enemies":"Exordium Thugs","floor":12.0,"turns":5.0},{"damage":2.0,"enemies":"3 Louse","floor":14.0,"turns":4.0},{"damage":1.0,"enemies":"The Guardian","floor":16.0,"turns":9.0},{"damage":0.0,"enemies":"Chosen","floor":18.0,"turns":4.0},{"damage":1.0,"enemies":"Spheric Guardian","floor":20.0,"turns":5.0},{"damage":8.0,"enemies":"Book of Stabbing","floor":23.0,"turns":6.0},{"damage":7.0,"enemies":"Snake Plant","floor":25.0,"turns":3.0},{"damage":2.0,"enemies":"Slavers","floor":28.0,"turns":5.0},{"damage":0.0,"enemies":"Shelled Parasite and Fungi","floor":29.0,"turns":4.0},{"damage":5.0,"enemies":"Gremlin Leader","floor":30.0,"turns":3.0},{"damage":2.0,"enemies":"Sentry and Sphere","floor":31.0,"turns":4.0},{"damage":31.0,"enemies":"Collector","floor":33.0,"turns":5.0},{"damage":0.0,"enemies":"3 Shapes","floor":35.0,"turns":3.0},{"damage":0.0,"enemies":"Orb Walker","floor":36.0,"turns":3.0},{"damage":18.0,"enemies":"Spire Growth","floor":38.0,"turns":4.0},{"damage":11.0,"enemies":"Sphere and 2 Shapes","floor":44.0,"turns":4.0},{"damage":0.0,"enemies":"Nemesis","floor":46.0,"turns":1.0},{"damage":17.0,"enemies":"Jaw Worm Horde","floor":47.0,"turns":6.0},{"damage":29,"enemies":"Writhing Mass","floor":48,"turns":6},{"damage":9,"enemies":"Donu and Deca","floor":50,"turns":10}],"seed_played":"-509133877029317889","potions_obtained":[{"floor":7.0,"key":"AttackPotion"},{"floor":8.0,"key":"Dexterity Potion"},{"floor":10.0,"key":"Strength Potion"},{"floor":16.0,"key":"Block Potion"},{"floor":18.0,"key":"Explosive Potion"},{"floor":25.0,"key":"Regen Potion"},{"floor":29.0,"key":"Poison Potion"},{"floor":33.0,"key":"Weak Potion"},{"floor":37.0,"key":"Fruit Juice"},{"floor":37.0,"key":"EssenceOfSteel"},{"floor":37.0,"key":"Poison Potion"}],"is_trial":false,"path_per_floor":["M","M","M","M","$","R","M","E","T","E","?","M","R","M","R","B",null,"M","?","M","?","?","E","R","M","T","R","E","M","E","M","R","B",null,"M","M","?","M","$","R","?","$","T","M","R","E","M","M","R","B",null],"character_chosen":"THE_SILENT","items_purchased":["Footwork","Bane","Weak Potion","Lee\u0027s Waffle","Caltrops"],"campfire_rested":2,"item_purchase_floors":[5,5,5,39,42],"current_hp_per_floor":[62,59,59,49,49,49,48,24,31,29,29,24,24,22,22,21,63,63,49,48,48,48,40,40,33,33,57,70,70,65,63,63,32,70,70,70,75,57,94,94,94,94,94,83,83,83,66,37,65,56],"gold":17,"neow_bonus":"RANDOM_COMMON_RELIC","is_prod":false,"is_daily":false,"chose_seed":false,"campfire_upgraded":7,"win_rate":1,"timestamp":1559967703,"path_taken":["M","M","?","M","$","R","M","E","T","E","?","M","R","M","R","BOSS","M","?","M","?","?","E","R","?","T","R","E","M","E","M","R","BOSS","M","M","?","?","$","R","?","?","T","?","R","E","M","M","R","BOSS"],"build_version":"2019-01-23","purchased_purges":0,"victory":true,"max_hp_per_floor":[70,70,70,70,70,70,70,70,77,77,77,77,77,77,77,77,77,77,82,82,82,82,82,82,82,82,82,82,82,82,82,82,82,82,82,82,87,87,94,94,94,94,94,94,94,94,94,94,94,94],"card_choices":[{"not_picked":["Quick Slash","Blade Dance"],"picked":"Accuracy","floor":1.0},{"not_picked":["All Out Attack","Riddle With Holes"],"picked":"Well Laid Plans","floor":2.0},{"not_picked":["Prepared","Bane"],"picked":"Deadly Poison","floor":3.0},{"not_picked":["PiercingWail","Doppelganger"],"picked":"Catalyst","floor":4.0},{"not_picked":["Sucker Punch","Underhanded Strike"],"picked":"Noxious Fumes","floor":7.0},{"not_picked":["Backflip","Terror"],"picked":"After Image","floor":8.0},{"not_picked":["Deadly Poison","Well Laid Plans"],"picked":"Calculated Gamble","floor":10.0},{"not_picked":["Sucker Punch","Dodge and Roll"],"picked":"Endless Agony","floor":12.0},{"not_picked":["Endless Agony","Deadly Poison"],"picked":"Die Die Die","floor":14.0},{"not_picked":["Wraith Form v2","Bullet Time"],"picked":"After Image","floor":16.0},{"not_picked":["Infinite Blades","Quick Slash"],"picked":"Backflip+1","floor":18.0},{"not_picked":["Predator","Dagger Spray"],"picked":"Dash+1","floor":20.0},{"not_picked":["Reflex","Escape Plan"],"picked":"Deadly Poison+1","floor":23.0},{"not_picked":["Sucker Punch+1","Acrobatics"],"picked":"Cloak And Dagger","floor":25.0},{"not_picked":["Outmaneuver","Slice","Bullet Time"],"picked":"SKIP","floor":28.0},{"not_picked":["Quick Slash","Eviscerate"],"picked":"Backstab+1","floor":29.0},{"not_picked":["Dagger Throw","Bane"],"picked":"Prepared+1","floor":30.0},{"not_picked":["Underhanded Strike","Quick Slash+1"],"picked":"After Image","floor":31.0},{"not_picked":["Doppelganger","Grand Finale"],"picked":"Burst","floor":33.0},{"not_picked":["Heel Hook+1"],"picked":"SKIP","floor":35.0},{"not_picked":["Dagger Spray"],"picked":"SKIP","floor":36.0},{"not_picked":["Dodge and Roll"],"picked":"SKIP","floor":38.0},{"not_picked":[],"picked":"Blade Dance+1","floor":44.0},{"not_picked":["Underhanded Strike+1"],"picked":"SKIP","floor":46.0},{"not_picked":["Slice+1"],"picked":"SKIP","floor":47.0},{"not_picked":[],"picked":"Endless Agony+1","floor":48}],"player_experience":43481,"relics_obtained":[{"floor":8.0,"key":"Centennial Puzzle"},{"floor":9.0,"key":"Strawberry"},{"floor":10.0,"key":"Tiny Chest"},{"floor":23.0,"key":"Sundial"},{"floor":26.0,"key":"Snake Skull"},{"floor":28.0,"key":"PreservedInsect"},{"floor":30.0,"key":"Oddly Smooth Stone"},{"floor":43.0,"key":"Smiling Mask"},{"floor":46.0,"key":"Molten Egg 2"}],"event_choices":[{"damage_healed":0.0,"max_hp_gain":0.0,"max_hp_loss":0.0,"gold_gain":0.0,"event_name":"Living Wall","player_choice":"Grow","floor":11.0,"gold_loss":0.0,"damage_taken":0.0,"cards_upgraded":["Neutralize"]},{"damage_healed":0.0,"max_hp_gain":5.0,"max_hp_loss":0.0,"gold_gain":0.0,"event_name":"Forgotten Altar","player_choice":"Shed Blood","floor":19.0,"gold_loss":0.0,"damage_taken":19.0},{"damage_healed":0.0,"max_hp_gain":0.0,"max_hp_loss":0.0,"gold_gain":0.0,"event_name":"Cursed Tome","player_choice":"Ignored","floor":21.0,"gold_loss":0.0,"damage_taken":0.0},{"damage_healed":0.0,"max_hp_gain":0.0,"max_hp_loss":0.0,"gold_gain":0.0,"event_name":"Drug Dealer","player_choice":"Inject Mutagens","floor":22.0,"gold_loss":0.0,"damage_taken":0.0,"relics_obtained":["MutagenicStrength"]},{"damage_healed":0.0,"max_hp_gain":0.0,"max_hp_loss":0.0,"gold_gain":0.0,"event_name":"Lab","player_choice":"Got Potions","floor":37.0,"gold_loss":0.0,"damage_taken":0.0},{"cards_removed":["Dash"],"damage_healed":0.0,"max_hp_gain":0.0,"max_hp_loss":0.0,"gold_gain":0.0,"event_name":"Falling","player_choice":"Removed Attack","floor":41.0,"gold_loss":0.0,"damage_taken":0.0}],"is_beta":false,"boss_relics":[{"not_picked":["Eternal Feather","Black Star"],"picked":"Ectoplasm"},{"not_picked":["HoveringKite","Ring of the Serpent"],"picked":"Busted Crown"}],"items_purged_floors":[],"is_endless":false,"potions_floor_spawned":[7,8,10,16,18,25,29,33,44,46],"ascension_level":7}