{"gold_per_floor":[112,112,124,124,137,137,14,33,110,149,167,167],"floor_reached":12,"playtime":637,"items_purged":["Injury"],"score":80,"play_id":"f7933d01-97e0-445a-9eaa-3477ff83506a","local_time":"20190528234937","is_ascension_mode":false,"campfire_choices":[{"data":"Entrench","floor":6,"key":"SMITH"}],"neow_cost":"CURSE","seed_source_timestamp":21852560283405,"circlet_count":0,"master_deck":["Strike_R","Strike_R","Strike_R+1","Strike_R","Defend_R","Defend_R+1","Defend_R","Bash","Entrench+1","Searing Blow","True Grit","Body Slam","Headbutt","Flex","Thunderclap","Power Through","Rupture"],"relics":["Burning Blood","Golden Idol","Question Card","Red Skull"],"potions_floor_usage":[10,11],"damage_taken":[{"damage":0,"enemies":"Small Slimes","floor":1,"turns":3},{"damage":4,"enemies":"Jaw Worm","floor":3,"turns":4},{"damage":6,"enemies":"Cultist","floor":5,"turns":4},{"damage":12,"enemies":"Exordium Thugs","floor":8,"turns":7},{"damage":12,"enemies":"Gremlin Nob","floor":10,"turns":4},{"damage":6,"enemies":"Looter","floor":11,"turns":3},{"damage":16,"enemies":"2 Fungi Beasts","floor":12,"turns":3}],"seed_played":"-4528631395585099858","potions_obtained":[{"floor":1,"key":"Explosive Potion"},{"floor":8,"key":"EssenceOfSteel"}],"is_trial":false,"path_per_floor":["M","?","M","?","M","R","$","M","T","E","M","M"],"character_chosen":"IRONCLAD","items_purchased":["Flex"],"campfire_rested":0,"item_purchase_floors":[7],"current_hp_per_floor":[80,64,66,66,66,66,66,60,60,54,54,38],"gold":167,"neow_bonus":"TRANSFORM_TWO_CARDS","is_prod":false,"is_daily":false,"chose_seed":false,"campfire_upgraded":1,"win_rate":0.0,"timestamp":1559108977,"path_taken":["M","?","M","?","M","R","?","?","T","E","M","M"],"build_version":"2019-01-23","purchased_purges":1,"victory":false,"max_hp_per_floor":[80,80,80,74,74,74,74,74,74,74,74,74],"card_choices":[{"not_picked":["Seeing Red","Bloodletting"],"picked":"True Grit","floor":1},{"not_picked":["Thunderclap","Clash"],"picked":"Body Slam","floor":3},{"not_picked":["Wild Strike","Heavy Blade"],"picked":"Headbutt","floor":5},{"not_picked":["Headbutt","Twin Strike"],"picked":"Thunderclap","floor":8},{"not_picked":["Flex","Clothesline","Wild Strike"],"picked":"Power Through","floor":10},{"not_picked":["Dual Wield","Headbutt","Flex"],"picked":"Rupture","floor":11}],"player_experience":102152,"relics_obtained":[{"floor":9,"key":"Question Card"},{"floor":10,"key":"Red Skull"}],"event_choices":[{"damage_healed":0,"gold_gain":0,"player_choice":"Entered Light","damage_taken":16,"max_hp_gain":0,"max_hp_loss":0,"event_name":"Shining Light","floor":2,"gold_loss":0,"cards_upgraded":["Defend_R","Strike_R"]},{"damage_healed":0,"gold_gain":0,"player_choice":"Lose Max HP","damage_taken":0,"relics_obtained":["Golden Idol"],"max_hp_gain":0,"max_hp_loss":6,"event_name":"Golden Idol","floor":4,"gold_loss":0}],"is_beta":false,"boss_relics":[],"items_purged_floors":[7],"is_endless":false,"potions_floor_spawned":[1,8],"killed_by":"2 Fungi Beasts","ascension_level":0}