{"gold_per_floor":[117,117,117,127,47,57,57,88,115,125,125],"floor_reached":11,"playtime":442,"items_purged":[],"score":135,"play_id":"d14514b1-aa98-4cb5-b431-e80863f9099f","local_time":"20190531185625","is_ascension_mode":true,"campfire_choices":[{"data":"Carnage","floor":7.0,"key":"SMITH"}],"neow_cost":"NONE","seed_source_timestamp":1143099537642633,"circlet_count":0,"master_deck":["AscendersBane","Strike_R","Strike_R","Strike_R","Strike_R","Strike_R","Defend_R","Defend_R+1","Defend_R","Defend_R","Bash+1","Pummel","Carnage+1","Disarm","Feed","Corruption"],"special_seed":0,"relics":["Burning Blood","Potion Belt","Centennial Puzzle"],"potions_floor_usage":[],"damage_taken":[{"damage":20.0,"enemies":"Small Slimes","floor":1.0,"turns":5.0},{"damage":0.0,"enemies":"Jaw Worm","floor":4.0,"turns":3.0},{"damage":3.0,"enemies":"2 Louse","floor":6.0,"turns":3.0},{"damage":16.0,"enemies":"Lagavulin","floor":8.0,"turns":6.0},{"damage":17,"enemies":"Exordium Wildlife","floor":10,"turns":6},{"damage":35,"enemies":"3 Sentries","floor":11,"turns":6}],"seed_played":"1891540653339312240","potions_obtained":[{"floor":1.0,"key":"Weak Potion"},{"floor":4.0,"key":"SpeedPotion"},{"floor":6.0,"key":"SkillPotion"}],"is_trial":false,"path_per_floor":["M","?","?","M","$","M","R","E","T","M","E"],"character_chosen":"IRONCLAD","items_purchased":["Carnage"],"campfire_rested":0,"item_purchase_floors":[5],"current_hp_per_floor":[61,36,36,42,42,45,45,35,35,27,0],"gold":125,"neow_bonus":"TEN_PERCENT_HP_BONUS","is_prod":false,"is_daily":false,"chose_seed":false,"campfire_upgraded":1,"win_rate":0,"timestamp":1559346985,"path_taken":["M","?","?","M","$","M","R","E","T","M","E"],"build_version":"2019-01-23","purchased_purges":0,"victory":false,"max_hp_per_floor":[82,82,82,82,82,82,82,82,82,85,88],"card_choices":[{"not_picked":["Burning Pact","Rupture"],"picked":"Pummel","floor":1.0},{"not_picked":["Fire Breathing","Searing Blow","Body Slam"],"picked":"SKIP","floor":4.0},{"not_picked":["Infernal Blade","Cleave"],"picked":"Disarm","floor":6.0},{"not_picked":["Cleave","Disarm"],"picked":"Feed","floor":8.0},{"not_picked":["Blood for Blood","Havoc"],"picked":"Corruption","floor":10}],"player_experience":508080,"relics_obtained":[{"floor":8.0,"key":"Potion Belt"},{"floor":9.0,"key":"Centennial Puzzle"}],"event_choices":[{"damage_healed":0.0,"max_hp_gain":0.0,"max_hp_loss":0.0,"gold_gain":0.0,"event_name":"Shining Light","player_choice":"Entered Light","floor":2.0,"gold_loss":0.0,"damage_taken":25.0,"cards_upgraded":["Bash","Defend_R"]},{"damage_healed":0.0,"max_hp_gain":0.0,"max_hp_loss":0.0,"gold_gain":0.0,"event_name":"Scrap Ooze","player_choice":"Fled","floor":3.0,"gold_loss":0.0,"damage_taken":0.0}],"is_beta":false,"boss_relics":[],"items_purged_floors":[],"is_endless":false,"potions_floor_spawned":[1,4,6],"killed_by":"3 Sentries","ascension_level":17}