{"gold_per_floor":[113,113,113,126,139,166,176,176,176,205,36,36,55,55,55,55],"floor_reached":16,"playtime":789,"items_purged":[],"score":110,"play_id":"56799469-c6b5-456f-a300-2c950fcea2e0","local_time":"20190522160738","is_ascension_mode":false,"campfire_choices":[{"floor":8,"key":"REST"},{"floor":15,"key":"REST"}],"neow_cost":"TEN_PERCENT_HP_LOSS","seed_source_timestamp":44594496821092,"circlet_count":0,"master_deck":["Strike_R","Strike_R","Strike_R","Strike_R","Strike_R","Defend_R","Defend_R","Defend_R","Defend_R","Bash","Twin Strike","Whirlwind","Anger","Perfected Strike","Flex","Anger","Searing Blow","Enlightenment","Regret","Impervious","Pain"],"relics":["Burning Blood","Ice Cream","Happy Flower","Oddly Smooth Stone","Bottled Flame","Unceasing Top","WarpedTongs"],"potions_floor_usage":[6,10],"damage_taken":[{"damage":8,"enemies":"2 Louse","floor":1,"turns":4},{"damage":4,"enemies":"Cultist","floor":4,"turns":4},{"damage":5,"enemies":"Jaw Worm","floor":5,"turns":4},{"damage":40,"enemies":"Lagavulin","floor":6,"turns":6},{"damage":11,"enemies":"Large Slime","floor":7,"turns":4},{"damage":18,"enemies":"3 Sentries","floor":10,"turns":5},{"damage":0,"enemies":"Lots of Slimes","floor":13,"turns":1},{"damage":69,"enemies":"The Guardian","floor":16,"turns":6}],"seed_played":"6879932344307633839","potions_obtained":[{"floor":1,"key":"GamblersBrew"},{"floor":2,"key":"SpeedPotion"},{"floor":2,"key":"Ancient Potion"},{"floor":7,"key":"Swift Potion"}],"is_trial":false,"path_per_floor":["M","?","$","M","M","E","M","R","T","E","$","?","M","?","R","B"],"character_chosen":"IRONCLAD","items_purchased":["Searing Blow","Enlightenment"],"campfire_rested":2,"item_purchase_floors":[11,11],"current_hp_per_floor":[70,70,70,72,72,38,33,54,54,42,42,42,48,48,69,0],"gold":55,"neow_bonus":"ONE_RARE_RELIC","is_prod":false,"is_daily":false,"chose_seed":false,"campfire_upgraded":0,"win_rate":0.0,"timestamp":1558562858,"path_taken":["M","?","?","M","M","E","M","R","T","E","$","?","?","?","R","BOSS"],"build_version":"2019-01-23","purchased_purges":0,"victory":false,"max_hp_per_floor":[72,72,72,72,72,72,72,72,72,72,72,72,72,72,72,72],"card_choices":[{"not_picked":["Entrench","Shrug It Off"],"picked":"Twin Strike","floor":1},{"not_picked":["Pummel","Burning Pact"],"picked":"Whirlwind","floor":4},{"not_picked":["Clash","Spot Weakness"],"picked":"Anger","floor":5},{"not_picked":["Cleave","Anger"],"picked":"Perfected Strike","floor":6},{"not_picked":["Sword Boomerang","Dual Wield"],"picked":"Flex","floor":7},{"not_picked":["Dropkick","Flex"],"picked":"Anger","floor":10},{"not_picked":["Twin Strike","Wild Strike"],"picked":"Impervious","floor":13}],"player_experience":64385,"relics_obtained":[{"floor":6,"key":"Happy Flower"},{"floor":9,"key":"Oddly Smooth Stone"},{"floor":10,"key":"Bottled Flame"}],"event_choices":[{"damage_healed":0,"gold_gain":0,"player_choice":"Got Potions","damage_taken":0,"max_hp_gain":0,"max_hp_loss":0,"event_name":"Lab","floor":2,"gold_loss":0},{"damage_healed":0,"gold_gain":0,"player_choice":"Box","damage_taken":0,"relics_obtained":["Unceasing Top"],"max_hp_gain":0,"max_hp_loss":0,"event_name":"Big Fish","floor":12,"gold_loss":0,"cards_obtained":["Regret"]},{"damage_healed":0,"gold_gain":0,"player_choice":"Rummage","damage_taken":0,"relics_obtained":["WarpedTongs"],"max_hp_gain":0,"max_hp_loss":0,"event_name":"Accursed Blacksmith","floor":14,"gold_loss":0,"cards_obtained":["Pain"]}],"is_beta":false,"boss_relics":[],"items_purged_floors":[],"is_endless":false,"potions_floor_spawned":[1,4,7],"killed_by":"The Guardian","ascension_level":0}