{"gold_per_floor":[113,113,123,143,163,179,212,226,226,245,245,273,289,300,300,404,454,474,486,8,25,40,40,67,67,115,131,163,174,174,205,205,300,300,316,334,334,2,21,21,52,68,68,68,91,116,18,35,35,35],"floor_reached":51,"playtime":4100,"items_purged":["Doubt","Regret"],"score":835,"play_id":"d458c5f8-ae8d-410e-9491-13728e60d4dc","local_time":"20190527153640","is_ascension_mode":false,"campfire_choices":[{"data":"Crippling Poison","floor":11.0,"key":"SMITH"},{"floor":15.0,"key":"REST"},{"data":"Crippling Poison","floor":23,"key":"SMITH"},{"floor":25,"key":"REST"},{"floor":32,"key":"REST"},{"data":"Bane","floor":40,"key":"SMITH"},{"floor":44,"key":"REST"},{"floor":49,"key":"REST"}],"neow_cost":"NONE","seed_source_timestamp":6581263185238,"circlet_count":0,"master_deck":["Defend_G","Defend_G","Defend_G","Defend_G","Defend_G","Strike_G","Strike_G","Strike_G","Survivor","Neutralize+1","Backflip","Dagger Spray","Crippling Poison+1","Dash+1","Dagger Spray","Poisoned Stab","Crippling Poison+1","Skewer","Poisoned Stab","Deadly Poison","Poisoned Stab","Adrenaline","Predator","Noxious Fumes","Skewer+1","All Out Attack","Flying Knee","Dagger Throw+1","Caltrops","Acrobatics+1","Necronomicurse","Blur","Die Die Die","Leg Sweep+1","Tools of the Trade+1","Backflip","Bane","Quick Slash","Bane+1","Dagger Throw+1","Dodge and Roll","Pain","Normality","Leg Sweep","Bane","Crippling Poison"],"special_seed":0,"relics":["Cursed Key","Mango","Meat on the Bone","Blood Vial","Tiny House","Darkstone Periapt","Happy Flower","Dodecahedron","PreservedInsect","Shuriken","Necronomicon","Pear","Astrolabe","Lee\u0027s Waffle","The Specimen","Oddly Smooth Stone","Anchor","Bag of Marbles"],"potions_floor_usage":[21,24,27,28,28,33,48,50,50],"damage_taken":[{"damage":0.0,"enemies":"Small Slimes","floor":1.0,"turns":4.0},{"damage":0.0,"enemies":"Jaw Worm","floor":3.0,"turns":4.0},{"damage":0.0,"enemies":"2 Louse","floor":4.0,"turns":3.0},{"damage":0.0,"enemies":"2 Fungi Beasts","floor":5.0,"turns":3.0},{"damage":0.0,"enemies":"Blue Slaver","floor":6.0,"turns":4.0},{"damage":9.0,"enemies":"Lagavulin","floor":7.0,"turns":8.0},{"damage":0.0,"enemies":"Gremlin Gang","floor":8.0,"turns":2.0},{"damage":7.0,"enemies":"Looter","floor":10.0,"turns":3.0},{"damage":0.0,"enemies":"Gremlin Nob","floor":12.0,"turns":4.0},{"damage":12.0,"enemies":"Large Slime","floor":13.0,"turns":5.0},{"damage":7.0,"enemies":"Blue Slaver","floor":14.0,"turns":3.0},{"damage":22.0,"enemies":"The Guardian","floor":16.0,"turns":8.0},{"damage":3.0,"enemies":"Shell Parasite","floor":18.0,"turns":5.0},{"damage":0.0,"enemies":"3 Byrds","floor":19.0,"turns":4.0},{"damage":7,"enemies":"Snecko","floor":21,"turns":4},{"damage":0,"enemies":"Snake Plant","floor":22,"turns":3},{"damage":11,"enemies":"Book of Stabbing","floor":24,"turns":5},{"damage":20,"enemies":"Centurion and Healer","floor":27,"turns":5},{"damage":14,"enemies":"Gremlin Leader","floor":28,"turns":5},{"damage":10,"enemies":"Chosen and Byrds","floor":29,"turns":4},{"damage":25,"enemies":"Slavers","floor":31,"turns":4},{"damage":50,"enemies":"Collector","floor":33,"turns":7},{"damage":0,"enemies":"Orb Walker","floor":35,"turns":2},{"damage":17,"enemies":"3 Shapes","floor":36,"turns":3},{"damage":30,"enemies":"Jaw Worm Horde","floor":39,"turns":3},{"damage":38,"enemies":"Giant Head","floor":41,"turns":7},{"damage":5,"enemies":"3 Darklings","floor":42,"turns":4},{"damage":25,"enemies":"Reptomancer","floor":46,"turns":4},{"damage":24,"enemies":"Writhing Mass","floor":48,"turns":6},{"damage":84,"enemies":"Awakened One","floor":50,"turns":17}],"seed_played":"-5133008164645342486","potions_obtained":[{"floor":1.0,"key":"Explosive Potion"},{"floor":5.0,"key":"Dexterity Potion"},{"floor":8.0,"key":"PowerPotion"},{"floor":10.0,"key":"Poison Potion"},{"floor":16.0,"key":"PowerPotion"},{"floor":17.0,"key":"Explosive Potion"},{"floor":19.0,"key":"Poison Potion"},{"floor":21,"key":"Block Potion"},{"floor":27,"key":"Regen Potion"},{"floor":31,"key":"Weak Potion"},{"floor":42,"key":"FearPotion"},{"floor":46,"key":"FearPotion"}],"is_trial":false,"path_per_floor":["M","?","M","M","M","M","E","M","T","M","R","E","M","M","R","B",null,"M","M","$","M","M","R","E","R","T","M","E","M","?","E","R","B",null,"M","M","?","$","M","R","E","M","T","R","T","E","$","M","R","B",null],"character_chosen":"THE_SILENT","items_purchased":["Darkstone Periapt","Happy Flower","Lee\u0027s Waffle","Quick Slash","Regen Potion","Bane"],"campfire_rested":5,"item_purchase_floors":[20,20,38,38,47,47],"current_hp_per_floor":[70,70,70,70,70,70,75,75,75,68,68,68,58,53,78,58,89,86,88,88,82,84,84,75,89,95,75,77,69,59,58,91,55,114,114,97,97,121,91,91,67,64,70,108,114,91,91,74,113,43],"gold":35,"neow_bonus":"BOSS_RELIC","is_prod":false,"is_daily":false,"chose_seed":false,"campfire_upgraded":3,"win_rate":0.0,"timestamp":1558993000,"path_taken":["M","?","M","M","M","M","E","M","T","M","R","E","M","M","R","BOSS","M","M","$","M","M","R","E","R","T","M","E","M","?","E","R","BOSS","M","M","?","$","M","R","E","M","T","R","?","E","$","M","R","BOSS"],"build_version":"2019-01-23","purchased_purges":2,"victory":true,"max_hp_per_floor":[70,70,70,70,70,70,84,84,84,84,84,84,84,84,84,84,89,89,89,89,89,89,89,89,89,95,95,95,95,101,111,111,111,114,114,114,114,121,121,121,121,121,127,127,133,133,133,133,133,133],"card_choices":[{"not_picked":["Well Laid Plans","Underhanded Strike"],"picked":"Backflip","floor":1.0},{"not_picked":["Flying Knee","Backflip"],"picked":"Dagger Spray","floor":3.0},{"not_picked":["Slice","Dagger Throw"],"picked":"Crippling Poison","floor":4.0},{"not_picked":["Sucker Punch","Acrobatics"],"picked":"Dash","floor":5.0},{"not_picked":["Expertise","Prepared"],"picked":"Dagger Spray","floor":6.0},{"not_picked":["Backflip","Distraction"],"picked":"Poisoned Stab","floor":7.0},{"not_picked":["Tools of the Trade","Endless Agony"],"picked":"Crippling Poison","floor":8.0},{"not_picked":["Slice","Dagger Throw"],"picked":"Skewer","floor":10.0},{"not_picked":["Prepared","Well Laid Plans"],"picked":"Poisoned Stab","floor":12.0},{"not_picked":["Escape Plan","Tactician"],"picked":"Deadly Poison","floor":13.0},{"not_picked":["Dagger Throw","Calculated Gamble"],"picked":"Poisoned Stab","floor":14.0},{"not_picked":["Phantasmal Killer","Doppelganger"],"picked":"Adrenaline","floor":16.0},{"not_picked":["Slice","Skewer"],"picked":"Predator","floor":17.0},{"not_picked":["Acrobatics","Riddle With Holes"],"picked":"Poisoned Stab+1","floor":18.0},{"not_picked":["Reflex","Flechettes+1"],"picked":"Noxious Fumes","floor":19.0},{"not_picked":["Footwork","Burst"],"picked":"Skewer+1","floor":21},{"not_picked":["Flechettes","Backflip"],"picked":"All Out Attack","floor":22},{"not_picked":["Sucker Punch","Prepared"],"picked":"Flying Knee","floor":24},{"not_picked":["Quick Slash","Flying Knee"],"picked":"Dagger Throw+1","floor":27},{"not_picked":["Night Terror","Bane"],"picked":"Caltrops","floor":28},{"not_picked":["Poisoned Stab","Dodge and Roll+1"],"picked":"Acrobatics+1","floor":29},{"not_picked":["Choke","Dodge and Roll"],"picked":"Blur","floor":31},{"not_picked":["Night Terror","Glass Knife"],"picked":"Die Die Die","floor":33},{"not_picked":["Finisher+1","Underhanded Strike+1"],"picked":"Backflip","floor":35},{"not_picked":["Skewer","Dodge and Roll+1"],"picked":"Bane","floor":36},{"not_picked":["Underhanded Strike","Caltrops"],"picked":"Bane","floor":39},{"not_picked":["Underhanded Strike","Acrobatics+1"],"picked":"Dagger Throw+1","floor":41},{"not_picked":["Flying Knee+1","Infinite Blades+1"],"picked":"Dodge and Roll","floor":42},{"not_picked":["Backstab","Crippling Poison"],"picked":"Leg Sweep","floor":46},{"not_picked":["Dagger Spray+1","Sucker Punch+1"],"picked":"Crippling Poison","floor":48}],"player_experience":81418,"relics_obtained":[{"floor":7.0,"key":"Mango"},{"floor":9.0,"key":"Meat on the Bone"},{"floor":12.0,"key":"Blood Vial"},{"floor":24,"key":"Dodecahedron"},{"floor":26,"key":"PreservedInsect"},{"floor":28,"key":"Shuriken"},{"floor":30,"key":"Necronomicon"},{"floor":31,"key":"Pear"},{"floor":41,"key":"The Specimen"},{"floor":43,"key":"Oddly Smooth Stone"},{"floor":45,"key":"Anchor"},{"floor":46,"key":"Bag of Marbles"}],"event_choices":[{"damage_healed":0.0,"max_hp_gain":0.0,"max_hp_loss":0.0,"gold_gain":0.0,"event_name":"Living Wall","player_choice":"Grow","floor":2.0,"gold_loss":0.0,"damage_taken":0.0,"cards_upgraded":["Neutralize"]},{"damage_healed":0,"gold_gain":0,"player_choice":"Obtained Book","damage_taken":16,"max_hp_gain":0,"max_hp_loss":0,"event_name":"Cursed Tome","floor":30,"gold_loss":0},{"cards_removed":["Poisoned Stab"],"damage_healed":0,"gold_gain":0,"player_choice":"Removed Attack","damage_taken":0,"max_hp_gain":0,"max_hp_loss":0,"event_name":"Falling","floor":37,"gold_loss":0}],"is_beta":false,"boss_relics":[{"not_picked":["Eternal Feather","Philosopher\u0027s Stone"],"picked":"Tiny House"},{"not_picked":["Sozu","Calling Bell"],"picked":"Astrolabe"}],"items_purged_floors":[20,38],"is_endless":false,"potions_floor_spawned":[1,5,8,10,16,19,21,22,27,31,42,46],"ascension_level":0}