{"gold_per_floor":[110,70,84,103,103,119,119,139,163,163,176,208,225,0,0,102,102,120,140,340,354,43,43,18,34,34,53,8,8,41,57,57,57],"floor_reached":33,"playtime":2972,"items_purged":[],"score":271,"play_id":"9e359dbc-9818-4b4e-ba04-1d841d605815","local_time":"20190518150255","is_ascension_mode":false,"campfire_choices":[{"data":"Barrage","floor":7,"key":"SMITH"},{"floor":10,"key":"REST"},{"floor":15,"key":"REST"},{"floor":23,"key":"REST"},{"floor":29,"key":"REST"},{"floor":32,"key":"REST"}],"neow_cost":"NONE","seed_source_timestamp":115051111822611,"circlet_count":0,"master_deck":["Strike_B","Strike_B","Strike_B","Strike_B","Defend_B","Defend_B","Defend_B","Defend_B","Zap+1","Dualcast","Cold Snap","Rebound","Barrage","Barrage+1","Go for the Eyes","Rainbow","Lockon","Streamline","Chill","Conserve Battery","Go for the Eyes","Echo Form","Stack","Sunder","Turbo+1","Conserve Battery","Steam","Redo+1","Cold Snap","Streamline","Redo","Creative AI","Cold Snap+1","Redo"],"relics":["Cracked Core","Omamori","Dream Catcher","Happy Flower","Medical Kit","Nuclear Battery","HandDrill","Matryoshka","Regal Pillow"],"potions_floor_usage":[8,8,8,11,16,16,19,22,31,33,33,33],"damage_taken":[{"damage":1,"enemies":"Jaw Worm","floor":1,"turns":3},{"damage":0,"enemies":"Cultist","floor":3,"turns":4},{"damage":5,"enemies":"2 Louse","floor":4,"turns":2},{"damage":3,"enemies":"Red Slaver","floor":6,"turns":3},{"damage":14,"enemies":"Exordium Thugs","floor":8,"turns":4},{"damage":3,"enemies":"Exordium Wildlife","floor":11,"turns":5},{"damage":24,"enemies":"Lagavulin","floor":12,"turns":6},{"damage":0,"enemies":"Blue Slaver","floor":13,"turns":3},{"damage":31,"enemies":"The Guardian","floor":16,"turns":9},{"damage":19,"enemies":"Shell Parasite","floor":18,"turns":5},{"damage":3,"enemies":"Spheric Guardian","floor":19,"turns":3},{"damage":14,"enemies":"Centurion and Healer","floor":21,"turns":8},{"damage":18,"enemies":"Shelled Parasite and Fungi","floor":25,"turns":8},{"damage":27,"enemies":"Chosen and Byrds","floor":27,"turns":7},{"damage":34,"enemies":"Book of Stabbing","floor":30,"turns":7},{"damage":3,"enemies":"3 Cultists","floor":31,"turns":8},{"damage":73,"enemies":"Collector","floor":33,"turns":5}],"seed_played":"8141244174538006480","potions_obtained":[{"floor":2,"key":"SteroidPotion"},{"floor":2,"key":"EntropicBrew"},{"floor":2,"key":"FearPotion"},{"floor":12,"key":"GamblersBrew"},{"floor":16,"key":"Fire Potion"},{"floor":19,"key":"SpeedPotion"},{"floor":25,"key":"FocusPotion"},{"floor":30,"key":"Fire Potion"},{"floor":31,"key":"EssenceOfSteel"}],"is_trial":false,"path_per_floor":["M","?","M","M","?","M","R","M","T","R","M","E","M","$","R","B",null,"M","M","?","M","$","R","$","M","T","M","$","R","E","M","R","B"],"character_chosen":"DEFECT","items_purchased":["Medical Kit","Conserve Battery","HandDrill","Fruit Juice","Steam","Streamline"],"campfire_rested":5,"item_purchase_floors":[14,14,22,22,24,28],"current_hp_per_floor":[74,74,74,69,69,66,66,52,52,74,71,47,47,47,69,38,75,56,53,53,39,44,68,68,50,50,23,23,47,13,10,49,0],"gold":57,"neow_bonus":"RANDOM_COMMON_RELIC","is_prod":false,"is_daily":false,"chose_seed":false,"campfire_upgraded":1,"win_rate":0.0,"timestamp":1558213375,"path_taken":["M","?","?","M","?","M","R","M","T","R","M","E","M","$","R","BOSS","M","M","?","M","?","R","?","M","T","M","$","R","E","M","R","BOSS"],"build_version":"2019-01-23","purchased_purges":0,"victory":false,"max_hp_per_floor":[75,75,75,75,75,75,75,75,75,75,75,75,75,75,75,75,75,75,75,75,75,80,80,80,80,80,80,80,80,80,80,80,80],"card_choices":[{"not_picked":["Conserve Battery","Gash"],"picked":"Cold Snap","floor":1},{"not_picked":["Leap","Storm"],"picked":"Rebound","floor":3},{"not_picked":["Streamline","Reprogram"],"picked":"Barrage","floor":4},{"not_picked":["Heatsinks","Leap"],"picked":"Barrage","floor":6},{"not_picked":["Rip and Tear","Coolheaded"],"picked":"Go for the Eyes","floor":8},{"not_picked":["Redo","Scrape"],"picked":"Rainbow","floor":10},{"not_picked":["Streamline","White Noise"],"picked":"Lockon","floor":11},{"not_picked":["Rebound","Gash"],"picked":"Streamline","floor":12},{"not_picked":["Barrage","Hologram"],"picked":"Chill","floor":13},{"not_picked":["Gash","Hologram"],"picked":"Go for the Eyes","floor":15},{"not_picked":["Multi-Cast","Reboot"],"picked":"Echo Form","floor":16},{"not_picked":["Darkness","Streamline"],"picked":"Stack","floor":18},{"not_picked":["Compile Driver","Self Repair"],"picked":"Sunder","floor":19},{"not_picked":["Meteor Strike","Genetic Algorithm"],"picked":"Turbo+1","floor":21},{"not_picked":["Compile Driver","Sweeping Beam+1"],"picked":"Conserve Battery","floor":23},{"not_picked":["Genetic Algorithm","Gash"],"picked":"Redo+1","floor":25},{"not_picked":["Gash+1","Beam Cell"],"picked":"Cold Snap","floor":27},{"not_picked":["Coolheaded","Fusion"],"picked":"Redo","floor":29},{"not_picked":["Hologram+1","Coolheaded+1"],"picked":"Creative AI","floor":30},{"not_picked":["Consume","Stack"],"picked":"Cold Snap+1","floor":31},{"not_picked":["Gash","Compile Driver"],"picked":"Redo","floor":32}],"player_experience":24699,"relics_obtained":[{"floor":9,"key":"Dream Catcher"},{"floor":12,"key":"Happy Flower"},{"floor":26,"key":"Matryoshka"},{"floor":30,"key":"Regal Pillow"}],"event_choices":[{"damage_healed":0,"gold_gain":0,"player_choice":"Bought 3 Potions","damage_taken":0,"max_hp_gain":0,"max_hp_loss":0,"event_name":"The Woman in Blue","floor":2,"gold_loss":0},{"damage_healed":0,"gold_gain":0,"player_choice":"Upgraded","damage_taken":0,"max_hp_gain":0,"max_hp_loss":0,"event_name":"Upgrade Shrine","floor":5,"gold_loss":0,"cards_upgraded":["Zap"]},{"damage_healed":0,"gold_gain":200,"player_choice":"Gold","damage_taken":0,"max_hp_gain":0,"max_hp_loss":0,"event_name":"Wheel of Change","floor":20,"gold_loss":0}],"is_beta":false,"boss_relics":[{"not_picked":["Empty Cage","Philosopher\u0027s Stone"],"picked":"Nuclear Battery"}],"items_purged_floors":[],"is_endless":false,"potions_floor_spawned":[3,4,12,16,19,25,30,31],"killed_by":"Collector","ascension_level":0}