{"gold_per_floor":[109,109,121,196,196,196,215,244,244,244,169,181,191,201,201,297,297,297,212,212,112,112,112,112,112,112,112,0,0,0],"floor_reached":30,"playtime":2418,"items_purged":["Strike_R","Strike_R"],"score":281,"play_id":"18f41801-69e8-4a87-b2c9-e01286ed13ca","local_time":"20180805003138","is_ascension_mode":true,"campfire_choices":[{"data":"Barricade","floor":6,"key":"SMITH"},{"data":"Entrench","floor":15,"key":"SMITH"},{"data":"Ghostly Armor","floor":23,"key":"SMITH"},{"data":"Ghostly Armor","floor":25,"key":"SMITH"}],"neow_cost":"NONE","seed_source_timestamp":54486545578115,"circlet_count":0,"master_deck":["Strike_R","Strike_R","Strike_R","Defend_R","Defend_R","Defend_R","Defend_R","Bash","Barricade+1","Ghostly Armor+1","Entrench+1","Ghostly Armor+1","Impervious"],"relics":["Burning Blood","NlothsMask","Blood Vial","Pen Nib","Ectoplasm","Charon\u0027s Ashes","Mummified Hand"],"potions_floor_usage":[8,13,27],"damage_taken":[{"damage":10,"enemies":"2 Louse","floor":1,"turns":3},{"damage":15,"enemies":"Cultist","floor":3,"turns":5},{"damage":9,"enemies":"Jaw Worm","floor":7,"turns":5},{"damage":40,"enemies":"Gremlin Nob","floor":8,"turns":5},{"damage":9,"enemies":"Blue Slaver","floor":12,"turns":11},{"damage":0,"enemies":"2 Fungi Beasts","floor":13,"turns":4},{"damage":26,"enemies":"Large Slime","floor":14,"turns":13},{"damage":20,"enemies":"The Guardian","floor":16,"turns":32},{"damage":34,"enemies":"3 Byrds","floor":18,"turns":11},{"damage":7,"enemies":"Chosen","floor":20,"turns":8},{"damage":16,"enemies":"Snecko","floor":22,"turns":10},{"damage":0,"enemies":"Centurion and Healer","floor":24,"turns":15},{"damage":14,"enemies":"Snake Plant","floor":27,"turns":11},{"damage":34,"enemies":"Slaver and Parasite","floor":29,"turns":24},{"damage":57,"enemies":"Gremlin Leader","floor":30,"turns":3}],"seed_played":"-7238240413222276025","potions_obtained":[{"floor":3,"key":"Regen Potion"},{"floor":12,"key":"Fire Potion"},{"floor":13,"key":"FairyPotion"},{"floor":22,"key":"EssenceOfSteel"},{"floor":24,"key":"Regen Potion"},{"floor":29,"key":"EntropicBrew"}],"is_trial":false,"path_per_floor":["M","?","M","?","?","R","M","E","T","?","$","M","M","M","R","B",null,"M","?","M","$","M","R","M","R","T","M","?","M"],"character_chosen":"IRONCLAD","items_purchased":[],"campfire_rested":0,"item_purchase_floors":[],"current_hp_per_floor":[76,76,67,56,56,56,53,33,33,30,30,29,37,19,19,7,80,52,52,53,53,45,45,53,53,53,62,62,36,0],"gold":0,"neow_bonus":"ONE_RANDOM_RARE_CARD","is_prod":false,"is_daily":false,"chose_seed":false,"campfire_upgraded":4,"win_rate":0,"timestamp":1533418298,"path_taken":["M","?","M","?","?","R","M","E","T","?","$","?","M","?","R","BOSS","M","?","M","$","M","R","M","R","T","?","?","M","E"],"build_version":"2018-08-02","purchased_purges":2,"victory":false,"max_hp_per_floor":[80,80,80,80,80,80,80,80,80,80,80,80,80,80,80,80,80,80,80,80,80,80,80,80,80,80,80,80,80,80],"card_choices":[{"not_picked":["Clash","Flex","Warcry"],"picked":"SKIP","floor":1},{"not_picked":["True Grit","Twin Strike","Wild Strike"],"picked":"SKIP","floor":3},{"not_picked":["Wild Strike","Flex","Anger"],"picked":"SKIP","floor":7},{"not_picked":["Heavy Blade","Carnage","Intimidate"],"picked":"SKIP","floor":8},{"not_picked":["Thunderclap","Headbutt"],"picked":"Ghostly Armor","floor":12},{"not_picked":["Sentinel","Heavy Blade","Reckless Charge"],"picked":"SKIP","floor":13},{"not_picked":["Clothesline","Headbutt"],"picked":"Entrench","floor":14},{"not_picked":["Reckless Charge+1","Rupture+1","Blood for Blood"],"picked":"SKIP","floor":18},{"not_picked":["Anger","Heavy Blade"],"picked":"Ghostly Armor","floor":20},{"not_picked":["Clash","Corruption","Rage+1"],"picked":"SKIP","floor":22},{"not_picked":["Twin Strike+1","Pommel Strike+1","Whirlwind"],"picked":"SKIP","floor":24},{"not_picked":["Perfected Strike","Clothesline+1","Cleave"],"picked":"SKIP","floor":27},{"not_picked":["Ghostly Armor","Pommel Strike"],"picked":"Impervious","floor":29}],"player_experience":195055,"relics_obtained":[{"floor":8,"key":"Blood Vial"},{"floor":26,"key":"Mummified Hand"}],"event_choices":[{"event_name":"FaceTrader","player_choice":"Trade","floor":2,"damage_taken":0},{"event_name":"World of Goop","player_choice":"Gather Gold","floor":4,"damage_taken":0},{"event_name":"Match and Keep!","player_choice":"0 cards matched","floor":5,"damage_taken":0},{"event_name":"Scrap Ooze","player_choice":"success","floor":10,"damage_taken":3},{"event_name":"Addict","player_choice":"Obtained Relic","floor":19,"damage_taken":0},{"event_name":"Masked Bandits","player_choice":"Paid Bandits 112 gold","floor":28,"damage_taken":0}],"is_beta":false,"boss_relics":[{"not_picked":["Black Star","Black Blood"],"picked":"Ectoplasm"}],"items_purged_floors":[11,21],"is_endless":false,"potions_floor_spawned":[3,12,13,22,24,29],"killed_by":"Gremlin Leader","ascension_level":4}