{"gold_per_floor":[219,169,169,183,183,183,108,108,108,149,49,63,63,82,82,206,206,220,145,170,45,45,45,45],"floor_reached":24,"playtime":695,"items_purged":["Strike_R","Strike_R","Strike_R"],"score":259,"play_id":"52cbfba0-eb95-4a39-ba0c-3420dbefda3a","local_time":"20190516162020","is_ascension_mode":true,"campfire_choices":[{"data":"Bash","floor":6.0,"key":"SMITH"},{"floor":8.0,"key":"RECALL"},{"floor":13.0,"key":"REST"},{"floor":15.0,"key":"REST"},{"data":"Dropkick","floor":23.0,"key":"SMITH"}],"neow_cost":"NONE","seed_source_timestamp":2503395584877024,"circlet_count":0,"master_deck":["Strike_R","Defend_R","Defend_R","Bash+1","Dropkick+1"],"special_seed":0,"relics":["Burning Blood","Golden Idol","Sundial","Ancient Tea Set","Sozu"],"potions_floor_usage":[],"damage_taken":[{"damage":6.0,"enemies":"Cultist","floor":1.0,"turns":3.0},{"damage":7.0,"enemies":"Jaw Worm","floor":4.0,"turns":3.0},{"damage":56.0,"enemies":"Lagavulin","floor":10.0,"turns":6.0},{"damage":0.0,"enemies":"2 Louse","floor":12.0,"turns":4.0},{"damage":0.0,"enemies":"Blue Slaver","floor":14.0,"turns":3.0},{"damage":42.0,"enemies":"Hexaghost","floor":16.0,"turns":8.0},{"damage":19.0,"enemies":"Spheric Guardian","floor":18.0,"turns":5.0},{"damage":5.0,"enemies":"Chosen","floor":20.0,"turns":5.0},{"damage":62,"enemies":"Slavers","floor":24,"turns":5}],"seed_played":"-5365334873503217207","potions_obtained":[{"floor":12.0,"key":"PowerPotion"},{"floor":16.0,"key":"Energy Potion"}],"is_trial":false,"path_per_floor":["M","?","?","M","?","R","$","R","T","E","$","M","R","M","R","B",null,"M","?","M","$","?","R","E"],"character_chosen":"IRONCLAD","items_purchased":[],"campfire_rested":2,"item_purchase_floors":[],"current_hp_per_floor":[72,72,72,71,71,71,71,71,71,21,21,27,49,55,74,38,65,52,52,53,53,53,53,0],"gold":45,"neow_bonus":"HUNDRED_GOLD","is_prod":false,"is_daily":false,"chose_seed":false,"campfire_upgraded":2,"win_rate":0,"timestamp":1558012820,"path_taken":["M","?","?","M","?","R","$","R","T","E","$","M","R","?","R","BOSS","M","?","M","$","?","R","E"],"build_version":"2019-01-23","purchased_purges":3,"victory":false,"max_hp_per_floor":[80,80,74,74,74,74,74,74,74,74,74,74,74,74,74,74,74,74,74,74,74,74,74,74],"card_choices":[{"not_picked":["Sword Boomerang","Corruption","Uppercut"],"picked":"SKIP","floor":1.0},{"not_picked":["Pommel Strike","Headbutt","Cleave"],"picked":"SKIP","floor":4.0},{"not_picked":["Body Slam","Heavy Blade"],"picked":"Dropkick","floor":10.0},{"not_picked":["Armaments","Heavy Blade","Pommel Strike"],"picked":"SKIP","floor":12.0},{"not_picked":["Clash","Thunderclap","Power Through"],"picked":"SKIP","floor":14.0},{"not_picked":["Seeing Red","Rage","Clothesline"],"picked":"SKIP","floor":18.0},{"not_picked":["Anger+1","Rage+1","Pommel Strike"],"picked":"SKIP","floor":20.0}],"player_experience":296684,"relics_obtained":[{"floor":9.0,"key":"Sundial"},{"floor":10.0,"key":"Ancient Tea Set"}],"event_choices":[{"cards_removed":["Strike_R"],"damage_healed":0.0,"max_hp_gain":0.0,"max_hp_loss":0.0,"gold_gain":0.0,"event_name":"The Cleric","player_choice":"Card Removal","floor":2.0,"gold_loss":50.0,"damage_taken":0.0},{"damage_healed":0.0,"max_hp_gain":0.0,"max_hp_loss":6.0,"gold_gain":0.0,"event_name":"Golden Idol","player_choice":"Lose Max HP","floor":3.0,"gold_loss":0.0,"damage_taken":0.0,"relics_obtained":["Golden Idol"]},{"damage_healed":0.0,"max_hp_gain":0.0,"max_hp_loss":0.0,"gold_gain":0.0,"event_name":"Shining Light","player_choice":"Ignored","floor":5.0,"gold_loss":0.0,"damage_taken":0.0},{"cards_removed":["Defend_R"],"damage_healed":0.0,"max_hp_gain":0.0,"max_hp_loss":0.0,"gold_gain":0.0,"event_name":"Beggar","player_choice":"Gave Gold","floor":19.0,"gold_loss":75.0,"damage_taken":0.0},{"cards_removed":["Defend_R"],"damage_healed":0.0,"max_hp_gain":0.0,"max_hp_loss":0.0,"gold_gain":0.0,"event_name":"Purifier","player_choice":"Purged","floor":22.0,"gold_loss":0.0,"damage_taken":0.0}],"is_beta":false,"boss_relics":[{"not_picked":["Mark of Pain","Cursed Key"],"picked":"Sozu"}],"items_purged_floors":[7,11,21],"is_endless":false,"potions_floor_spawned":[12,16,20],"killed_by":"Slavers","ascension_level":7}