{"gold_per_floor":[112,12,12,31,45,71,71,104,187,212,224,267,279,308,320,434,446,475,501,27,37,37,62,62,81,132,132,143,143,174,191,191,290,290,300,300,310,0,0,33,33,47,47,47,65,65,75,75,75,75],"floor_reached":51,"playtime":2402,"items_purged":["Strike_R"],"score":787,"play_id":"06cbd914-0821-4236-bbfa-cd7670944bd2","local_time":"20190608032730","is_ascension_mode":false,"campfire_choices":[{"data":"Demon Form","floor":7,"key":"SMITH"},{"floor":11,"key":"REST"},{"data":"Heavy Blade","floor":13,"key":"SMITH"},{"data":"Double Tap","floor":15,"key":"SMITH"},{"floor":24,"key":"REST"},{"floor":27,"key":"REST"},{"floor":29,"key":"REST"},{"floor":32,"key":"REST"},{"floor":41,"key":"REST"},{"floor":44,"key":"REST"},{"data":"Limit Break","floor":49,"key":"SMITH"}],"neow_cost":"NONE","seed_source_timestamp":2072627947314762,"circlet_count":0,"master_deck":["Strike_R","Strike_R","Strike_R","Defend_R","Defend_R","Defend_R","Defend_R","Bash","Twin Strike","Heavy Blade+1","Double Tap+1","Demon Form+1","Twin Strike","Cleave","True Grit","Limit Break","Pummel+1","Limit Break","Warcry+1","Parasite","True Grit","Limit Break+1","Decay","Jack Of All Trades"],"relics":["Burning Blood","Smiling Mask","Ginger","MawBank","Dodecahedron","Strawberry","Cursed Key","Membership Card","Nunchaku","Shuriken","Mango","Du-Vu Doll","Bag of Preparation","Bottled Flame","Busted Crown","Red Mask","Blood Vial","Darkstone Periapt"],"potions_floor_usage":[16,21,21,30,33,45,50,50,50],"damage_taken":[{"damage":9,"enemies":"2 Louse","floor":1,"turns":4},{"damage":1,"enemies":"Cultist","floor":4,"turns":3},{"damage":5,"enemies":"Small Slimes","floor":5,"turns":3},{"damage":22,"enemies":"Gremlin Nob","floor":6,"turns":4},{"damage":18,"enemies":"Lagavulin","floor":8,"turns":4},{"damage":16,"enemies":"Gremlin Gang","floor":10,"turns":6},{"damage":30,"enemies":"Gremlin Nob","floor":12,"turns":4},{"damage":3,"enemies":"2 Fungi Beasts","floor":14,"turns":3},{"damage":44,"enemies":"The Guardian","floor":16,"turns":6},{"damage":15,"enemies":"Spheric Guardian","floor":18,"turns":4},{"damage":10,"enemies":"Chosen","floor":19,"turns":3},{"damage":24,"enemies":"Shelled Parasite and Fungi","floor":21,"turns":3},{"damage":57,"enemies":"Slavers","floor":23,"turns":5},{"damage":25,"enemies":"Centurion and Healer","floor":25,"turns":6},{"damage":16,"enemies":"Snake Plant","floor":28,"turns":2},{"damage":48,"enemies":"Gremlin Leader","floor":30,"turns":4},{"damage":0,"enemies":"Sentry and Sphere","floor":31,"turns":3},{"damage":25,"enemies":"Champ","floor":33,"turns":4},{"damage":10,"enemies":"3 Shapes","floor":35,"turns":4},{"damage":5,"enemies":"Orb Walker","floor":37,"turns":2},{"damage":69,"enemies":"Nemesis","floor":40,"turns":5},{"damage":16,"enemies":"Spire Growth","floor":42,"turns":3},{"damage":14,"enemies":"Transient","floor":45,"turns":5},{"damage":0,"enemies":"Maw","floor":47,"turns":2},{"damage":57,"enemies":"Donu and Deca","floor":50,"turns":7}],"seed_played":"-6331731576346120277","potions_obtained":[{"floor":6,"key":"Strength Potion"},{"floor":10,"key":"Energy Potion"},{"floor":12,"key":"FearPotion"},{"floor":16,"key":"FearPotion"},{"floor":19,"key":"Fire Potion"},{"floor":23,"key":"LiquidBronze"},{"floor":28,"key":"Strength Potion"},{"floor":30,"key":"PowerPotion"},{"floor":37,"key":"Ancient Potion"},{"floor":42,"key":"Block Potion"},{"floor":45,"key":"BloodPotion"},{"floor":47,"key":"SkillPotion"}],"is_trial":false,"path_per_floor":["M","$","?","M","M","E","R","E","T","M","R","E","R","M","R","B",null,"M","M","$","M","?","E","R","M","T","R","M","R","E","M","R","B",null,"M","?","M","?","$","E","R","M","T","R","M","?","M","?","R","B",null],"character_chosen":"IRONCLAD","items_purchased":["Twin Strike","Membership Card","Nunchaku","Shuriken"],"campfire_rested":7,"item_purchase_floors":[2,20,20,20],"current_hp_per_floor":[77,77,80,80,80,64,64,52,52,42,66,49,49,52,52,14,87,78,74,74,56,70,19,49,30,30,60,50,80,38,44,74,55,101,97,97,98,98,98,35,65,57,57,87,81,81,89,89,89,40],"gold":75,"neow_bonus":"RANDOM_COMMON_RELIC","is_prod":false,"is_daily":false,"chose_seed":false,"campfire_upgraded":4,"win_rate":0,"timestamp":1559935650,"path_taken":["M","$","?","M","M","E","R","E","T","M","R","E","R","M","R","BOSS","M","M","$","?","?","E","R","?","T","R","M","R","E","M","R","BOSS","M","?","?","?","?","E","R","M","T","R","?","?","M","?","R","BOSS"],"build_version":"2019-01-23","purchased_purges":1,"victory":true,"max_hp_per_floor":[80,80,80,80,80,80,80,80,80,80,80,87,87,87,87,87,87,87,87,87,87,101,101,101,101,101,101,101,101,101,101,101,101,101,101,101,101,101,101,101,101,101,101,101,101,101,101,101,101,101],"card_choices":[{"not_picked":["Sever Soul","Flame Barrier"],"picked":"True Grit","floor":1},{"not_picked":["Second Wind","Havoc"],"picked":"Heavy Blade","floor":4},{"not_picked":["Sword Boomerang","Searing Blow"],"picked":"Double Tap","floor":5},{"not_picked":["Headbutt","Heavy Blade"],"picked":"Demon Form","floor":6},{"not_picked":["Clash","Flex"],"picked":"Twin Strike","floor":8},{"not_picked":["Warcry","Immolate"],"picked":"Cleave","floor":10},{"not_picked":["Headbutt","Warcry"],"picked":"True Grit","floor":12},{"not_picked":["Body Slam","Warcry","Perfected Strike"],"picked":"SKIP","floor":14},{"not_picked":["Immolate","Bludgeon"],"picked":"Limit Break","floor":16},{"not_picked":["Wild Strike","Clash+1"],"picked":"Pummel+1","floor":18},{"not_picked":["Havoc","Pummel","Pommel Strike"],"picked":"SKIP","floor":19},{"not_picked":["Clash","Twin Strike+1","Corruption"],"picked":"SKIP","floor":21},{"not_picked":["Headbutt","Sever Soul"],"picked":"Limit Break","floor":23},{"not_picked":["Searing Blow","Shockwave+1"],"picked":"Warcry+1","floor":25},{"not_picked":["Intimidate","Warcry"],"picked":"True Grit","floor":28},{"not_picked":["Body Slam","Clash","Cleave+1"],"picked":"SKIP","floor":30},{"not_picked":["Feel No Pain+1","Clothesline","Pommel Strike+1"],"picked":"SKIP","floor":31},{"not_picked":["Thunderclap"],"picked":"SKIP","floor":35},{"not_picked":["Entrench"],"picked":"SKIP","floor":37},{"not_picked":["Berserk"],"picked":"SKIP","floor":40},{"not_picked":["Body Slam"],"picked":"SKIP","floor":42},{"not_picked":["Ghostly Armor"],"picked":"SKIP","floor":45},{"not_picked":[],"picked":"Jack Of All Trades","floor":46},{"not_picked":["Flex"],"picked":"SKIP","floor":47}],"player_experience":157915,"relics_obtained":[{"floor":6,"key":"Ginger"},{"floor":8,"key":"MawBank"},{"floor":9,"key":"Dodecahedron"},{"floor":12,"key":"Strawberry"},{"floor":23,"key":"Du-Vu Doll"},{"floor":26,"key":"Bag of Preparation"},{"floor":30,"key":"Bottled Flame"},{"floor":40,"key":"Blood Vial"},{"floor":43,"key":"Darkstone Periapt"}],"event_choices":[{"cards_removed":["True Grit"],"damage_healed":5,"gold_gain":0,"player_choice":"Offered Common","damage_taken":0,"max_hp_gain":0,"max_hp_loss":0,"event_name":"Bonfire Elementals","floor":3,"gold_loss":0},{"cards_removed":["True Grit"],"damage_healed":5,"gold_gain":0,"player_choice":"Offered Special","damage_taken":0,"max_hp_gain":0,"max_hp_loss":0,"event_name":"Bonfire Elementals","floor":3,"gold_loss":0},{"damage_healed":0,"gold_gain":0,"player_choice":"Gave Potion","damage_taken":0,"relics_obtained":["Mango"],"max_hp_gain":0,"max_hp_loss":0,"event_name":"WeMeetAgain","floor":22,"gold_loss":0},{"damage_healed":0,"gold_gain":0,"player_choice":"Copied","damage_taken":0,"max_hp_gain":0,"max_hp_loss":0,"event_name":"Duplicator","floor":36,"gold_loss":0,"cards_obtained":["Limit Break"]},{"damage_healed":0,"gold_gain":0,"player_choice":"Paid","damage_taken":0,"relics_obtained":["Red Mask"],"max_hp_gain":0,"max_hp_loss":0,"event_name":"Tomb of Lord Red Mask","floor":38,"gold_loss":310},{"damage_healed":0,"gold_gain":0,"player_choice":"Memory 1","damage_taken":0,"max_hp_gain":0,"max_hp_loss":0,"event_name":"SensoryStone","floor":46,"gold_loss":0},{"cards_removed":["Strike_R"],"damage_healed":0,"gold_gain":0,"player_choice":"Removed Attack","damage_taken":0,"max_hp_gain":0,"max_hp_loss":0,"event_name":"Falling","floor":48,"gold_loss":0}],"is_beta":false,"boss_relics":[{"not_picked":["Black Blood","White Beast Statue"],"picked":"Cursed Key"},{"not_picked":["Runic Pyramid","Runic Cube"],"picked":"Busted Crown"}],"items_purged_floors":[2],"is_endless":false,"potions_floor_spawned":[6,10,12,16,19,23,28,30,37,42,45,47],"ascension_level":0}