{"gold_per_floor":[118,129,129,75,124,124,149,165,165,165],"floor_reached":10,"playtime":564,"items_purged":["Defend_R","Strike_R","Strike_R","Defend_R"],"score":66,"play_id":"cec90068-fbeb-4586-9746-df085dd5c658","local_time":"20190106144840","is_ascension_mode":false,"campfire_choices":[{"data":"Corruption","floor":6,"key":"SMITH"}],"neow_cost":"","seed_source_timestamp":103369909914950,"circlet_count":0,"master_deck":["Strike_R","Strike_R","Strike_R","Defend_R","Defend_R","Bash","Dropkick","Inflame","Dropkick","Flex","Flex","Corruption+1","Flex","Limit Break","Dual Wield"],"relics":["Burning Blood","halation:LostSnail","Lantern","Replay:WaspNest","Mirror"],"potions_floor_usage":[],"damage_taken":[{"damage":12,"enemies":"2 Louse","floor":1,"turns":3},{"damage":0,"enemies":"Cultist","floor":2,"turns":2},{"damage":14,"enemies":"Gremlin Nob","floor":7,"turns":4},{"damage":11,"enemies":"Jaw Worm","floor":8,"turns":2},{"damage":26,"enemies":"3 Sentries","floor":10,"turns":4}],"seed_played":"3268361637387253765","potions_obtained":[],"is_trial":false,"path_per_floor":["M","M","?","$","T","R","E","M","T","E"],"character_chosen":"IRONCLAD","items_purchased":["Dropkick","Inflame","Dropkick","Flex","halation:LostSnail","Flex"],"campfire_rested":0,"item_purchase_floors":[0,0,0,0,0,4],"current_hp_per_floor":[33,39,39,39,39,39,31,26,26,0],"gold":165,"neow_bonus":"","is_prod":false,"is_daily":false,"chose_seed":false,"campfire_upgraded":1,"win_rate":0,"timestamp":1546778920,"path_taken":["M","M","?","$","?","R","E","M","T","E"],"build_version":"2019-01-03v4","purchased_purges":4,"victory":false,"max_hp_per_floor":[80,80,80,80,80,80,80,80,80,80],"card_choices":[{"not_picked":["Run Through","Flex"],"picked":"Corruption","floor":1},{"not_picked":["Corruption","Headbutt","Sword Boomerang"],"picked":"SKIP","floor":2},{"not_picked":["Pommel Strike","Replay:Undeath\u0027s Touch"],"picked":"Limit Break","floor":7},{"not_picked":["Dual Wield","Defy Death","Headbutt"],"picked":"SKIP","floor":8},{"not_picked":["Defy Death","Headbutt"],"picked":"Dual Wield","floor":8}],"player_experience":260029,"relics_obtained":[{"floor":5,"key":"Lantern"},{"floor":7,"key":"Replay:WaspNest"},{"floor":9,"key":"Mirror"}],"event_choices":[{"damage_healed":0,"gold_gain":0,"player_choice":"0 cards matched","damage_taken":0,"max_hp_gain":0,"max_hp_loss":0,"event_name":"Match and Keep!","floor":3,"gold_loss":0,"cards_obtained":[]}],"is_beta":false,"boss_relics":[],"items_purged_floors":[0,0,0,0],"is_endless":false,"potions_floor_spawned":[],"killed_by":"3 Sentries","ascension_level":0}