{"gold_per_floor":[114,114,39,58,77,105,121,121,167,167,167,167,201,221,221,318,318,334,334,353,453,469,469,498,517,542,388,64,76,90,90,90,185,185,196,214,230,330,341,341,359,359,359,376,72,372,372],"floor_reached":47,"playtime":1738,"items_purged":["Bash","Defend_R","Defend_R","Strike_R"],"score":678,"play_id":"11f6998b-8893-46d3-93b9-065590f9c232","local_time":"20190515133445","is_ascension_mode":true,"campfire_choices":[{"data":"Perfected Strike","floor":10.0,"key":"SMITH"},{"data":"Pommel Strike","floor":12.0,"key":"SMITH"},{"floor":15.0,"key":"REST"},{"floor":23.0,"key":"REST"},{"floor":32.0,"key":"REST"},{"floor":40.0,"key":"REST"}],"neow_cost":"NONE","seed_source_timestamp":2410198129455725,"circlet_count":0,"master_deck":["Strike_R","Strike_R+1","Strike_R+1","Defend_R","Perfected Strike+1","Pommel Strike+1","Perfected Strike+1","Pommel Strike+1","Clash+1","Clash+1","Twin Strike","Twin Strike","Clash+1"],"special_seed":0,"relics":["Burning Blood","Sundial","Happy Flower","Whetstone","Empty Cage","Unceasing Top","Brimstone","Orrery","Champion Belt","Mercury Hourglass","Pen Nib"],"potions_floor_usage":[],"damage_taken":[{"damage":15.0,"enemies":"Small Slimes","floor":1.0,"turns":3.0},{"damage":0.0,"enemies":"Cultist","floor":4.0,"turns":2.0},{"damage":4.0,"enemies":"2 Louse","floor":5.0,"turns":2.0},{"damage":34.0,"enemies":"Lagavulin","floor":6.0,"turns":5.0},{"damage":5.0,"enemies":"Exordium Wildlife","floor":7.0,"turns":3.0},{"damage":25.0,"enemies":"3 Sentries","floor":13.0,"turns":7.0},{"damage":9.0,"enemies":"Red Slaver","floor":14.0,"turns":2.0},{"damage":63.0,"enemies":"Hexaghost","floor":16.0,"turns":7.0},{"damage":9.0,"enemies":"3 Byrds","floor":18.0,"turns":5.0},{"damage":11.0,"enemies":"Spheric Guardian","floor":20.0,"turns":3.0},{"damage":54.0,"enemies":"Shelled Parasite and Fungi","floor":22.0,"turns":4.0},{"damage":0.0,"enemies":"Gremlin Leader","floor":24.0,"turns":5.0},{"damage":7.0,"enemies":"Cultist and Chosen","floor":25.0,"turns":4.0},{"damage":0.0,"enemies":"Centurion and Healer","floor":29.0,"turns":3.0},{"damage":19.0,"enemies":"Shelled Parasite and Fungi","floor":30.0,"turns":2.0},{"damage":21.0,"enemies":"Champ","floor":33.0,"turns":5.0},{"damage":17.0,"enemies":"Orb Walker","floor":35.0,"turns":2.0},{"damage":18.0,"enemies":"3 Shapes","floor":36.0,"turns":2.0},{"damage":32.0,"enemies":"Sphere and 2 Shapes","floor":37.0,"turns":3.0},{"damage":0.0,"enemies":"Mind Bloom Boss Battle","floor":38.0,"turns":3.0},{"damage":11.0,"enemies":"3 Darklings","floor":39.0,"turns":3.0},{"damage":10.0,"enemies":"Transient","floor":41.0,"turns":5.0},{"damage":34,"enemies":"Spire Growth","floor":44,"turns":3},{"damage":15,"enemies":"Nemesis","floor":47,"turns":2}],"seed_played":"-2647857823574623830","potions_obtained":[{"floor":4.0,"key":"Swift Potion"},{"floor":7.0,"key":"PowerPotion"},{"floor":13.0,"key":"SneckoOil"},{"floor":16.0,"key":"AttackPotion"},{"floor":22.0,"key":"Strength Potion"},{"floor":25.0,"key":"Weak Potion"},{"floor":29.0,"key":"Energy Potion"},{"floor":30.0,"key":"PowerPotion"},{"floor":35.0,"key":"Energy Potion"},{"floor":37.0,"key":"Explosive Potion"},{"floor":38.0,"key":"Fire Potion"}],"is_trial":false,"path_per_floor":["M","?","$","M","M","E","M","?","T","R","?","R","E","M","R","B",null,"M","?","M","?","M","R","E","M","T","$","$","M","M","?","R","B",null,"M","M","M","?","M","R","M","?","T","M","$","?","E"],"character_chosen":"IRONCLAD","items_purchased":["Clash","Brimstone","Pen Nib"],"campfire_rested":4,"item_purchase_floors":[27,28,45],"current_hp_per_floor":[63,63,63,69,71,43,44,44,44,44,70,70,51,48,72,15,64,61,61,56,56,8,32,38,37,37,37,37,43,30,30,54,39,70,59,47,21,27,22,46,42,42,42,14,14,14,0],"gold":372,"neow_bonus":"TRANSFORM_CARD","is_prod":false,"is_daily":false,"chose_seed":false,"campfire_upgraded":2,"win_rate":0,"timestamp":1557916485,"path_taken":["M","?","$","M","M","E","?","?","T","R","?","R","E","M","R","BOSS","M","?","?","?","?","R","E","M","T","?","$","M","M","?","R","BOSS","M","?","M","?","M","R","M","?","T","M","$","?","E"],"build_version":"2019-01-23","purchased_purges":4,"victory":false,"max_hp_per_floor":[80,80,80,80,80,80,80,80,80,80,80,80,80,80,80,80,80,80,80,80,80,80,80,80,80,80,80,80,80,80,80,80,80,80,80,80,80,80,80,80,80,80,80,80,80,80,80],"card_choices":[{"not_picked":["True Grit","Anger"],"picked":"Perfected Strike","floor":1.0},{"not_picked":["Cleave","Infernal Blade"],"picked":"Pommel Strike","floor":4.0},{"not_picked":["Clothesline","Heavy Blade","Cleave"],"picked":"SKIP","floor":5.0},{"not_picked":["Sword Boomerang","Flame Barrier"],"picked":"Perfected Strike","floor":6.0},{"not_picked":["Bloodletting","Armaments","Power Through"],"picked":"SKIP","floor":7.0},{"not_picked":["Second Wind","Flame Barrier","Immolate"],"picked":"SKIP","floor":13.0},{"not_picked":["Flame Barrier","Flex","Intimidate"],"picked":"SKIP","floor":14.0},{"not_picked":["Headbutt","Cleave","Ghostly Armor"],"picked":"SKIP","floor":18.0},{"not_picked":["Cleave+1","Carnage","Wild Strike"],"picked":"SKIP","floor":20.0},{"not_picked":["Disarm+1","Corruption"],"picked":"Clash+1","floor":22.0},{"not_picked":["Disarm+1","Spot Weakness","Bloodletting"],"picked":"SKIP","floor":24.0},{"not_picked":["Warcry","Infernal Blade","Thunderclap+1"],"picked":"SKIP","floor":25.0},{"not_picked":["Inflame","Bloodletting","Havoc"],"picked":"SKIP","floor":29.0},{"not_picked":["Inflame","Bloodletting","Havoc"],"picked":"SKIP","floor":29.0},{"not_picked":["Havoc","Iron Wave+1","Uppercut+1"],"picked":"SKIP","floor":30.0},{"not_picked":["Fire Breathing","Armaments"],"picked":"Twin Strike","floor":34.0},{"not_picked":["Cleave+1","Sword Boomerang+1","Headbutt"],"picked":"SKIP","floor":35.0},{"not_picked":["Searing Blow","Perfected Strike+1","Dark Embrace"],"picked":"SKIP","floor":36.0},{"not_picked":["Cleave","Perfected Strike"],"picked":"Twin Strike","floor":37.0},{"not_picked":["Seeing Red","Warcry+1","Flex+1"],"picked":"SKIP","floor":39.0},{"not_picked":["Rage","Wild Strike"],"picked":"Clash+1","floor":41.0},{"not_picked":["Flame Barrier","True Grit+1","Heavy Blade"],"picked":"SKIP","floor":44}],"player_experience":290867,"relics_obtained":[{"floor":6.0,"key":"Sundial"},{"floor":9.0,"key":"Happy Flower"},{"floor":13.0,"key":"Whetstone"},{"floor":24.0,"key":"Unceasing Top"},{"floor":38.0,"key":"Champion Belt"},{"floor":43.0,"key":"Mercury Hourglass"}],"event_choices":[{"damage_healed":0.0,"max_hp_gain":0.0,"max_hp_loss":0.0,"gold_gain":0.0,"event_name":"Upgrade Shrine","player_choice":"Upgraded","floor":2.0,"gold_loss":0.0,"damage_taken":0.0,"cards_upgraded":["Perfected Strike"]},{"damage_healed":0.0,"max_hp_gain":0.0,"max_hp_loss":0.0,"gold_gain":0.0,"event_name":"Liars Game","player_choice":"Ignored","floor":8.0,"gold_loss":0.0,"damage_taken":0.0},{"damage_healed":26.0,"max_hp_gain":0.0,"max_hp_loss":0.0,"gold_gain":0.0,"event_name":"Big Fish","player_choice":"Banana","floor":11.0,"gold_loss":0.0,"damage_taken":0.0},{"damage_healed":0.0,"max_hp_gain":0.0,"max_hp_loss":0.0,"gold_gain":0.0,"event_name":"Duplicator","player_choice":"Copied","floor":19.0,"gold_loss":0.0,"damage_taken":0.0,"cards_obtained":["Pommel Strike"]},{"damage_healed":0.0,"max_hp_gain":0.0,"max_hp_loss":0.0,"gold_gain":100.0,"event_name":"Golden Shrine","player_choice":"Pray","floor":21.0,"gold_loss":0.0,"damage_taken":0.0},{"damage_healed":0.0,"max_hp_gain":0.0,"max_hp_loss":0.0,"gold_gain":0.0,"event_name":"Upgrade Shrine","player_choice":"Upgraded","floor":31.0,"gold_loss":0.0,"damage_taken":0.0,"cards_upgraded":["Clash"]},{"damage_healed":0.0,"max_hp_gain":0.0,"max_hp_loss":0.0,"gold_gain":0.0,"event_name":"MindBloom","player_choice":"Fight","floor":38.0,"gold_loss":0.0,"damage_taken":0.0},{"damage_healed":0.0,"max_hp_gain":0.0,"max_hp_loss":0.0,"gold_gain":0.0,"event_name":"SensoryStone","player_choice":"Memory 1","floor":42.0,"gold_loss":0.0,"damage_taken":0.0},{"damage_healed":0,"gold_gain":300,"player_choice":"Gold","damage_taken":0,"max_hp_gain":0,"max_hp_loss":0,"event_name":"Wheel of Change","floor":46,"gold_loss":0}],"is_beta":false,"boss_relics":[{"not_picked":["Snecko Eye","Black Star"],"picked":"Empty Cage"},{"not_picked":["White Beast Statue","Tiny House"],"picked":"Orrery"}],"items_purged_floors":[3,27,28,45],"is_endless":false,"potions_floor_spawned":[4,7,13,16,22,25,29,30,35,37,38],"killed_by":"Nemesis","ascension_level":7}