{"gold_per_floor":[367,292,292,43,59,59,89,89,89,106,106,164,193,213,213,308,358,370,370,383,401,71,71,100,100,100,100,100,111,123,134,134,235,235,245,245,245,95,95,95,122,122,122,122,137,137,156,169,169,169],"floor_reached":51,"playtime":1626,"items_purged":["Strike_R","Defend_R","Defend_R","Feed"],"score":956,"play_id":"195c0b87-c29c-4d2e-8698-f2fa2dcfd7bf","local_time":"20180816101032","is_ascension_mode":true,"campfire_choices":[{"data":"Bash","floor":6.0,"key":"SMITH"},{"data":"Pummel","floor":8,"key":"SMITH"},{"data":"Flex","floor":11,"key":"SMITH"},{"data":"Spot Weakness","floor":15,"key":"SMITH"},{"data":"Limit Break","floor":23,"key":"SMITH"},{"floor":25,"key":"REST"},{"data":"Limit Break","floor":28,"key":"SMITH"},{"data":"Whirlwind","floor":32,"key":"SMITH"},{"data":"Thunderclap","floor":40,"key":"SMITH"},{"data":"Clash","floor":42,"key":"SMITH"},{"data":"Strike_R","floor":44,"key":"SMITH"},{"data":"Strike_R","floor":49,"key":"PURGE"}],"neow_cost":"TEN_PERCENT_HP_LOSS","seed_source_timestamp":256632021887948,"circlet_count":0,"master_deck":["Strike_R","Strike_R","Strike_R+1","Defend_R+1","Bash+1","Pummel+1","Flex+1","Spot Weakness+1","Thunderclap+1","Limit Break+1","Whirlwind+1","Clash+1","Limit Break+1","Flex+1","Pummel+1"],"special_seed":0,"relics":["Burning Blood","Orichalcum","Singing Bowl","Turnip","Centennial Puzzle","Torii","Tiny House","Lantern","DollysMirror","Bronze Scales","Toxic Egg 2","Coffee Dripper","Dream Catcher","Frozen Egg 2","Peace Pipe"],"potions_floor_usage":[7,12,13,16,18,24,41,41,50,50,50],"damage_taken":[{"damage":9.0,"enemies":"Jaw Worm","floor":1.0,"turns":3.0},{"damage":2.0,"enemies":"Small Slimes","floor":5.0,"turns":3.0},{"damage":24,"enemies":"3 Sentries","floor":7,"turns":8},{"damage":2,"enemies":"2 Louse","floor":10,"turns":2},{"damage":25,"enemies":"3 Sentries","floor":12,"turns":8},{"damage":6,"enemies":"Gremlin Nob","floor":13,"turns":3},{"damage":1,"enemies":"2 Fungi Beasts","floor":14,"turns":2},{"damage":19,"enemies":"Slime Boss","floor":16,"turns":10},{"damage":8,"enemies":"Shell Parasite","floor":18,"turns":2},{"damage":13,"enemies":"Spheric Guardian","floor":20,"turns":4},{"damage":8,"enemies":"Centurion and Healer","floor":21,"turns":2},{"damage":21,"enemies":"Gremlin Leader","floor":24,"turns":3},{"damage":13,"enemies":"Sentry and Sphere","floor":29,"turns":4},{"damage":17,"enemies":"Snake Plant","floor":30,"turns":3},{"damage":8,"enemies":"Centurion and Healer","floor":31,"turns":2},{"damage":15,"enemies":"Champ","floor":33,"turns":3},{"damage":22,"enemies":"Flame Bruiser 1 Orb","floor":35,"turns":4},{"damage":15,"enemies":"Nemesis","floor":41,"turns":3},{"damage":8,"enemies":"Orb Walker","floor":45,"turns":2},{"damage":21,"enemies":"Transient","floor":47,"turns":5},{"damage":0,"enemies":"4 Shapes","floor":48,"turns":1},{"damage":34,"enemies":"Time Eater","floor":50,"turns":3}],"seed_played":"-6729256274739445814","potions_obtained":[{"floor":1.0,"key":"Poison Potion"},{"floor":5.0,"key":"Fire Potion"},{"floor":12,"key":"Block Potion"},{"floor":13,"key":"Fire Potion"},{"floor":16,"key":"LiquidBronze"},{"floor":17,"key":"AttackPotion"},{"floor":24,"key":"AttackPotion"},{"floor":29,"key":"GamblersBrew"},{"floor":33,"key":"LiquidBronze"},{"floor":47,"key":"LiquidBronze"},{"floor":48,"key":"LiquidBronze"}],"is_trial":false,"path_per_floor":["M","$","?","$","M","R","E","R","T","M","R","?","E","M","R","B",null,"M","?","M","M","$","R","E","R","T","?","R","M","M","M","R","B",null,"M","?","?","$","?","R","E","R","T","R","M","T","M","M","R","B"],"character_chosen":"IRONCLAD","items_purchased":["Orichalcum","DollysMirror"],"campfire_rested":1,"item_purchase_floors":[4,22],"current_hp_per_floor":[69,69,74,74,77,77,61,61,61,65,65,46,48,53,53,40,76,74,74,69,69,69,69,56,83,83,83,83,78,69,69,69,60,89,73,73,73,73,73,73,66,66,66,66,66,66,53,59,59,31],"gold":169,"neow_bonus":"TWO_FIFTY_GOLD","is_prod":false,"is_daily":false,"chose_seed":false,"campfire_upgraded":10,"win_rate":0,"timestamp":1534403432,"path_taken":["M","$","?","$","M","R","E","R","T","M","R","?","E","M","R","BOSS","M","?","M","M","$","R","E","R","T","?","R","M","M","?","R","BOSS","M","?","?","$","?","R","E","R","T","R","?","?","M","M","R","BOSS"],"build_version":"2018-08-09","purchased_purges":4,"victory":true,"max_hp_per_floor":[72,72,77,77,77,77,79,79,79,79,79,79,81,81,81,81,86,86,86,88,90,90,90,92,92,92,92,92,94,96,98,98,98,98,98,98,98,98,98,98,100,100,100,100,102,102,104,104,104,104],"card_choices":[{"not_picked":["Entrench","Cleave"],"picked":"Pummel","floor":1.0},{"not_picked":["Ghostly Armor","Havoc","Fire Breathing"],"picked":"SKIP","floor":5.0},{"not_picked":["Shrug It Off","Armaments","Bloodletting"],"picked":"Singing Bowl","floor":7},{"not_picked":["True Grit","Iron Wave"],"picked":"Flex","floor":10},{"not_picked":["Headbutt","Warcry"],"picked":"Spot Weakness","floor":12},{"not_picked":["Pommel Strike","Shrug It Off","Dropkick"],"picked":"Singing Bowl","floor":13},{"not_picked":["Wild Strike","Shrug It Off"],"picked":"Thunderclap","floor":14},{"not_picked":["Offering","Juggernaut"],"picked":"Limit Break","floor":16},{"not_picked":["Thunderclap","Sentinel"],"picked":"Whirlwind","floor":17},{"not_picked":["Uppercut+1","True Grit"],"picked":"Clash","floor":18},{"not_picked":["Rage+1","Thunderclap","Body Slam"],"picked":"Singing Bowl","floor":20},{"not_picked":["Perfected Strike+1","Rampage","Headbutt"],"picked":"Singing Bowl","floor":21},{"not_picked":["Metallicize","Fire Breathing+1","Seeing Red"],"picked":"Singing Bowl","floor":24},{"not_picked":["Anger+1","Perfected Strike","Clash"],"picked":"Singing Bowl","floor":29},{"not_picked":["Intimidate+1","Headbutt+1","Blood for Blood"],"picked":"Singing Bowl","floor":30},{"not_picked":["Dual Wield+1","Shrug It Off+1","Pummel"],"picked":"Singing Bowl","floor":31},{"not_picked":["Bludgeon","Exhume+1"],"picked":"Feed","floor":33},{"not_picked":["Disarm+1","Blood for Blood+1"],"picked":"Flex+1","floor":35},{"not_picked":["Clothesline","Headbutt+1","Entrench+1"],"picked":"Singing Bowl","floor":41},{"not_picked":["Wild Strike+1","Entrench+1","Armaments+1"],"picked":"Singing Bowl","floor":45},{"not_picked":["Thunderclap+1","Offering+1","Infernal Blade+1"],"picked":"Singing Bowl","floor":47},{"not_picked":["Pommel Strike","Warcry+1"],"picked":"Pummel+1","floor":48}],"player_experience":206816,"relics_obtained":[{"floor":7,"key":"Singing Bowl"},{"floor":9,"key":"Turnip"},{"floor":13,"key":"Torii"},{"floor":24,"key":"Bronze Scales"},{"floor":26,"key":"Toxic Egg 2"},{"floor":41,"key":"Dream Catcher"},{"floor":43,"key":"Frozen Egg 2"},{"floor":46,"key":"Peace Pipe"}],"event_choices":[{"event_name":"Big Fish","player_choice":"Donut","floor":3.0,"damage_taken":0.0},{"event_name":"Dead Adventurer","player_choice":"Searched \u00272\u0027 times","floor":12,"damage_taken":0},{"event_name":"The Mausoleum","player_choice":"Yes","floor":19,"damage_taken":0},{"event_name":"Back to Basics","player_choice":"Elegance","floor":27,"damage_taken":0},{"event_name":"Tomb of Lord Red Mask","player_choice":"Ignored","floor":36,"damage_taken":0},{"event_name":"Accursed Blacksmith","player_choice":"Ignore","floor":37,"damage_taken":0},{"event_name":"Mysterious Sphere","player_choice":"Ignore","floor":39,"damage_taken":0}],"is_beta":false,"boss_relics":[{"not_picked":["Runic Pyramid","Calling Bell"],"picked":"Tiny House"},{"not_picked":["Runic Cube","Lizard Tail"],"picked":"Coffee Dripper"}],"items_purged_floors":[2,4,22,38],"is_endless":false,"potions_floor_spawned":[1,5,12,13,16,24,29,33,47,48],"ascension_level":6}