{"gold_per_floor":[116,130,144,162,176,176,194,194,194,274,274,288,308,342,342,445,445,460,470,481,396,17,29,48,48,73,73,73,91,91,91,91,190,190,207,48,61,1060,1060,1060],"floor_reached":40,"playtime":2651,"items_purged":["Regret"],"score":467,"play_id":"11c7252a-1c5b-4376-8b29-5220031213ca","local_time":"20190525134945","is_ascension_mode":false,"campfire_choices":[{"floor":6,"key":"REST"},{"data":"Zap","floor":8,"key":"SMITH"},{"floor":15,"key":"REST"},{"floor":27,"key":"REST"},{"floor":30,"key":"REST"},{"data":"Echo Form","floor":32,"key":"SMITH"}],"neow_cost":"NONE","seed_source_timestamp":161492726991736,"circlet_count":0,"master_deck":["Defend_B","Defend_B+1","Defend_B","Defend_B","Zap+1","Dualcast","Echo Form+1","Conserve Battery","Aggregate+1","Streamline","Coolheaded","Gash","Ball Lightning","Blizzard","Gash","Go for the Eyes","White Noise","Thunder Strike","BootSequence","Cold Snap+1","Capacitor","Beam Cell","Static Discharge","Cold Snap","Cold Snap+1","Bite","Bite","Bite","Bite","Bite","Hyperbeam","Decay","Regret","Reinforced Body+1","Enlightenment","Conserve Battery","Normality","Normality"],"relics":["Cracked Core","Matryoshka","Pen Nib","Lizard Tail","Dodecahedron","Lee\u0027s Waffle","Anchor","MutagenicStrength","Lantern","Regal Pillow","Calling Bell","War Paint","Mercury Hourglass","StoneCalendar"],"potions_floor_usage":[12,12,14,14,16,20],"damage_taken":[{"damage":13,"enemies":"Jaw Worm","floor":1,"turns":4},{"damage":1,"enemies":"Cultist","floor":2,"turns":5},{"damage":5,"enemies":"2 Louse","floor":3,"turns":5},{"damage":12,"enemies":"Looter","floor":4,"turns":4},{"damage":0,"enemies":"3 Louse","floor":5,"turns":4},{"damage":7,"enemies":"Blue Slaver","floor":7,"turns":3},{"damage":13,"enemies":"Exordium Wildlife","floor":12,"turns":3},{"damage":3,"enemies":"Large Slime","floor":13,"turns":5},{"damage":2,"enemies":"Lagavulin","floor":14,"turns":5},{"damage":36,"enemies":"The Guardian","floor":16,"turns":11},{"damage":26,"enemies":"3 Byrds","floor":18,"turns":5},{"damage":7,"enemies":"Shell Parasite","floor":19,"turns":6},{"damage":36,"enemies":"Sentry and Sphere","floor":20,"turns":6},{"damage":27,"enemies":"Snake Plant","floor":23,"turns":5},{"damage":43,"enemies":"Cultist and Chosen","floor":24,"turns":5},{"damage":9,"enemies":"Chosen and Byrds","floor":29,"turns":5},{"damage":95,"enemies":"Collector","floor":33,"turns":13},{"damage":22,"enemies":"Orb Walker","floor":35,"turns":4},{"damage":41,"enemies":"3 Darklings","floor":37,"turns":6},{"damage":17,"enemies":"Sphere and 2 Shapes","floor":40,"turns":3}],"seed_played":"600919436663361097","potions_obtained":[{"floor":1,"key":"PowerPotion"},{"floor":2,"key":"FocusPotion"},{"floor":5,"key":"FocusPotion"},{"floor":12,"key":"LiquidBronze"},{"floor":14,"key":"SkillPotion"},{"floor":19,"key":"Poison Potion"}],"is_trial":false,"path_per_floor":["M","M","M","M","M","R","M","R","T","?","?","M","M","E","R","B",null,"M","M","M","?","$","M","M","?","T","R","?","M","R","?","R","B",null,"M","$","M","?","?","M"],"character_chosen":"DEFECT","items_purchased":["Lee\u0027s Waffle","Anchor","Beam Cell","Enlightenment"],"campfire_rested":4,"item_purchase_floors":[22,22,22,36],"current_hp_per_floor":[62,61,56,44,44,66,59,59,59,59,59,46,43,41,63,27,75,49,42,6,6,82,55,12,12,12,51,35,26,67,60,60,20,60,40,40,9,9,9,0],"gold":1060,"neow_bonus":"ONE_RANDOM_RARE_CARD","is_prod":false,"is_daily":false,"chose_seed":false,"campfire_upgraded":2,"win_rate":0.0,"timestamp":1558813785,"path_taken":["M","M","M","M","M","R","M","R","T","?","?","M","?","E","R","BOSS","M","M","M","?","$","M","M","?","T","R","?","M","R","?","R","BOSS","M","$","M","?","?","M"],"build_version":"2019-01-23","purchased_purges":1,"victory":false,"max_hp_per_floor":[75,75,75,75,75,75,75,75,75,75,75,75,75,75,75,75,75,75,75,75,75,82,82,82,82,82,82,87,87,87,60,60,60,60,60,60,60,60,60,60],"card_choices":[{"not_picked":["Scrape","Barrage"],"picked":"Conserve Battery","floor":1},{"not_picked":["Defragment","Heatsinks"],"picked":"Aggregate","floor":2},{"not_picked":["Stack","Steam"],"picked":"Streamline","floor":3},{"not_picked":["Darkness","Leap"],"picked":"Coolheaded","floor":4},{"not_picked":["Rebound","Steam"],"picked":"Gash","floor":5},{"not_picked":["Stack","Compile Driver"],"picked":"Ball Lightning","floor":7},{"not_picked":["Barrage","Scrape"],"picked":"Gash","floor":12},{"not_picked":["Conserve Battery","Amplify"],"picked":"Go for the Eyes","floor":13},{"not_picked":["Core Surge","Conserve Battery"],"picked":"White Noise","floor":14},{"not_picked":["Biased Cognition","Meteor Strike"],"picked":"Thunder Strike","floor":16},{"not_picked":["Heatsinks","Go for the Eyes"],"picked":"BootSequence","floor":18},{"not_picked":["Coolheaded","Auto Shields"],"picked":"Cold Snap+1","floor":19},{"not_picked":["Go for the Eyes","Sunder"],"picked":"Capacitor","floor":20},{"not_picked":["Rebound","Hologram"],"picked":"Static Discharge","floor":23},{"not_picked":["Beam Cell","Turbo"],"picked":"Cold Snap","floor":24},{"not_picked":["Coolheaded","BootSequence+1"],"picked":"Cold Snap+1","floor":29},{"not_picked":["Creative AI","Echo Form"],"picked":"Hyperbeam","floor":33},{"not_picked":["Compile Driver","Streamline+1"],"picked":"Reinforced Body+1","floor":35},{"not_picked":["FTL","Barrage"],"picked":"Conserve Battery","floor":37}],"player_experience":66866,"relics_obtained":[{"floor":9,"key":"Matryoshka"},{"floor":14,"key":"Pen Nib"},{"floor":26,"key":"Lantern"},{"floor":26,"key":"Regal Pillow"},{"floor":34,"key":"War Paint"},{"floor":34,"key":"Mercury Hourglass"},{"floor":34,"key":"StoneCalendar"}],"event_choices":[{"damage_healed":0,"gold_gain":80,"player_choice":"Gained Gold","damage_taken":0,"max_hp_gain":0,"max_hp_loss":0,"event_name":"Golden Wing","floor":10,"gold_loss":0},{"damage_healed":0,"gold_gain":0,"cards_transformed":["Strike_B"],"player_choice":"Transformed","damage_taken":0,"max_hp_gain":0,"max_hp_loss":0,"event_name":"Transmorgrifier","floor":11,"gold_loss":0,"cards_obtained":["Blizzard"]},{"damage_healed":0,"gold_gain":0,"player_choice":"Obtained Relic","damage_taken":0,"relics_obtained":["Dodecahedron"],"max_hp_gain":0,"max_hp_loss":0,"event_name":"Addict","floor":21,"gold_loss":85},{"damage_healed":0,"gold_gain":0,"player_choice":"Inject Mutagens","damage_taken":0,"relics_obtained":["MutagenicStrength"],"max_hp_gain":0,"max_hp_loss":0,"event_name":"Drug Dealer","floor":25,"gold_loss":0},{"damage_healed":0,"gold_gain":0,"player_choice":"Shed Blood","damage_taken":21,"max_hp_gain":5,"max_hp_loss":0,"event_name":"Forgotten Altar","floor":28,"gold_loss":0},{"damage_healed":0,"gold_gain":0,"player_choice":"Became a vampire","damage_taken":0,"max_hp_gain":0,"max_hp_loss":27,"event_name":"Vampires","floor":31,"gold_loss":0,"cards_obtained":["Bite","Bite","Bite","Bite","Bite"]},{"damage_healed":0,"gold_gain":999,"player_choice":"Gold","damage_taken":0,"max_hp_gain":0,"max_hp_loss":0,"event_name":"MindBloom","floor":38,"gold_loss":0,"cards_obtained":["Normality","Normality"]},{"damage_healed":0,"gold_gain":0,"player_choice":"Ignored","damage_taken":0,"max_hp_gain":0,"max_hp_loss":0,"event_name":"Mysterious Sphere","floor":39,"gold_loss":0}],"is_beta":false,"boss_relics":[{"not_picked":["Inserter","White Beast Statue"],"picked":"Lizard Tail"},{"not_picked":["Eternal Feather","Philosopher\u0027s Stone"],"picked":"Calling Bell"}],"items_purged_floors":[36],"is_endless":false,"potions_floor_spawned":[1,2,5,12,14,19],"killed_by":"Sphere and 2 Shapes","ascension_level":0}