{"gold_per_floor":[117,131,2,17,17,51,51,70,70,70,70,105,105,124,124,244,244,264,164,263,279,42,42,62,85,85,85,106,146,162,175,175,295,295,311,386,411,427,447,483,483,483,483,245,245,0,25,44,44,44],"floor_reached":50,"playtime":1284,"items_purged":["Defend_R","Defend_R"],"score":506,"play_id":"0a821753-edf4-4725-adcc-3131591f8a00","local_time":"20190515141645","is_ascension_mode":false,"campfire_choices":[{"data":"Perfected Strike","floor":7.0,"key":"SMITH"},{"floor":15.0,"key":"REST"},{"data":"Bash","floor":23.0,"key":"SMITH"},{"data":"Strike_R","floor":32.0,"key":"PURGE"},{"floor":42.0,"key":"REST"},{"data":"Pommel Strike","floor":45.0,"key":"SMITH"},{"data":"Parasite","floor":49.0,"key":"PURGE"}],"neow_cost":"NONE","seed_source_timestamp":2413562757091371,"circlet_count":0,"master_deck":["Strike_R","Strike_R","Strike_R","Defend_R","Defend_R","Bash+1","Perfected Strike+1","Pommel Strike+1","Clash+1","Perfected Strike+1","Pommel Strike+1","Clash+1","Twin Strike+1","Perfected Strike+1"],"special_seed":0,"relics":["Burning Blood","NeowsBlessing","Darkstone Periapt","Molten Egg 2","Sundial","Golden Idol","Sozu","DollysMirror","Peace Pipe","Happy Flower","Cursed Key","Gambling Chip","Ornamental Fan","Red Mask"],"potions_floor_usage":[],"damage_taken":[{"damage":0.0,"enemies":"Jaw Worm","floor":1.0,"turns":1.0},{"damage":0.0,"enemies":"Small Slimes","floor":2.0,"turns":1.0},{"damage":0.0,"enemies":"2 Louse","floor":4.0,"turns":1.0},{"damage":28.0,"enemies":"Gremlin Nob","floor":6.0,"turns":4.0},{"damage":12.0,"enemies":"Blue Slaver","floor":8.0,"turns":2.0},{"damage":40.0,"enemies":"Lagavulin","floor":12.0,"turns":5.0},{"damage":0.0,"enemies":"2 Fungi Beasts","floor":14.0,"turns":2.0},{"damage":40.0,"enemies":"Hexaghost","floor":16.0,"turns":9.0},{"damage":19.0,"enemies":"Shell Parasite","floor":18.0,"turns":3.0},{"damage":5.0,"enemies":"3 Byrds","floor":21.0,"turns":4.0},{"damage":0.0,"enemies":"Centurion and Healer","floor":24.0,"turns":3.0},{"damage":0.0,"enemies":"Snecko","floor":25.0,"turns":2.0},{"damage":18.0,"enemies":"Shelled Parasite and Fungi","floor":28.0,"turns":2.0},{"damage":12.0,"enemies":"Book of Stabbing","floor":29.0,"turns":2.0},{"damage":0.0,"enemies":"Snake Plant","floor":30.0,"turns":2.0},{"damage":0.0,"enemies":"Centurion and Healer","floor":31.0,"turns":3.0},{"damage":28.0,"enemies":"Champ","floor":33.0,"turns":6.0},{"damage":3.0,"enemies":"3 Darklings","floor":35.0,"turns":3.0},{"damage":0.0,"enemies":"Orb Walker","floor":37.0,"turns":2.0},{"damage":0.0,"enemies":"Spire Growth","floor":38.0,"turns":2.0},{"damage":14.0,"enemies":"Jaw Worm Horde","floor":39.0,"turns":3.0},{"damage":53.0,"enemies":"Nemesis","floor":40.0,"turns":3.0},{"damage":0.0,"enemies":"Writhing Mass","floor":47.0,"turns":2.0},{"damage":2.0,"enemies":"4 Shapes","floor":48.0,"turns":2.0},{"damage":68,"enemies":"Donu and Deca","floor":50,"turns":5}],"seed_played":"-7452958080826375901","potions_obtained":[{"floor":1.0,"key":"Strength Potion"},{"floor":2.0,"key":"Explosive Potion"},{"floor":12.0,"key":"Dexterity Potion"}],"is_trial":false,"path_per_floor":["M","M","$","M","?","E","R","M","T","?","$","E","?","M","R","B",null,"M","$","?","M","$","R","M","M","T","?","M","E","M","M","R","B",null,"M","?","M","M","M","E","$","R","T","$","R","?","M","M","R","B"],"character_chosen":"IRONCLAD","items_purchased":["Perfected Strike","Pommel Strike+1","DollysMirror","Ornamental Fan"],"campfire_rested":2,"item_purchase_floors":[3,22,22,44],"current_hp_per_floor":[80,80,80,80,80,58,58,52,52,52,52,18,18,24,46,12,74,61,61,61,62,62,62,68,74,74,74,62,56,62,68,68,46,74,74,67,73,74,66,19,19,41,41,41,41,41,53,57,57,0],"gold":44,"neow_bonus":"THREE_ENEMY_KILL","is_prod":false,"is_daily":false,"chose_seed":false,"campfire_upgraded":3,"win_rate":0,"timestamp":1557919005,"path_taken":["M","M","$","M","?","E","R","M","T","?","$","E","?","M","R","BOSS","M","$","?","M","$","R","M","M","T","?","M","E","M","M","R","BOSS","M","?","M","?","?","E","$","R","T","$","R","?","M","M","R","BOSS"],"build_version":"2019-01-23","purchased_purges":2,"victory":false,"max_hp_per_floor":[80,80,80,80,80,80,80,80,80,80,80,80,74,74,74,74,74,74,74,74,74,74,74,74,74,74,74,74,74,74,74,74,74,74,74,74,74,74,74,74,74,74,74,74,74,74,80,80,77,77],"card_choices":[{"not_picked":["Cleave","Wild Strike","Pummel"],"picked":"SKIP","floor":1.0},{"not_picked":["Wild Strike","Uppercut","Warcry"],"picked":"SKIP","floor":2.0},{"not_picked":["Ghostly Armor","Warcry","Hemokinesis"],"picked":"SKIP","floor":4.0},{"not_picked":["Spot Weakness","Warcry","Sword Boomerang"],"picked":"SKIP","floor":6.0},{"not_picked":["Shrug It Off","Thunderclap"],"picked":"Pommel Strike","floor":8.0},{"not_picked":["Fiend Fire+1","Corruption"],"picked":"Clash+1","floor":12.0},{"not_picked":["Uppercut+1","Infernal Blade","Warcry"],"picked":"SKIP","floor":14.0},{"not_picked":["Thunderclap+1","Seeing Red","Entrench"],"picked":"SKIP","floor":18.0},{"not_picked":["Cleave+1","Pommel Strike+1"],"picked":"Perfected Strike+1","floor":21.0},{"not_picked":["Thunderclap+1","Rampage+1","Reckless Charge+1"],"picked":"SKIP","floor":24.0},{"not_picked":["Reckless Charge+1","Armaments+1","Havoc"],"picked":"SKIP","floor":25.0},{"not_picked":["Flex","Whirlwind+1"],"picked":"Twin Strike+1","floor":28.0},{"not_picked":["Perfected Strike+1","Seeing Red","Infernal Blade"],"picked":"SKIP","floor":29.0},{"not_picked":["Spot Weakness","Metallicize+1","Body Slam+1"],"picked":"SKIP","floor":30.0},{"not_picked":["Power Through+1","Body Slam+1","Spot Weakness"],"picked":"SKIP","floor":31.0},{"not_picked":["Battle Trance+1","Sword Boomerang+1"],"picked":"Perfected Strike+1","floor":35.0},{"not_picked":["Armaments","Shockwave","Body Slam+1"],"picked":"SKIP","floor":37.0},{"not_picked":["Anger+1","Feel No Pain","Disarm+1"],"picked":"SKIP","floor":38.0},{"not_picked":["Havoc","Fire Breathing+1","Reckless Charge+1"],"picked":"SKIP","floor":39.0},{"not_picked":["Bloodletting+1","Entrench+1","Wild Strike+1"],"picked":"SKIP","floor":40.0},{"not_picked":["Rage+1","Twin Strike+1","Shrug It Off"],"picked":"SKIP","floor":47.0},{"not_picked":["Fire Breathing+1","Flex","Spot Weakness+1"],"picked":"SKIP","floor":48.0}],"player_experience":293391,"relics_obtained":[{"floor":6.0,"key":"Darkstone Periapt"},{"floor":9.0,"key":"Molten Egg 2"},{"floor":12.0,"key":"Sundial"},{"floor":26.0,"key":"Peace Pipe"},{"floor":29.0,"key":"Happy Flower"},{"floor":40.0,"key":"Gambling Chip"}],"event_choices":[{"damage_healed":0.0,"max_hp_gain":0.0,"max_hp_loss":0.0,"gold_gain":0.0,"event_name":"The Cleric","player_choice":"Leave","floor":5.0,"gold_loss":0.0,"damage_taken":0.0},{"cards_removed":["Strike_R"],"damage_healed":0.0,"max_hp_gain":0.0,"max_hp_loss":0.0,"gold_gain":0.0,"event_name":"Living Wall","player_choice":"Forget","floor":10.0,"gold_loss":0.0,"damage_taken":0.0},{"damage_healed":0.0,"max_hp_gain":0.0,"max_hp_loss":6.0,"gold_gain":0.0,"event_name":"Golden Idol","player_choice":"Lose Max HP","floor":13.0,"gold_loss":0.0,"damage_taken":0.0,"relics_obtained":["Golden Idol"]},{"damage_healed":0.0,"max_hp_gain":0.0,"max_hp_loss":0.0,"gold_gain":99.0,"event_name":"Nest","player_choice":"Stole From Cult","floor":20.0,"gold_loss":0.0,"damage_taken":0.0},{"damage_healed":0.0,"max_hp_gain":0.0,"max_hp_loss":0.0,"gold_gain":0.0,"event_name":"Vampires","player_choice":"Ignored","floor":27.0,"gold_loss":0.0,"damage_taken":0.0},{"damage_healed":0.0,"max_hp_gain":0.0,"max_hp_loss":0.0,"gold_gain":75.0,"event_name":"FaceTrader","player_choice":"Touch","floor":36.0,"gold_loss":0.0,"damage_taken":7.0},{"damage_healed":0.0,"max_hp_gain":0.0,"max_hp_loss":0.0,"gold_gain":0.0,"event_name":"Tomb of Lord Red Mask","player_choice":"Paid","floor":46.0,"gold_loss":245.0,"damage_taken":0.0,"relics_obtained":["Red Mask"]}],"is_beta":false,"boss_relics":[{"not_picked":["Lizard Tail","Black Blood"],"picked":"Sozu"},{"not_picked":["Astrolabe","Calling Bell"],"picked":"Cursed Key"}],"items_purged_floors":[3,19],"is_endless":false,"potions_floor_spawned":[1,2,12,18,24,25,28,33,39,40,47,48],"killed_by":"Donu and Deca","ascension_level":0}