{"gold_per_floor":[16,36,36,48,62,62,94,104,130,165,165,198,218,21,21,121,121,136,59,59,74,2,2,2,333,390,421,433,433,433,433,433,534,534,553,553,212,212,212,0,30,30,56,56,56,85,85,95,95,95],"floor_reached":51,"playtime":2571,"items_purged":[],"score":899,"play_id":"b9079a55-e2d9-4226-83f3-bdd14409f7a6","local_time":"20180728143354","is_ascension_mode":true,"campfire_choices":[{"data":"Inflame","floor":6.0,"key":"SMITH"},{"data":"Barricade","floor":11.0,"key":"SMITH"},{"data":"Bash","floor":15.0,"key":"SMITH"},{"data":"Dark Embrace","floor":23.0,"key":"SMITH"},{"floor":29.0,"key":"REST"},{"floor":32,"key":"REST"},{"floor":47,"key":"REST"},{"floor":49,"key":"REST"}],"neow_cost":"NO_GOLD","seed_source_timestamp":506994057232798,"circlet_count":0,"master_deck":["Defend_R","Bash+1","Shrug It Off","Wild Strike","Clash","Thunderclap","Inflame+1","Burning Pact","Barricade+1","Iron Wave+1","Seeing Red+1","Corruption+1","J.A.X.","Heavy Blade","Dark Embrace+1","Limit Break","Clash","Demon Form","Burning Pact","Master of Strategy","Finesse","Power Through","Offering"],"special_seed":0,"relics":["Burning Blood","Lantern","Omamori","Art of War","Juzu Bracelet","Medical Kit","Astrolabe","Old Coin","Tiny Chest","Dodecahedron","Mark of Pain","Bag of Preparation","Red Mask","Kunai","Bronze Scales","Mummified Hand","Peace Pipe"],"potions_floor_usage":[33,38,41,48,50],"damage_taken":[{"damage":17.0,"enemies":"Small Slimes","floor":1.0,"turns":4.0},{"damage":2.0,"enemies":"Cultist","floor":2.0,"turns":4.0},{"damage":6.0,"enemies":"Jaw Worm","floor":4.0,"turns":2.0},{"damage":8.0,"enemies":"Exordium Thugs","floor":5.0,"turns":4.0},{"damage":6.0,"enemies":"Gremlin Nob","floor":7.0,"turns":3.0},{"damage":6.0,"enemies":"Exordium Wildlife","floor":8.0,"turns":3.0},{"damage":24.0,"enemies":"3 Sentries","floor":10.0,"turns":7.0},{"damage":14.0,"enemies":"Gremlin Nob","floor":12.0,"turns":3.0},{"damage":0.0,"enemies":"Large Slime","floor":13.0,"turns":4.0},{"damage":21.0,"enemies":"Hexaghost","floor":16.0,"turns":8.0},{"damage":18.0,"enemies":"Shell Parasite","floor":18.0,"turns":4.0},{"damage":3.0,"enemies":"Spheric Guardian","floor":21.0,"turns":3.0},{"damage":17.0,"enemies":"Gremlin Leader","floor":25.0,"turns":6.0},{"damage":38.0,"enemies":"Slavers","floor":27.0,"turns":4.0},{"damage":19.0,"enemies":"Snake Plant","floor":28.0,"turns":3.0},{"damage":53,"enemies":"Collector","floor":33,"turns":6},{"damage":0,"enemies":"3 Shapes","floor":35,"turns":4},{"damage":4,"enemies":"Flame Bruiser 1 Orb","floor":38,"turns":2},{"damage":34,"enemies":"2 Orb Walkers","floor":41,"turns":4},{"damage":14,"enemies":"Giant Head","floor":46,"turns":4},{"damage":8,"enemies":"Transient","floor":48,"turns":5},{"damage":8,"enemies":"Donu and Deca","floor":50,"turns":3}],"seed_played":"6314449138107835101","potions_obtained":[{"floor":2.0,"key":"Poison Potion"},{"floor":5.0,"key":"Poison Potion"},{"floor":10.0,"key":"EntropicBrew"},{"floor":18.0,"key":"Ancient Potion"},{"floor":27.0,"key":"BloodPotion"},{"floor":33,"key":"Weak Potion"},{"floor":46,"key":"AttackPotion"},{"floor":48,"key":"BloodPotion"}],"is_trial":false,"path_per_floor":["M","M","?","M","M","R","E","M","T","E","R","E","M","$","R","B",null,"M","?","?","M","$","R","?","E","T","E","M","R","?","?","R","B",null,"M","?","$","M","?","?","E","?","T","?","T","E","R","M","R","B"],"character_chosen":"IRONCLAD","items_purchased":["Medical Kit","Dark Embrace","Master of Strategy","Bag of Preparation"],"campfire_rested":4,"item_purchase_floors":[14,22,37,37],"current_hp_per_floor":[69,73,73,73,71,71,71,71,71,53,53,45,51,51,51,36,80,68,68,68,71,71,71,71,60,60,28,15,39,39,39,63,24,80,80,80,80,80,70,70,42,42,42,42,42,34,58,56,80,80],"gold":95,"neow_bonus":"REMOVE_TWO","is_prod":false,"is_daily":false,"chose_seed":false,"campfire_upgraded":4,"win_rate":0,"timestamp":1532777634,"path_taken":["M","M","?","M","M","R","E","M","T","E","R","E","M","$","R","BOSS","M","?","?","M","$","R","?","E","T","E","M","R","?","?","R","BOSS","M","?","$","M","?","?","E","?","T","?","?","E","R","M","R","BOSS"],"build_version":"2018-07-26","purchased_purges":0,"victory":true,"max_hp_per_floor":[80,80,80,80,80,80,80,80,80,80,80,80,80,80,80,80,80,80,80,80,80,80,80,80,80,80,80,80,80,80,80,80,80,80,80,80,80,80,80,80,80,80,80,80,80,80,80,80,80,80],"card_choices":[{"not_picked":["Rupture","Clothesline"],"picked":"Shrug It Off","floor":1.0},{"not_picked":["Headbutt","Clash"],"picked":"Wild Strike","floor":2.0},{"not_picked":["Intimidate","Sever Soul"],"picked":"Thunderclap","floor":4.0},{"not_picked":["Cleave","Metallicize"],"picked":"Inflame","floor":5.0},{"not_picked":["Hemokinesis","Berserk","Thunderclap"],"picked":"SKIP","floor":7.0},{"not_picked":["Havoc","Heavy Blade"],"picked":"Burning Pact","floor":8.0},{"not_picked":["Perfected Strike","Body Slam"],"picked":"Barricade","floor":10.0},{"not_picked":["Cleave","Perfected Strike","Fiend Fire"],"picked":"SKIP","floor":12.0},{"not_picked":["Headbutt","Pommel Strike","Clothesline"],"picked":"SKIP","floor":13.0},{"not_picked":["Warcry+1","Body Slam","Flex+1"],"picked":"SKIP","floor":18.0},{"not_picked":["Armaments","Body Slam"],"picked":"Heavy Blade","floor":21.0},{"not_picked":["Clothesline","Immolate"],"picked":"Limit Break","floor":25.0},{"not_picked":["Searing Blow","Cleave+1"],"picked":"Clash","floor":27.0},{"not_picked":["Searing Blow","Havoc"],"picked":"Clash","floor":28.0},{"not_picked":["Offering","Berserk"],"picked":"Demon Form","floor":33},{"not_picked":["Headbutt+1","Warcry","Rupture"],"picked":"SKIP","floor":35},{"not_picked":["Swift Strike","Thinking Ahead"],"picked":"Finesse","floor":39},{"not_picked":["Evolve+1","Infernal Blade","Rampage"],"picked":"SKIP","floor":41},{"not_picked":["Sever Soul+1","Warcry+1"],"picked":"Offering","floor":46},{"not_picked":["Corruption","Anger+1","Flame Barrier+1"],"picked":"SKIP","floor":48}],"player_experience":187680,"relics_obtained":[{"floor":7.0,"key":"Lantern"},{"floor":9.0,"key":"Omamori"},{"floor":10.0,"key":"Art of War"},{"floor":12.0,"key":"Juzu Bracelet"},{"floor":25.0,"key":"Old Coin"},{"floor":26.0,"key":"Tiny Chest"},{"floor":27.0,"key":"Dodecahedron"},{"floor":41,"key":"Kunai"},{"floor":43,"key":"Bronze Scales"},{"floor":45,"key":"Mummified Hand"},{"floor":46,"key":"Peace Pipe"}],"event_choices":[{"event_name":"Transmorgrifier","player_choice":"Transform","floor":3.0,"damage_taken":0.0},{"event_name":"Drug Dealer","player_choice":"Got JAXXED","floor":19.0,"damage_taken":0.0},{"event_name":"Back to Basics","player_choice":"Elegance","floor":20.0,"damage_taken":0.0},{"event_name":"Transmorgrifier","player_choice":"Transform","floor":24.0,"damage_taken":0.0},{"event_name":"The Mausoleum","player_choice":"No","floor":30.0,"damage_taken":0.0},{"event_name":"The Lab","player_choice":"Got Potions","floor":31.0,"damage_taken":0.0},{"event_name":"Transmorgrifier","player_choice":"Transform","floor":36,"damage_taken":0},{"event_name":"SensoryStone","player_choice":"Memory 3","floor":39,"damage_taken":0},{"event_name":"Tomb of Lord Red Mask","player_choice":"Paid","floor":40,"damage_taken":0},{"event_name":"Match and Keep!","player_choice":"1 cards matched","floor":42,"damage_taken":0},{"event_name":"Falling","player_choice":"Removed Attack","floor":44,"damage_taken":0}],"is_beta":false,"boss_relics":[{"not_picked":["Black Blood","Runic Cube"],"picked":"Astrolabe"},{"not_picked":["Velvet Choker","Fusion Hammer"],"picked":"Mark of Pain"}],"items_purged_floors":[],"is_endless":false,"potions_floor_spawned":[2,5,10,12,18,27,33,46,48],"ascension_level":1}