{"gold_per_floor":[113,113,128,128,29,29,61,72,72,82,114,114,142,152,152,152],"floor_reached":16,"playtime":548,"items_purged":["Defend_R"],"score":132,"play_id":"fdd52466-5b75-4e8e-981a-27df5f373803","local_time":"20180728165859","is_ascension_mode":true,"campfire_choices":[{"data":"Armaments","floor":6,"key":"SMITH"},{"data":"Flex","floor":15,"key":"SMITH"}],"neow_cost":"","seed_source_timestamp":521000616701342,"circlet_count":0,"master_deck":["Strike_R","Strike_R","Strike_R","Strike_R","Strike_R","Defend_R","Bash","Flex+1","Armaments+1","Flex+1","Pommel Strike","Thunderclap"],"relics":["Burning Blood","Matryoshka","Ornamental Fan","Happy Flower","Bag of Preparation","Calipers"],"potions_floor_usage":[10,11,16],"damage_taken":[{"damage":5,"enemies":"Small Slimes","floor":1,"turns":4},{"damage":8,"enemies":"2 Louse","floor":3,"turns":2},{"damage":27,"enemies":"Gremlin Nob","floor":7,"turns":4},{"damage":7,"enemies":"Jaw Worm","floor":8,"turns":2},{"damage":0,"enemies":"2 Fungi Beasts","floor":10,"turns":2},{"damage":6,"enemies":"3 Sentries","floor":11,"turns":5},{"damage":5,"enemies":"Gremlin Nob","floor":13,"turns":3},{"damage":9,"enemies":"Blue Slaver","floor":14,"turns":2},{"damage":63,"enemies":"The Guardian","floor":16,"turns":7}],"seed_played":"-3708704328942862574","potions_obtained":[{"floor":3,"key":"Explosive Potion"},{"floor":10,"key":"Strength Potion"},{"floor":11,"key":"BloodPotion"},{"floor":14,"key":"FearPotion"}],"is_trial":false,"path_per_floor":["M","?","M","?","$","R","E","M","T","M","E","?","E","M","R"],"character_chosen":"IRONCLAD","items_purchased":["Flex"],"campfire_rested":0,"item_purchase_floors":[5],"current_hp_per_floor":[80,80,78,71,71,71,50,49,49,55,55,55,56,53,53,0],"gold":152,"neow_bonus":"","is_prod":false,"is_daily":false,"chose_seed":false,"campfire_upgraded":2,"win_rate":0,"timestamp":1532786339,"path_taken":["M","?","M","?","$","R","E","M","T","?","E","?","E","M","R","BOSS"],"build_version":"2018-07-26","purchased_purges":1,"victory":false,"max_hp_per_floor":[80,80,80,80,80,80,80,80,80,80,80,80,80,80,80,80],"card_choices":[{"not_picked":["Shockwave","Headbutt"],"picked":"Flex","floor":1},{"not_picked":["Pommel Strike","Fire Breathing"],"picked":"Armaments","floor":3},{"not_picked":["Iron Wave","Second Wind","Reckless Charge"],"picked":"SKIP","floor":7},{"not_picked":["Clothesline","Twin Strike"],"picked":"Pommel Strike","floor":8},{"not_picked":["Dual Wield","Impervious"],"picked":"Thunderclap","floor":10},{"not_picked":["Shockwave","Sentinel","Flame Barrier"],"picked":"SKIP","floor":11},{"not_picked":["Evolve","Dual Wield","Armaments"],"picked":"SKIP","floor":13},{"not_picked":["Perfected Strike","True Grit","Headbutt"],"picked":"SKIP","floor":14}],"player_experience":190481,"relics_obtained":[{"floor":7,"key":"Matryoshka"},{"floor":9,"key":"Ornamental Fan"},{"floor":9,"key":"Happy Flower"},{"floor":11,"key":"Bag of Preparation"},{"floor":13,"key":"Calipers"}],"event_choices":[{"event_name":"Living Wall","player_choice":"Forget","floor":2,"damage_taken":0},{"event_name":"Golden Wing","player_choice":"Card Removal","floor":4,"damage_taken":0},{"event_name":"Accursed Blacksmith","player_choice":"Forge","floor":12,"damage_taken":0}],"is_beta":false,"boss_relics":[],"items_purged_floors":[5],"is_endless":false,"potions_floor_spawned":[3,10,11,14],"killed_by":"The Guardian","ascension_level":2}