{"gold_per_floor":[119,131,131,144,144,157,173,173,244,244,264,295,314,6,6,107,107,125,136,156,166,166,166,180,0,0,30,30,60,79,93,93,194,194,213,223,223,235,161,161],"floor_reached":40,"playtime":2860,"items_purged":["Pain","Decay"],"score":489,"play_id":"d4df071f-3216-4b42-9755-251cd72a4c93","local_time":"20190528233845","is_ascension_mode":false,"campfire_choices":[{"floor":8,"key":"REST"},{"data":"Immolate","floor":10,"key":"SMITH"},{"data":"Iron Wave","floor":15,"key":"SMITH"},{"floor":23,"key":"REST"},{"floor":28,"key":"REST"},{"floor":32,"key":"REST"}],"neow_cost":"CURSE","seed_source_timestamp":18976665412147,"circlet_count":0,"master_deck":["Strike_R","Strike_R","Strike_R","Strike_R","Strike_R","Defend_R","Defend_R","Defend_R","Defend_R","Bash","Deep Breath","PanicButton","Shrug It Off","Inflame","Dropkick","Thunderclap","Immolate+1","Inflame","Iron Wave+1","Ghostly Armor","Rampage","Shrug It Off","Limit Break","Cleave","Heavy Blade+1","Heavy Blade","Heavy Blade","Body Slam","Feel No Pain","Inflame","Body Slam","Body Slam","Heavy Blade","Limit Break","Cleave+1","True Grit+1","Trip","Clash","Thunderclap+1","Metallicize"],"relics":["Black Blood","WarpedTongs","Bottled Flame","Unceasing Top","Happy Flower","Sundial","Tiny Chest","Vajra","Runic Pyramid"],"potions_floor_usage":[6,12,18,18,20,29,29,30,31],"damage_taken":[{"damage":0,"enemies":"Small Slimes","floor":1,"turns":3},{"damage":6,"enemies":"Cultist","floor":2,"turns":5},{"damage":3,"enemies":"2 Louse","floor":4,"turns":3},{"damage":13,"enemies":"Lots of Slimes","floor":6,"turns":7},{"damage":19,"enemies":"Exordium Thugs","floor":7,"turns":5},{"damage":4,"enemies":"Blue Slaver","floor":11,"turns":3},{"damage":16,"enemies":"3 Sentries","floor":12,"turns":5},{"damage":9,"enemies":"Large Slime","floor":13,"turns":5},{"damage":2,"enemies":"Slime Boss","floor":16,"turns":6},{"damage":37,"enemies":"Spheric Guardian","floor":18,"turns":6},{"damage":12,"enemies":"Shell Parasite","floor":19,"turns":5},{"damage":12,"enemies":"Snake Plant","floor":20,"turns":4},{"damage":18,"enemies":"Chosen and Byrds","floor":21,"turns":5},{"damage":25,"enemies":"Snecko","floor":24,"turns":5},{"damage":19,"enemies":"Slavers","floor":29,"turns":3},{"damage":0,"enemies":"3 Cultists","floor":30,"turns":3},{"damage":29,"enemies":"Shelled Parasite and Fungi","floor":31,"turns":5},{"damage":56,"enemies":"Champ","floor":33,"turns":10},{"damage":30,"enemies":"Orb Walker","floor":35,"turns":4},{"damage":23,"enemies":"3 Darklings","floor":36,"turns":3},{"damage":24,"enemies":"Jaw Worm Horde","floor":38,"turns":4},{"damage":55,"enemies":"Giant Head","floor":40,"turns":6}],"seed_played":"1492673858020438420","potions_obtained":[{"floor":2,"key":"AttackPotion"},{"floor":4,"key":"LiquidBronze"},{"floor":5,"key":"EssenceOfSteel"},{"floor":5,"key":"Block Potion"},{"floor":7,"key":"GamblersBrew"},{"floor":13,"key":"Explosive Potion"},{"floor":18,"key":"GamblersBrew"},{"floor":19,"key":"Weak Potion"},{"floor":24,"key":"SteroidPotion"},{"floor":30,"key":"Dexterity Potion"},{"floor":38,"key":"GamblersBrew"}],"is_trial":false,"path_per_floor":["M","M","?","M","?","M","M","R","T","R","M","E","M","$","R","B",null,"M","M","M","M","?","R","M","$","T","T","R","E","M","M","R","B",null,"M","M","?","M","$","E"],"character_chosen":"IRONCLAD","items_purchased":["Happy Flower","Rampage","Shrug It Off","Inflame","Metallicize"],"campfire_rested":4,"item_purchase_floors":[14,14,14,25,39],"current_hp_per_floor":[80,80,80,80,80,73,60,80,80,80,80,70,67,67,67,71,80,53,51,49,41,41,65,50,50,50,50,74,65,75,56,80,34,80,60,47,47,33,33,0],"gold":161,"neow_bonus":"RANDOM_COLORLESS_2","is_prod":false,"is_daily":false,"chose_seed":false,"campfire_upgraded":2,"win_rate":0.0,"timestamp":1559108325,"path_taken":["M","M","?","?","?","M","M","R","T","R","?","E","M","$","R","BOSS","M","M","M","M","?","R","M","$","T","?","R","E","M","M","R","BOSS","M","M","?","M","?","E"],"build_version":"2019-01-23","purchased_purges":2,"victory":false,"max_hp_per_floor":[80,80,80,80,80,80,80,80,80,80,80,80,80,80,80,80,80,80,80,80,80,80,80,80,80,80,80,80,80,80,80,80,80,80,80,80,80,80,80,80],"card_choices":[{"not_picked":["Uppercut","Rampage"],"picked":"Shrug It Off","floor":1},{"not_picked":["Disarm","Thunderclap"],"picked":"Inflame","floor":2},{"not_picked":["Warcry","True Grit"],"picked":"Dropkick","floor":4},{"not_picked":["Dropkick","Infernal Blade"],"picked":"Thunderclap","floor":6},{"not_picked":["Power Through","Body Slam"],"picked":"Immolate","floor":7},{"not_picked":["Seeing Red","Hemokinesis"],"picked":"Inflame","floor":11},{"not_picked":["Perfected Strike","Sword Boomerang"],"picked":"Iron Wave","floor":12},{"not_picked":["Hemokinesis","Thunderclap"],"picked":"Ghostly Armor","floor":13},{"not_picked":["Juggernaut","Fiend Fire"],"picked":"Limit Break","floor":16},{"not_picked":["Clash","Thunderclap"],"picked":"Cleave","floor":18},{"not_picked":["Sentinel","Anger"],"picked":"Heavy Blade+1","floor":19},{"not_picked":["Cleave","Power Through"],"picked":"Heavy Blade","floor":20},{"not_picked":["Cleave","Perfected Strike"],"picked":"Heavy Blade","floor":21},{"not_picked":["Twin Strike","Warcry"],"picked":"Feel No Pain","floor":24},{"not_picked":["Anger","Feed"],"picked":"Body Slam","floor":29},{"not_picked":["Twin Strike","Feel No Pain+1"],"picked":"Body Slam","floor":30},{"not_picked":["Sword Boomerang","Thunderclap+1"],"picked":"Heavy Blade","floor":31},{"not_picked":["Exhume","Impervious"],"picked":"Limit Break","floor":33},{"not_picked":["Clothesline","Wild Strike+1"],"picked":"Cleave+1","floor":35},{"not_picked":["Searing Blow","Whirlwind"],"picked":"True Grit+1","floor":36},{"not_picked":["Evolve+1","Feel No Pain+1"],"picked":"Thunderclap+1","floor":38}],"player_experience":99292,"relics_obtained":[{"floor":9,"key":"Bottled Flame"},{"floor":12,"key":"Unceasing Top"},{"floor":26,"key":"Sundial"},{"floor":27,"key":"Tiny Chest"},{"floor":29,"key":"Vajra"}],"event_choices":[{"damage_healed":0,"gold_gain":0,"player_choice":"Rummage","damage_taken":0,"relics_obtained":["WarpedTongs"],"max_hp_gain":0,"max_hp_loss":0,"event_name":"Accursed Blacksmith","floor":3,"gold_loss":0,"cards_obtained":["Pain"]},{"damage_healed":0,"gold_gain":0,"player_choice":"Got Potions","damage_taken":0,"max_hp_gain":0,"max_hp_loss":0,"event_name":"Lab","floor":5,"gold_loss":0},{"damage_healed":0,"gold_gain":0,"player_choice":"Read","damage_taken":0,"max_hp_gain":0,"max_hp_loss":0,"event_name":"The Library","floor":22,"gold_loss":0,"cards_obtained":["Body Slam"]},{"damage_healed":0,"gold_gain":0,"player_choice":"2 cards matched","damage_taken":0,"max_hp_gain":0,"max_hp_loss":0,"event_name":"Match and Keep!","floor":37,"gold_loss":0,"cards_obtained":["Trip","Clash"]}],"is_beta":false,"boss_relics":[{"not_picked":["Busted Crown","Astrolabe"],"picked":"Black Blood"},{"not_picked":["Snecko Eye","Cursed Key"],"picked":"Runic Pyramid"}],"items_purged_floors":[14,25],"is_endless":false,"potions_floor_spawned":[2,4,7,13,18,19,24,30,38],"killed_by":"Giant Head","ascension_level":0}