{"gold_per_floor":[115,131,151,168,184,184,209,228,228,228,262,262,262,280,280,379,379,394,394,7,7,7,7,7],"floor_reached":24,"playtime":2434,"items_purged":[],"score":216,"play_id":"3fc07990-ccb4-4474-98f2-77a164b9d37f","local_time":"20190608194136","is_ascension_mode":true,"campfire_choices":[{"floor":6,"key":"REST"},{"floor":10,"key":"REST"},{"floor":12,"key":"REST"},{"floor":15,"key":"REST"},{"floor":23,"key":"REST"}],"neow_cost":"NONE","seed_source_timestamp":2055508271824390,"circlet_count":0,"master_deck":["Strike_R","Strike_R","Strike_R","Strike_R","Strike_R","Defend_R","Defend_R","Defend_R","Defend_R","Bash","Armaments+1","Rupture","Shrug It Off","Dual Wield","Pommel Strike","Warcry","Hemokinesis","Pommel Strike","Cleave","Demon Form+1","Headbutt","Writhe","Metallicize+1","Heavy Blade"],"relics":["Runic Cube","Frozen Egg 2","Shuriken","Bottled Tornado","Runic Pyramid","Happy Flower","Torii"],"potions_floor_usage":[16,16,16,24],"damage_taken":[{"damage":6,"enemies":"Cultist","floor":1,"turns":3},{"damage":3,"enemies":"Small Slimes","floor":2,"turns":4},{"damage":0,"enemies":"2 Louse","floor":3,"turns":4},{"damage":10,"enemies":"Looter","floor":4,"turns":3},{"damage":16,"enemies":"3 Louse","floor":5,"turns":5},{"damage":37,"enemies":"3 Sentries","floor":7,"turns":12},{"damage":13,"enemies":"Large Slime","floor":8,"turns":6},{"damage":18,"enemies":"Gremlin Nob","floor":11,"turns":4},{"damage":14,"enemies":"2 Fungi Beasts","floor":14,"turns":3},{"damage":58,"enemies":"The Guardian","floor":16,"turns":11},{"damage":35,"enemies":"Spheric Guardian","floor":18,"turns":5},{"damage":78,"enemies":"Book of Stabbing","floor":24,"turns":6}],"seed_played":"-4858675280029576617","potions_obtained":[{"floor":2,"key":"AttackPotion"},{"floor":5,"key":"SkillPotion"},{"floor":7,"key":"Swift Potion"},{"floor":16,"key":"Energy Potion"}],"is_trial":false,"path_per_floor":["M","M","M","M","M","R","E","M","T","R","E","R","?","M","R","B",null,"M","?","$","?","?","R","E"],"character_chosen":"IRONCLAD","items_purchased":["Torii","Metallicize+1"],"campfire_rested":5,"item_purchase_floors":[20,20],"current_hp_per_floor":[74,71,71,61,45,69,32,19,19,43,25,49,49,35,59,1,80,45,45,45,45,45,69,0],"gold":7,"neow_bonus":"BOSS_RELIC","is_prod":false,"is_daily":false,"chose_seed":false,"campfire_upgraded":0,"win_rate":0,"timestamp":1560015696,"path_taken":["M","?","M","M","M","R","E","M","T","R","E","R","?","M","R","BOSS","M","?","$","?","?","R","E"],"build_version":"2019-01-23","purchased_purges":0,"victory":false,"max_hp_per_floor":[80,80,80,80,80,80,80,80,80,80,80,80,80,80,80,80,80,80,80,80,80,80,80,80],"card_choices":[{"not_picked":["Iron Wave","Sword Boomerang"],"picked":"Armaments","floor":1},{"not_picked":["Rampage","Perfected Strike"],"picked":"Rupture","floor":2},{"not_picked":["Headbutt","Clothesline"],"picked":"Shrug It Off","floor":3},{"not_picked":["Anger","Bludgeon"],"picked":"Dual Wield","floor":4},{"not_picked":["Burning Pact","Thunderclap"],"picked":"Pommel Strike","floor":5},{"not_picked":["Wild Strike","Ghostly Armor"],"picked":"Warcry","floor":7},{"not_picked":["Shrug It Off","Clothesline"],"picked":"Hemokinesis","floor":8},{"not_picked":["Reckless Charge","Shockwave"],"picked":"Pommel Strike","floor":11},{"not_picked":["Uppercut","Whirlwind"],"picked":"Cleave","floor":14},{"not_picked":["Juggernaut+1","Double Tap"],"picked":"Demon Form+1","floor":16},{"not_picked":["Wild Strike","Searing Blow"],"picked":"Headbutt","floor":18}],"player_experience":57902,"relics_obtained":[{"floor":7,"key":"Frozen Egg 2"},{"floor":9,"key":"Shuriken"},{"floor":11,"key":"Bottled Tornado"}],"event_choices":[{"damage_healed":0,"gold_gain":0,"player_choice":"Grow","damage_taken":0,"max_hp_gain":0,"max_hp_loss":0,"event_name":"Living Wall","floor":13,"gold_loss":0,"cards_upgraded":["Armaments"]},{"damage_healed":0,"gold_gain":0,"player_choice":"Opened","damage_taken":0,"relics_obtained":["Happy Flower"],"max_hp_gain":0,"max_hp_loss":0,"event_name":"The Mausoleum","floor":19,"gold_loss":0,"cards_obtained":["Writhe"]},{"damage_healed":0,"gold_gain":0,"player_choice":"Ignored","damage_taken":0,"max_hp_gain":0,"max_hp_loss":0,"event_name":"Ghosts","floor":21,"gold_loss":0},{"damage_healed":0,"gold_gain":0,"player_choice":"Read","damage_taken":0,"max_hp_gain":0,"max_hp_loss":0,"event_name":"The Library","floor":22,"gold_loss":0,"cards_obtained":["Heavy Blade"]}],"is_beta":false,"boss_relics":[{"not_picked":["Fusion Hammer","Eternal Feather"],"picked":"Runic Pyramid"}],"items_purged_floors":[],"is_endless":false,"potions_floor_spawned":[2,5,7,8,16],"killed_by":"Book of Stabbing","ascension_level":1}