{"gold_per_floor":[119,138,138,138,148,148,176,194,221,221,39,49,27,42,42,146,146,161,161],"floor_reached":19,"playtime":1442,"items_purged":[],"score":169,"play_id":"9b4da933-2394-41a5-8c87-b19f82d56d21","local_time":"20190519200600","is_ascension_mode":false,"campfire_choices":[{"data":"Blizzard","floor":6,"key":"SMITH"},{"floor":10,"key":"REST"},{"floor":15,"key":"REST"}],"neow_cost":"NONE","seed_source_timestamp":36816386911850,"circlet_count":0,"master_deck":["Strike_B","Strike_B","Strike_B","Strike_B","Defend_B","Defend_B","Defend_B","Defend_B","Zap+1","Dualcast","Blizzard+1","Gash","Electrodynamics","Coolheaded","Steam","Streamline","Beam Cell","Leap","Fission","Go for the Eyes+1"],"relics":["Inserter","Ancient Tea Set","Blood Vial","Bronze Scales","Black Star"],"potions_floor_usage":[16,16],"damage_taken":[{"damage":1,"enemies":"2 Louse","floor":1,"turns":3},{"damage":9,"enemies":"Small Slimes","floor":2,"turns":5},{"damage":4,"enemies":"Cultist","floor":5,"turns":5},{"damage":25,"enemies":"3 Sentries","floor":7,"turns":7},{"damage":8,"enemies":"Exordium Wildlife","floor":8,"turns":3},{"damage":8,"enemies":"Large Slime","floor":12,"turns":5},{"damage":6,"enemies":"Blue Slaver","floor":14,"turns":3},{"damage":20,"enemies":"The Guardian","floor":16,"turns":9},{"damage":30,"enemies":"Spheric Guardian","floor":18,"turns":6},{"damage":31,"enemies":"Colosseum Slavers","floor":19,"turns":5},{"damage":40,"enemies":"Colosseum Nobs","floor":19,"turns":3}],"seed_played":"6926083028963681237","potions_obtained":[{"floor":1,"key":"SkillPotion"},{"floor":2,"key":"Energy Potion"},{"floor":7,"key":"AttackPotion"},{"floor":14,"key":"Fruit Juice"}],"is_trial":false,"path_per_floor":["M","M","?","?","M","R","E","M","T","R","$","M","?","M","R","B",null,"M","?"],"character_chosen":"DEFECT","items_purchased":["Bronze Scales","Streamline"],"campfire_rested":2,"item_purchase_floors":[11,11],"current_hp_per_floor":[74,65,65,65,61,61,36,28,28,50,50,44,44,40,62,49,80,50,0],"gold":161,"neow_bonus":"BOSS_RELIC","is_prod":false,"is_daily":false,"chose_seed":false,"campfire_upgraded":1,"win_rate":0.0,"timestamp":1558317960,"path_taken":["M","M","?","?","M","R","E","M","T","R","$","?","?","M","R","BOSS","M","?"],"build_version":"2019-01-23","purchased_purges":0,"victory":false,"max_hp_per_floor":[75,75,75,75,75,75,75,75,75,75,75,75,75,75,75,80,80,80,80],"card_choices":[{"not_picked":["Rip and Tear","Beam Cell"],"picked":"Blizzard","floor":1},{"not_picked":["Go for the Eyes","Heatsinks"],"picked":"Gash","floor":2},{"not_picked":["Sweeping Beam","Genetic Algorithm"],"picked":"Electrodynamics","floor":5},{"not_picked":["Ball Lightning","Go for the Eyes"],"picked":"Coolheaded","floor":7},{"not_picked":["Stack","Barrage"],"picked":"Steam","floor":8},{"not_picked":["Reprogram","Fusion"],"picked":"Beam Cell","floor":12},{"not_picked":["Barrage","Static Discharge"],"picked":"Leap","floor":14},{"not_picked":["Hyperbeam","Meteor Strike"],"picked":"Fission","floor":16},{"not_picked":["Turbo","Steam"],"picked":"Go for the Eyes+1","floor":18}],"player_experience":50173,"relics_obtained":[{"floor":7,"key":"Ancient Tea Set"},{"floor":9,"key":"Blood Vial"}],"event_choices":[{"damage_healed":0,"gold_gain":0,"player_choice":"Grow","damage_taken":0,"max_hp_gain":0,"max_hp_loss":0,"event_name":"Living Wall","floor":3,"gold_loss":0,"cards_upgraded":["Zap"]},{"damage_healed":0,"gold_gain":0,"player_choice":"Leave","damage_taken":0,"max_hp_gain":0,"max_hp_loss":0,"event_name":"FaceTrader","floor":4,"gold_loss":0},{"damage_healed":0,"gold_gain":0,"player_choice":"Left Gold","damage_taken":0,"max_hp_gain":0,"max_hp_loss":0,"event_name":"World of Goop","floor":13,"gold_loss":22},{"damage_healed":0,"gold_gain":0,"player_choice":"Fight","damage_taken":0,"max_hp_gain":0,"max_hp_loss":0,"event_name":"Colosseum","floor":19,"gold_loss":0},{"damage_healed":0,"gold_gain":0,"player_choice":"Fought Nobs","damage_taken":0,"max_hp_gain":0,"max_hp_loss":0,"event_name":"Colosseum","floor":19,"gold_loss":0}],"is_beta":false,"boss_relics":[{"not_picked":["Coffee Dripper","Eternal Feather"],"picked":"Black Star"}],"items_purged_floors":[],"is_endless":false,"potions_floor_spawned":[1,2,7,12,14],"killed_by":"Colosseum Nobs","ascension_level":0}