{"gold_per_floor":[118,128,141,95,114,145,145,173,196,18,18,43,43,73,73,152,152,164,174,48,98,3,32,32,57,57,69,79,111,36,50,50,121,121,136,148,6,6,18,18,53,66,66,99,126,142,142,154,154,154],"floor_reached":51,"playtime":3440,"items_purged":["Defend_R","Defend_R","Strike_R"],"score":1485,"play_id":"6833b1b0-9435-49ed-9eeb-45ce997a1be3","local_time":"20190530131349","is_ascension_mode":true,"campfire_choices":[{"data":"Perfected Strike","floor":7.0,"key":"SMITH"},{"data":"Perfected Strike","floor":11.0,"key":"SMITH"},{"data":"Combust","floor":15.0,"key":"SMITH"},{"data":"Battle Trance","floor":24.0,"key":"SMITH"},{"floor":32.0,"key":"REST"},{"floor":40.0,"key":"REST"},{"floor":47.0,"key":"REST"},{"floor":49,"key":"RECALL"}],"neow_cost":"PERCENT_DAMAGE","seed_source_timestamp":0,"circlet_count":0,"master_deck":["AscendersBane","Strike_R+1","Strike_R","Strike_R","Strike_R+1","Defend_R+1","Bash","Perfected Strike+1","Combust+1","Battle Trance+1","Perfected Strike+1","Shrug It Off+1","Rupture","Barricade","Master of Strategy","Brutality","Headbutt","Disarm+1","Impervious","Shrug It Off","Fire Breathing","Fire Breathing","Twin Strike","Shrug It Off","Pommel Strike","Reaper","True Grit","Pommel Strike","Corruption","Pommel Strike","Corruption+1","Rupture+1","Parasite","Havoc+1","Double Tap","Spot Weakness+1"],"special_seed":0,"relics":["Burning Blood","Ice Cream","Bag of Preparation","Whetstone","War Paint","Smiling Mask","Philosopher\u0027s Stone","Vajra","Oddly Smooth Stone","Pantograph","Regal Pillow","Fusion Hammer","Ancient Tea Set","Meat on the Bone","Lantern","Omamori"],"potions_floor_usage":[50],"damage_taken":[{"damage":6.0,"enemies":"Cultist","floor":1.0,"turns":3.0},{"damage":7.0,"enemies":"Jaw Worm","floor":2.0,"turns":3.0},{"damage":15.0,"enemies":"Small Slimes","floor":3.0,"turns":3.0},{"damage":8.0,"enemies":"3 Louse","floor":5.0,"turns":3.0},{"damage":12.0,"enemies":"3 Sentries","floor":6.0,"turns":4.0},{"damage":12.0,"enemies":"Lagavulin","floor":8.0,"turns":5.0},{"damage":14.0,"enemies":"3 Sentries","floor":12.0,"turns":5.0},{"damage":7.0,"enemies":"Gremlin Nob","floor":14.0,"turns":3.0},{"damage":6.0,"enemies":"Slime Boss","floor":16.0,"turns":6.0},{"damage":5.0,"enemies":"Chosen","floor":18.0,"turns":3.0},{"damage":6.0,"enemies":"2 Thieves","floor":19.0,"turns":3.0},{"damage":22.0,"enemies":"Book of Stabbing","floor":23.0,"turns":5.0},{"damage":24.0,"enemies":"Slavers","floor":25.0,"turns":5.0},{"damage":21.0,"enemies":"Centurion and Healer","floor":27.0,"turns":4.0},{"damage":8.0,"enemies":"Snecko","floor":28.0,"turns":3.0},{"damage":15.0,"enemies":"Book of Stabbing","floor":29.0,"turns":5.0},{"damage":12.0,"enemies":"Shelled Parasite and Fungi","floor":31.0,"turns":4.0},{"damage":32.0,"enemies":"Collector","floor":33.0,"turns":10.0},{"damage":6.0,"enemies":"3 Shapes","floor":35.0,"turns":3.0},{"damage":22.0,"enemies":"Orb Walker","floor":36.0,"turns":3.0},{"damage":8.0,"enemies":"3 Darklings","floor":39.0,"turns":6.0},{"damage":21.0,"enemies":"Reptomancer","floor":41.0,"turns":7.0},{"damage":11.0,"enemies":"Writhing Mass","floor":42.0,"turns":5.0},{"damage":43.0,"enemies":"Giant Head","floor":44.0,"turns":6.0},{"damage":24.0,"enemies":"Maw","floor":46.0,"turns":5.0},{"damage":8,"enemies":"Spire Growth","floor":48,"turns":4},{"damage":79,"enemies":"Time Eater","floor":50,"turns":7}],"seed_played":"-6140630882526887887","potions_obtained":[{"floor":2.0,"key":"Explosive Potion"},{"floor":3.0,"key":"SteroidPotion"},{"floor":12.0,"key":"Block Potion"},{"floor":16.0,"key":"LiquidBronze"},{"floor":18.0,"key":"Fire Potion"},{"floor":19.0,"key":"Swift Potion"},{"floor":25.0,"key":"AttackPotion"},{"floor":29.0,"key":"Energy Potion"},{"floor":31.0,"key":"Block Potion"},{"floor":35.0,"key":"FearPotion"},{"floor":42.0,"key":"Swift Potion"},{"floor":44.0,"key":"Strength Potion"}],"is_trial":false,"path_per_floor":["M","M","M","$","M","E","R","E","T","$","R","E","$","E","R","B",null,"M","M","$","?","$","E","R","E","T","M","M","E","?","M","R","B",null,"M","M","$","?","M","R","E","M","T","E","T","M","R","M","R","B",null],"character_chosen":"IRONCLAD","items_purchased":["Perfected Strike","Master of Strategy","Impervious","Shrug It Off","Corruption","Pommel Strike"],"campfire_rested":3,"item_purchase_floors":[4,10,20,22,37,37],"current_hp_per_floor":[64,63,54,54,52,46,46,40,40,40,40,32,32,31,31,31,75,76,76,76,76,76,60,60,42,42,27,25,16,16,10,51,50,79,79,63,63,63,65,89,74,73,73,54,54,55,89,87,87,33],"gold":154,"neow_bonus":"TWENTY_PERCENT_HP_BONUS","is_prod":false,"is_daily":false,"chose_seed":false,"campfire_upgraded":4,"win_rate":0,"timestamp":1559240029,"path_taken":["M","M","M","?","M","E","R","E","T","$","R","E","$","E","R","BOSS","M","M","$","?","$","E","R","E","T","M","M","E","?","M","R","BOSS","M","M","$","?","M","R","E","?","T","E","?","?","R","M","R","BOSS"],"build_version":"2019-01-23","purchased_purges":3,"victory":true,"max_hp_per_floor":[89,89,89,89,89,89,89,89,89,89,89,89,89,89,89,89,89,89,89,89,89,89,89,89,89,89,89,89,89,89,89,89,89,89,89,89,89,89,89,89,89,89,89,89,89,89,89,89,89,89],"card_choices":[{"not_picked":["Warcry","True Grit"],"picked":"Perfected Strike","floor":1.0},{"not_picked":["Spot Weakness","Reckless Charge"],"picked":"Combust","floor":2.0},{"not_picked":["Body Slam","Clothesline"],"picked":"Battle Trance","floor":3.0},{"not_picked":["Cleave","Searing Blow"],"picked":"Shrug It Off","floor":5.0},{"not_picked":["Combust","Brutality"],"picked":"Rupture","floor":6.0},{"not_picked":["True Grit","Whirlwind"],"picked":"Barricade","floor":8.0},{"not_picked":["Anger","Power Through","Sever Soul"],"picked":"SKIP","floor":12.0},{"not_picked":["Clash","Flex","Hemokinesis"],"picked":"SKIP","floor":14.0},{"not_picked":["Barricade","Dark Embrace"],"picked":"Brutality","floor":16.0},{"not_picked":["Wild Strike","Clash"],"picked":"Headbutt","floor":18.0},{"not_picked":["Intimidate","Thunderclap"],"picked":"Disarm+1","floor":19.0},{"not_picked":["Intimidate","Sword Boomerang"],"picked":"Fire Breathing","floor":23.0},{"not_picked":["Dropkick","Sentinel"],"picked":"Fire Breathing","floor":25.0},{"not_picked":["Shrug It Off","Carnage"],"picked":"Twin Strike","floor":27.0},{"not_picked":["Entrench","Wild Strike"],"picked":"Shrug It Off","floor":28.0},{"not_picked":["Bludgeon","Thunderclap"],"picked":"Pommel Strike","floor":29.0},{"not_picked":["Clash","Sword Boomerang","Cleave"],"picked":"SKIP","floor":31.0},{"not_picked":["Berserk","Immolate"],"picked":"Reaper","floor":33.0},{"not_picked":["Body Slam","Searing Blow"],"picked":"True Grit","floor":35.0},{"not_picked":["Twin Strike","Uppercut+1"],"picked":"Pommel Strike","floor":36.0},{"not_picked":["Blood for Blood","Evolve+1"],"picked":"Corruption+1","floor":39.0},{"not_picked":["Sword Boomerang","Offering"],"picked":"Rupture+1","floor":41.0},{"not_picked":["Clothesline","Warcry"],"picked":"Havoc+1","floor":42.0},{"not_picked":["Pummel","Sword Boomerang"],"picked":"Double Tap","floor":44.0},{"not_picked":["Metallicize","Flame Barrier"],"picked":"Spot Weakness+1","floor":46.0},{"not_picked":["Clothesline","Power Through","Heavy Blade"],"picked":"SKIP","floor":48}],"player_experience":490470,"relics_obtained":[{"floor":6.0,"key":"Ice Cream"},{"floor":8.0,"key":"Bag of Preparation"},{"floor":9.0,"key":"Whetstone"},{"floor":12.0,"key":"War Paint"},{"floor":14.0,"key":"Smiling Mask"},{"floor":23.0,"key":"Vajra"},{"floor":25.0,"key":"Oddly Smooth Stone"},{"floor":26.0,"key":"Pantograph"},{"floor":29.0,"key":"Regal Pillow"},{"floor":41.0,"key":"Ancient Tea Set"},{"floor":43.0,"key":"Meat on the Bone"},{"floor":44.0,"key":"Lantern"},{"floor":45.0,"key":"Omamori"}],"event_choices":[{"damage_healed":0.0,"max_hp_gain":0.0,"max_hp_loss":0.0,"gold_gain":50.0,"event_name":"Nest","player_choice":"Stole From Cult","floor":21.0,"gold_loss":0.0,"damage_taken":0.0},{"cards_removed":["Defend_R"],"damage_healed":0.0,"max_hp_gain":0.0,"max_hp_loss":0.0,"gold_gain":0.0,"event_name":"Beggar","player_choice":"Gave Gold","floor":30.0,"gold_loss":75.0,"damage_taken":0.0},{"damage_healed":0.0,"max_hp_gain":0.0,"max_hp_loss":0.0,"gold_gain":0.0,"event_name":"FaceTrader","player_choice":"Leave","floor":38.0,"gold_loss":0.0,"damage_taken":0.0}],"is_beta":false,"boss_relics":[{"not_picked":["Runic Pyramid","Ectoplasm"],"picked":"Philosopher\u0027s Stone"},{"not_picked":["Empty Cage","Runic Cube"],"picked":"Fusion Hammer"}],"items_purged_floors":[20,22,37],"is_endless":false,"potions_floor_spawned":[2,3,5,12,16,18,19,25,29,31,35,42,44],"ascension_level":15}