{"gold_per_floor":[368,12,31,41,59,93,93,128,128,143,143],"floor_reached":11,"playtime":547,"items_purged":["Shame"],"score":153,"play_id":"fee13620-b622-42e9-a4e8-a9edd8a1e808","local_time":"20190530143004","is_ascension_mode":true,"campfire_choices":[{"data":"Clothesline","floor":7.0,"key":"SMITH"}],"neow_cost":"CURSE","seed_source_timestamp":1040489533031432,"circlet_count":0,"master_deck":["AscendersBane","Strike_R","Strike_R","Strike_R","Strike_R","Strike_R","Defend_R","Defend_R","Defend_R","Defend_R","Bash","Headbutt","Clothesline+1","True Grit","Pommel Strike","Pommel Strike","Feed"],"special_seed":0,"relics":["Burning Blood","Ornamental Fan","Potion Belt","Lantern","Omamori"],"potions_floor_usage":[8],"damage_taken":[{"damage":9.0,"enemies":"Jaw Worm","floor":1.0,"turns":4.0},{"damage":6.0,"enemies":"Cultist","floor":3.0,"turns":3.0},{"damage":7.0,"enemies":"Small Slimes","floor":4.0,"turns":4.0},{"damage":6.0,"enemies":"Looter","floor":5.0,"turns":4.0},{"damage":33.0,"enemies":"3 Sentries","floor":6.0,"turns":11.0},{"damage":23,"enemies":"Lagavulin","floor":8,"turns":6},{"damage":16,"enemies":"3 Louse","floor":10,"turns":6},{"damage":15,"enemies":"3 Sentries","floor":11,"turns":2}],"seed_played":"-476342324924976979","potions_obtained":[{"floor":3.0,"key":"Energy Potion"},{"floor":6.0,"key":"Strength Potion"},{"floor":8,"key":"SmokeBomb"}],"is_trial":false,"path_per_floor":["M","$","M","M","M","E","R","E","T","M","E"],"character_chosen":"IRONCLAD","items_purchased":["Ornamental Fan"],"campfire_rested":0,"item_purchase_floors":[2],"current_hp_per_floor":[65,65,65,64,64,37,37,20,20,13,0],"gold":143,"neow_bonus":"TWO_FIFTY_GOLD","is_prod":false,"is_daily":false,"chose_seed":false,"campfire_upgraded":1,"win_rate":0,"timestamp":1559244604,"path_taken":["M","$","M","M","M","E","R","E","T","M","E"],"build_version":"2019-01-23","purchased_purges":1,"victory":false,"max_hp_per_floor":[75,75,75,75,75,75,75,75,75,78,78],"card_choices":[{"not_picked":["True Grit","Clash"],"picked":"Headbutt","floor":1.0},{"not_picked":["Blood for Blood","Shrug It Off"],"picked":"Clothesline","floor":3.0},{"not_picked":["Clash","Warcry"],"picked":"True Grit","floor":4.0},{"not_picked":["Heavy Blade","Dual Wield"],"picked":"Pommel Strike","floor":5.0},{"not_picked":["Sever Soul","Clothesline"],"picked":"Pommel Strike","floor":6.0},{"not_picked":["Anger","Clothesline"],"picked":"Feed","floor":8},{"not_picked":["Headbutt","Twin Strike","Sever Soul"],"picked":"SKIP","floor":10}],"player_experience":493910,"relics_obtained":[{"floor":6.0,"key":"Potion Belt"},{"floor":8,"key":"Lantern"},{"floor":9,"key":"Omamori"}],"event_choices":[],"is_beta":false,"boss_relics":[],"items_purged_floors":[2],"is_endless":false,"potions_floor_spawned":[3,6,8],"killed_by":"3 Sentries","ascension_level":16}