{"gold_per_floor":[110,125,50,67,67,80,80,80,80,97,97,97,47,66,66,162,162,176,176,101],"floor_reached":20,"playtime":672,"items_purged":["Strike_R"],"score":164,"play_id":"96ef61b3-6f43-4899-abc2-f2740237c92b","local_time":"20190531000254","is_ascension_mode":false,"campfire_choices":[{"data":"Bash","floor":7.0,"key":"SMITH"},{"data":"Heavy Blade","floor":11.0,"key":"SMITH"},{"floor":15,"key":"REST"}],"neow_cost":"TEN_PERCENT_HP_LOSS","seed_source_timestamp":0,"circlet_count":0,"master_deck":["Bash+1","Heavy Blade+1","Shrug It Off","Dual Wield","Body Slam","Armaments","Corruption","Inflame","Fiend Fire"],"special_seed":0,"relics":["Burning Blood","Pen Nib","Pandora\u0027s Box"],"potions_floor_usage":[16,16],"damage_taken":[{"damage":6.0,"enemies":"Cultist","floor":1.0,"turns":3.0},{"damage":5.0,"enemies":"2 Louse","floor":2.0,"turns":2.0},{"damage":12.0,"enemies":"Small Slimes","floor":4.0,"turns":3.0},{"damage":21.0,"enemies":"2 Fungi Beasts","floor":6.0,"turns":4.0},{"damage":21.0,"enemies":"Gremlin Gang","floor":10.0,"turns":7.0},{"damage":12,"enemies":"Large Slime","floor":14,"turns":6},{"damage":54,"enemies":"The Guardian","floor":16,"turns":11},{"damage":34,"enemies":"3 Byrds","floor":18,"turns":6},{"damage":43,"enemies":"2 Thieves","floor":20,"turns":3}],"seed_played":"-5402794241649346755","potions_obtained":[{"floor":4.0,"key":"LiquidBronze"},{"floor":14,"key":"LiquidBronze"},{"floor":16,"key":"Poison Potion"}],"is_trial":false,"path_per_floor":["M","M","$","M","$","M","R","?","T","M","R","?","?","M","R","B",null,"M","?","M"],"character_chosen":"IRONCLAD","items_purchased":[],"campfire_rested":1,"item_purchase_floors":[],"current_hp_per_floor":[72,72,72,66,66,51,51,51,51,36,36,54,54,48,68,20,69,41,41,0],"gold":101,"neow_bonus":"REMOVE_TWO","is_prod":false,"is_daily":false,"chose_seed":false,"campfire_upgraded":2,"win_rate":0,"timestamp":1559250174,"path_taken":["M","?","$","M","$","M","R","?","T","M","R","?","?","M","R","BOSS","M","?","?"],"build_version":"2019-01-23","purchased_purges":1,"victory":false,"max_hp_per_floor":[72,72,72,72,72,72,72,72,72,72,72,72,69,69,69,69,69,69,69,69],"card_choices":[{"not_picked":["Perfected Strike","Headbutt"],"picked":"Heavy Blade","floor":1.0},{"not_picked":["Armaments","Hemokinesis","Ghostly Armor"],"picked":"SKIP","floor":2.0},{"not_picked":["Corruption","Combust","Searing Blow"],"picked":"SKIP","floor":4.0},{"not_picked":["Intimidate","Cleave","Warcry"],"picked":"SKIP","floor":6.0},{"not_picked":["Immolate","Heavy Blade","Intimidate"],"picked":"SKIP","floor":10.0},{"not_picked":["Searing Blow","Evolve"],"picked":"Shrug It Off","floor":14},{"not_picked":["Disarm","Wild Strike","Clash"],"picked":"SKIP","floor":18}],"player_experience":328705,"relics_obtained":[{"floor":9.0,"key":"Pen Nib"}],"event_choices":[{"damage_healed":0.0,"max_hp_gain":0.0,"max_hp_loss":0.0,"gold_gain":0.0,"event_name":"Golden Idol","player_choice":"Ignored","floor":8.0,"gold_loss":0.0,"damage_taken":0.0},{"damage_healed":18,"gold_gain":0,"player_choice":"Healed and dodged fight","damage_taken":0,"max_hp_gain":0,"max_hp_loss":0,"event_name":"Mushrooms","floor":12,"gold_loss":0,"cards_obtained":["Parasite"]},{"cards_removed":["Parasite"],"damage_healed":0,"gold_gain":0,"player_choice":"Card Removal","damage_taken":0,"max_hp_gain":0,"max_hp_loss":0,"event_name":"The Cleric","floor":13,"gold_loss":50},{"damage_healed":0,"gold_gain":0,"cards_transformed":["Bloodletting"],"player_choice":"Transformed","damage_taken":0,"max_hp_gain":0,"max_hp_loss":0,"event_name":"Transmorgrifier","floor":19,"gold_loss":0,"cards_obtained":["Fiend Fire"]}],"is_beta":false,"boss_relics":[{"not_picked":["Lizard Tail","Velvet Choker"],"picked":"Pandora\u0027s Box"}],"items_purged_floors":[3],"is_endless":false,"potions_floor_spawned":[4,14,16],"killed_by":"2 Thieves","ascension_level":0}