{"gold_per_floor":[115,127,140,140,152,180,194,208,235,251,251,34,34,49,49,170,170,188,204,204,223,244,277,277,297,297,316,341,341,360,1,1,126,126,149,149,174,7,340,340,355,355,408,11,11,24,35,0,0,0],"floor_reached":50,"playtime":4510,"items_purged":[],"score":597,"play_id":"5b7c55bd-2d6c-4c71-b75c-09f08e7c1686","local_time":"20190528191959","is_ascension_mode":false,"campfire_choices":[{"floor":13,"key":"REST"},{"floor":15,"key":"REST"},{"floor":24,"key":"REST"},{"floor":29,"key":"REST"},{"floor":32,"key":"REST"},{"floor":40,"key":"REST"},{"floor":45,"key":"REST"},{"floor":49,"key":"REST"}],"neow_cost":"NONE","seed_source_timestamp":1802076767247,"circlet_count":0,"master_deck":["Strike_R+1","Strike_R","Defend_R","Defend_R","Defend_R","Defend_R","Bash","Feed+1","Immolate+1","Heavy Blade+1","Disarm","Flex","Fire Breathing+1","Iron Wave+1","Bludgeon","Rampage","Shrug It Off","Iron Wave","Wild Strike","Metallicize","Berserk","Twin Strike+1","Iron Wave","Cleave+1","Armaments","Flex","Ghostly Armor","Cleave+1","Shrug It Off+1","Sever Soul+1","Barricade","Cleave+1","Madness","Madness","Sword Boomerang+1","Inflame","Flex","Blind","Twin Strike+1","Metamorphosis","Finesse","Good Instincts","Cleave+1","Inflame+1","Uppercut+1","Armaments+1"],"relics":["Astrolabe","Whetstone","Omamori","HandDrill","Fusion Hammer","Lantern","Kunai","Membership Card","Ancient Tea Set","Strawberry","White Beast Statue","Blood Vial","Bag of Marbles","Ice Cream","ClockworkSouvenir","Prayer Wheel","Red Mask"],"potions_floor_usage":[16,18,18,23,23,25,27,28,35,37,37,46,46,47,50,50],"damage_taken":[{"damage":0,"enemies":"2 Louse","floor":1,"turns":2},{"damage":0,"enemies":"Cultist","floor":2,"turns":2},{"damage":0,"enemies":"Small Slimes","floor":3,"turns":1},{"damage":2,"enemies":"2 Fungi Beasts","floor":5,"turns":3},{"damage":13,"enemies":"3 Sentries","floor":6,"turns":6},{"damage":0,"enemies":"3 Louse","floor":7,"turns":1},{"damage":7,"enemies":"Blue Slaver","floor":8,"turns":3},{"damage":13,"enemies":"Red Slaver","floor":10,"turns":2},{"damage":5,"enemies":"Looter","floor":14,"turns":2},{"damage":30,"enemies":"Hexaghost","floor":16,"turns":11},{"damage":0,"enemies":"Shell Parasite","floor":18,"turns":5},{"damage":19,"enemies":"2 Thieves","floor":19,"turns":3},{"damage":16,"enemies":"3 Cultists","floor":21,"turns":5},{"damage":23,"enemies":"Centurion and Healer","floor":22,"turns":6},{"damage":26,"enemies":"Gremlin Leader","floor":23,"turns":7},{"damage":0,"enemies":"Snake Plant","floor":25,"turns":3},{"damage":7,"enemies":"Snecko","floor":27,"turns":5},{"damage":22,"enemies":"Shelled Parasite and Fungi","floor":28,"turns":5},{"damage":0,"enemies":"3 Cultists","floor":30,"turns":2},{"damage":57,"enemies":"Champ","floor":33,"turns":14},{"damage":23,"enemies":"Orb Walker","floor":35,"turns":5},{"damage":4,"enemies":"3 Shapes","floor":37,"turns":2},{"damage":25,"enemies":"Sphere and 2 Shapes","floor":41,"turns":5},{"damage":16,"enemies":"Jaw Worm Horde","floor":46,"turns":3},{"damage":19,"enemies":"4 Shapes","floor":47,"turns":3},{"damage":122,"enemies":"Donu and Deca","floor":50,"turns":8}],"seed_played":"4466155142957725845","potions_obtained":[{"floor":2,"key":"GamblersBrew"},{"floor":3,"key":"Swift Potion"},{"floor":6,"key":"GamblersBrew"},{"floor":16,"key":"SpeedPotion"},{"floor":21,"key":"SpeedPotion"},{"floor":22,"key":"SpeedPotion"},{"floor":23,"key":"Swift Potion"},{"floor":27,"key":"LiquidBronze"},{"floor":33,"key":"SpeedPotion"},{"floor":35,"key":"EntropicBrew"},{"floor":37,"key":"SteroidPotion"},{"floor":46,"key":"Poison Potion"},{"floor":47,"key":"Fire Potion"}],"is_trial":false,"path_per_floor":["M","M","M","?","M","E","M","M","T","M","?","$","R","M","R","B",null,"M","M","?","M","M","E","R","M","T","M","M","R","M","$","R","B",null,"M","?","M","$","?","R","M","?","T","$","R","M","M","?","R","B"],"character_chosen":"IRONCLAD","items_purchased":["HandDrill","Wild Strike","Membership Card","Ancient Tea Set","Strawberry","Blood Vial","Inflame","Flex","Blind","Ice Cream","ClockworkSouvenir","Prayer Wheel"],"campfire_rested":8,"item_purchase_floors":[12,12,31,31,31,38,38,38,38,44,44,44],"current_hp_per_floor":[80,80,80,80,78,69,69,66,66,57,34,34,61,56,83,53,92,92,77,68,56,33,11,42,42,42,39,17,49,49,56,90,33,115,92,78,74,74,74,108,85,75,75,75,109,95,82,82,117,0],"gold":0,"neow_bonus":"BOSS_RELIC","is_prod":false,"is_daily":false,"chose_seed":false,"campfire_upgraded":0,"win_rate":0.0,"timestamp":1559092799,"path_taken":["M","M","M","?","M","E","M","?","T","M","?","$","R","M","R","BOSS","M","M","?","M","?","E","R","?","T","?","?","R","M","$","R","BOSS","M","?","M","$","?","R","M","?","T","$","R","M","M","?","R","BOSS"],"build_version":"2019-01-23","purchased_purges":0,"victory":false,"max_hp_per_floor":[80,80,80,80,80,84,84,88,88,92,92,92,92,92,92,92,92,92,96,96,100,100,104,104,104,104,108,108,108,108,115,115,115,115,115,115,115,115,115,115,115,115,115,115,115,115,119,119,119,119],"card_choices":[{"not_picked":["Twin Strike","Body Slam"],"picked":"Disarm","floor":1},{"not_picked":["Sword Boomerang","Twin Strike"],"picked":"Flex","floor":2},{"not_picked":["True Grit","Sentinel"],"picked":"Fire Breathing","floor":3},{"not_picked":["Entrench","Cleave"],"picked":"Iron Wave","floor":5},{"not_picked":["Clash","Pummel"],"picked":"Bludgeon","floor":6},{"not_picked":["Combust","Twin Strike"],"picked":"Rampage","floor":7},{"not_picked":["Rage","Headbutt"],"picked":"Shrug It Off","floor":8},{"not_picked":["Cleave","Perfected Strike"],"picked":"Iron Wave","floor":10},{"not_picked":["Body Slam","Flex"],"picked":"Metallicize","floor":14},{"not_picked":["Brutality","Double Tap"],"picked":"Berserk","floor":16},{"not_picked":["Clash","Seeing Red"],"picked":"Twin Strike+1","floor":18},{"not_picked":["Clothesline","Blood for Blood"],"picked":"Iron Wave","floor":19},{"not_picked":["Sever Soul","Anger"],"picked":"Cleave+1","floor":21},{"not_picked":["Anger","Clothesline"],"picked":"Armaments","floor":22},{"not_picked":["Dropkick","Wild Strike"],"picked":"Flex","floor":23},{"not_picked":["Brutality","Iron Wave"],"picked":"Ghostly Armor","floor":25},{"not_picked":["Wild Strike","Infernal Blade"],"picked":"Cleave+1","floor":27},{"not_picked":["Pommel Strike","Cleave"],"picked":"Shrug It Off+1","floor":28},{"not_picked":["Burning Pact","Reckless Charge"],"picked":"Sever Soul+1","floor":30},{"not_picked":["Brutality","Juggernaut"],"picked":"Barricade","floor":33},{"not_picked":["Burning Pact+1","True Grit"],"picked":"Cleave+1","floor":35},{"not_picked":["Reckless Charge+1","True Grit+1"],"picked":"Sword Boomerang+1","floor":37},{"not_picked":["Burning Pact","Battle Trance+1"],"picked":"Twin Strike+1","floor":41},{"not_picked":["Secret Technique","Blind"],"picked":"Metamorphosis","floor":42},{"not_picked":["Blind","Madness"],"picked":"Finesse","floor":42},{"not_picked":["PanicButton","Mayhem"],"picked":"Good Instincts","floor":42},{"not_picked":["Warcry+1","Evolve"],"picked":"Cleave+1","floor":46},{"not_picked":["Headbutt","Sword Boomerang+1"],"picked":"Inflame+1","floor":46},{"not_picked":["Evolve","Body Slam"],"picked":"Uppercut+1","floor":47},{"not_picked":["Clash+1","Cleave"],"picked":"Armaments+1","floor":47}],"player_experience":87860,"relics_obtained":[{"floor":6,"key":"Whetstone"},{"floor":9,"key":"Omamori"},{"floor":23,"key":"Lantern"},{"floor":26,"key":"Kunai"},{"floor":43,"key":"Bag of Marbles"}],"event_choices":[{"damage_healed":0,"gold_gain":0,"player_choice":"Upgraded","damage_taken":0,"max_hp_gain":0,"max_hp_loss":0,"event_name":"Upgrade Shrine","floor":4,"gold_loss":0,"cards_upgraded":["Fire Breathing"]},{"damage_healed":0,"gold_gain":0,"player_choice":"Take Damage","damage_taken":23,"relics_obtained":["Golden Idol"],"max_hp_gain":0,"max_hp_loss":0,"event_name":"Golden Idol","floor":11,"gold_loss":0},{"damage_healed":0,"gold_gain":0,"player_choice":"Damaged","damage_taken":9,"max_hp_gain":0,"max_hp_loss":0,"event_name":"Wheel of Change","floor":20,"gold_loss":0},{"damage_healed":0,"gold_gain":0,"player_choice":"Embrace Madness","damage_taken":14,"max_hp_gain":0,"max_hp_loss":0,"event_name":"Winding Halls","floor":36,"gold_loss":0,"cards_obtained":["Madness","Madness"]},{"damage_healed":0,"gold_gain":333,"player_choice":"Gave Idol","damage_taken":0,"max_hp_gain":0,"max_hp_loss":0,"event_name":"The Moai Head","floor":39,"relics_lost":["Golden Idol"],"gold_loss":0},{"damage_healed":0,"gold_gain":0,"player_choice":"Memory 3","damage_taken":10,"max_hp_gain":0,"max_hp_loss":0,"event_name":"SensoryStone","floor":42,"gold_loss":0},{"damage_healed":0,"gold_gain":0,"player_choice":"Paid","damage_taken":0,"relics_obtained":["Red Mask"],"max_hp_gain":0,"max_hp_loss":0,"event_name":"Tomb of Lord Red Mask","floor":48,"gold_loss":35}],"is_beta":false,"boss_relics":[{"not_picked":["Philosopher\u0027s Stone","Orrery"],"picked":"Fusion Hammer"},{"not_picked":["Busted Crown","Velvet Choker"],"picked":"White Beast Statue"}],"items_purged_floors":[],"is_endless":false,"potions_floor_spawned":[2,3,6,16,21,22,23,27,33,35,37,41,46,47],"killed_by":"Donu and Deca","ascension_level":0}