{"gold_per_floor":[116,130,55,67,67,67,67,142,169,269,283,38,55,55,55,55],"floor_reached":16,"playtime":445,"items_purged":["Strike_R","Strike_R"],"score":135,"play_id":"e360a6f9-f390-474c-b0f8-f8e34cc70674","local_time":"20190522133724","is_ascension_mode":true,"campfire_choices":[{"data":"Inflame","floor":6,"key":"SMITH"},{"data":"Bash","floor":15,"key":"SMITH"}],"neow_cost":"TEN_PERCENT_HP_LOSS","seed_source_timestamp":229318706136373,"circlet_count":0,"master_deck":["AscendersBane","Strike_R","Strike_R","Strike_R","Defend_R","Defend_R","Defend_R","Bash+1","Reaper","Inflame+1"],"relics":["Burning Blood","Happy Flower","Vajra"],"potions_floor_usage":[11,16],"damage_taken":[{"damage":18,"enemies":"Jaw Worm","floor":1,"turns":4},{"damage":26,"enemies":"Small Slimes","floor":2,"turns":3},{"damage":6,"enemies":"Cultist","floor":4,"turns":3},{"damage":20,"enemies":"Lots of Slimes","floor":11,"turns":4},{"damage":11,"enemies":"2 Fungi Beasts","floor":13,"turns":3},{"damage":63,"enemies":"The Guardian","floor":16,"turns":9}],"seed_played":"2836832113546156075","potions_obtained":[{"floor":2,"key":"Fire Potion"},{"floor":4,"key":"Weak Potion"}],"is_trial":false,"path_per_floor":["M","M","$","M","?","R","$","?","T","?","M","$","M","$","R","B"],"character_chosen":"IRONCLAD","items_purchased":["Vajra"],"campfire_rested":0,"item_purchase_floors":[12],"current_hp_per_floor":[64,52,52,52,45,45,45,34,34,34,40,40,51,51,51,0],"gold":55,"neow_bonus":"THREE_RARE_CARDS","is_prod":false,"is_daily":false,"chose_seed":false,"campfire_upgraded":2,"win_rate":0,"timestamp":1558521444,"path_taken":["M","M","$","M","?","R","$","?","T","?","M","$","?","?","R","BOSS"],"build_version":"2019-01-23","purchased_purges":2,"victory":false,"max_hp_per_floor":[72,72,72,72,72,72,72,72,72,72,72,72,72,72,72,72],"card_choices":[{"not_picked":["Bludgeon","Impervious"],"picked":"Reaper","floor":0},{"not_picked":["Body Slam","Rampage","Hemokinesis"],"picked":"SKIP","floor":1},{"not_picked":["Perfected Strike","Uppercut"],"picked":"Inflame","floor":2},{"not_picked":["Heavy Blade","Hemokinesis","Blood for Blood"],"picked":"SKIP","floor":4},{"not_picked":["Headbutt","Shrug It Off","Entrench"],"picked":"SKIP","floor":11},{"not_picked":["Ghostly Armor","Searing Blow","Iron Wave"],"picked":"SKIP","floor":13}],"player_experience":309674,"relics_obtained":[{"floor":9,"key":"Happy Flower"}],"event_choices":[{"cards_removed":["Defend_R"],"damage_healed":0,"gold_gain":0,"player_choice":"Card Removal","damage_taken":7,"max_hp_gain":0,"max_hp_loss":0,"event_name":"Golden Wing","floor":5,"gold_loss":0},{"damage_healed":0,"gold_gain":75,"player_choice":"Gather Gold","damage_taken":11,"max_hp_gain":0,"max_hp_loss":0,"event_name":"World of Goop","floor":8,"gold_loss":0},{"damage_healed":0,"gold_gain":100,"player_choice":"Pray","damage_taken":0,"max_hp_gain":0,"max_hp_loss":0,"event_name":"Golden Shrine","floor":10,"gold_loss":0}],"is_beta":false,"boss_relics":[],"items_purged_floors":[3,12],"is_endless":false,"potions_floor_spawned":[2,4],"killed_by":"The Guardian","ascension_level":10}