{"gold_per_floor":[117,130,142,161,178,178,193,207,507,520,520,22,22,35,35,131,131,143,157,157,157,176,176,176,196,196,196,196],"floor_reached":28,"playtime":1965,"items_purged":[],"score":236,"play_id":"f2054a43-4d95-4091-88e4-9263016e3298","local_time":"20190518132028","is_ascension_mode":false,"campfire_choices":[{"data":"Cleave","floor":6,"key":"SMITH"},{"floor":11,"key":"REST"},{"data":"Shrug It Off","floor":15,"key":"SMITH"},{"floor":24,"key":"REST"}],"neow_cost":"NONE","seed_source_timestamp":109909448791731,"circlet_count":0,"master_deck":["Strike_R","Strike_R","Strike_R","Strike_R","Strike_R","Defend_R","Defend_R","Defend_R","Defend_R","Bash","Pommel Strike","Cleave+1","Perfected Strike","Iron Wave","Uppercut","Flex","Blood for Blood","Pummel","Shrug It Off+1","Sever Soul","Impervious","Armaments+1","Flex+1","Clothesline","Ghostly Armor","Decay"],"relics":["Black Blood","NeowsBlessing","Old Coin","Letter Opener","Sling","MutagenicStrength","Sundial"],"potions_floor_usage":[16,16,16,23],"damage_taken":[{"damage":0,"enemies":"Small Slimes","floor":1,"turns":1},{"damage":0,"enemies":"Jaw Worm","floor":2,"turns":1},{"damage":0,"enemies":"Cultist","floor":3,"turns":1},{"damage":14,"enemies":"Blue Slaver","floor":4,"turns":3},{"damage":5,"enemies":"Lots of Slimes","floor":5,"turns":3},{"damage":10,"enemies":"Exordium Wildlife","floor":7,"turns":5},{"damage":0,"enemies":"2 Fungi Beasts","floor":8,"turns":3},{"damage":27,"enemies":"Exordium Thugs","floor":10,"turns":4},{"damage":0,"enemies":"Exordium Wildlife","floor":14,"turns":2},{"damage":51,"enemies":"The Guardian","floor":16,"turns":11},{"damage":9,"enemies":"Chosen","floor":18,"turns":5},{"damage":2,"enemies":"3 Byrds","floor":19,"turns":6},{"damage":36,"enemies":"Centurion and Healer","floor":22,"turns":7},{"damage":62,"enemies":"Book of Stabbing","floor":23,"turns":7},{"damage":37,"enemies":"Shelled Parasite and Fungi","floor":25,"turns":10},{"damage":15,"enemies":"3 Cultists","floor":28,"turns":3}],"seed_played":"-1155408283614167076","potions_obtained":[{"floor":2,"key":"SkillPotion"},{"floor":7,"key":"Energy Potion"},{"floor":10,"key":"PowerPotion"},{"floor":14,"key":"FearPotion"},{"floor":16,"key":"SmokeBomb"},{"floor":22,"key":"FairyPotion"}],"is_trial":false,"path_per_floor":["M","M","M","M","M","R","M","M","T","M","R","$","?","M","R","B",null,"M","M","?","?","M","E","R","M","T","?","M"],"character_chosen":"IRONCLAD","items_purchased":["Letter Opener","Sling","Shrug It Off"],"campfire_rested":2,"item_purchase_floors":[12,12,12],"current_hp_per_floor":[80,80,80,72,73,73,69,75,75,54,78,78,78,80,80,35,80,80,80,80,80,54,18,42,15,15,15,0],"gold":196,"neow_bonus":"THREE_ENEMY_KILL","is_prod":false,"is_daily":false,"chose_seed":false,"campfire_upgraded":2,"win_rate":0.0,"timestamp":1558207228,"path_taken":["M","M","M","M","M","R","M","M","T","M","R","$","?","M","R","BOSS","M","M","?","?","M","E","R","M","T","?","M"],"build_version":"2019-01-23","purchased_purges":0,"victory":false,"max_hp_per_floor":[80,80,80,80,80,80,80,80,80,80,80,80,80,80,80,80,80,80,80,80,80,80,80,80,80,80,80,80],"card_choices":[{"not_picked":["Body Slam","Headbutt"],"picked":"Pommel Strike","floor":1},{"not_picked":["Warcry","Rupture"],"picked":"Cleave","floor":2},{"not_picked":["Warcry","Feel No Pain"],"picked":"Perfected Strike","floor":3},{"not_picked":["Clash","Hemokinesis"],"picked":"Iron Wave","floor":4},{"not_picked":["Thunderclap","Clash"],"picked":"Uppercut","floor":5},{"not_picked":["Twin Strike","Pommel Strike"],"picked":"Flex","floor":7},{"not_picked":["Combust","Entrench"],"picked":"Blood for Blood","floor":8},{"not_picked":["Dual Wield","Battle Trance"],"picked":"Pummel","floor":10},{"not_picked":["Perfected Strike","Anger"],"picked":"Sever Soul","floor":14},{"not_picked":["Dark Embrace","Offering"],"picked":"Impervious","floor":16},{"not_picked":["Anger","Inflame"],"picked":"Armaments+1","floor":18},{"not_picked":["True Grit","Rupture"],"picked":"Flex+1","floor":19},{"not_picked":["Headbutt+1","Fire Breathing"],"picked":"Clothesline","floor":22},{"not_picked":["Barricade","Clash"],"picked":"Ghostly Armor","floor":25}],"player_experience":19711,"relics_obtained":[{"floor":9,"key":"Old Coin"},{"floor":26,"key":"Sundial"}],"event_choices":[{"damage_healed":0,"gold_gain":0,"player_choice":"Searched \u00270\u0027 times","damage_taken":0,"max_hp_gain":0,"max_hp_loss":0,"event_name":"Dead Adventurer","floor":13,"gold_loss":0},{"damage_healed":0,"gold_gain":0,"player_choice":"Ignored","damage_taken":0,"max_hp_gain":0,"max_hp_loss":0,"event_name":"The Mausoleum","floor":20,"gold_loss":0},{"damage_healed":0,"gold_gain":0,"player_choice":"Inject Mutagens","damage_taken":0,"relics_obtained":["MutagenicStrength"],"max_hp_gain":0,"max_hp_loss":0,"event_name":"Drug Dealer","floor":21,"gold_loss":0},{"damage_healed":0,"gold_gain":0,"player_choice":"Smashed Altar","damage_taken":0,"max_hp_gain":0,"max_hp_loss":0,"event_name":"Forgotten Altar","floor":27,"gold_loss":0,"cards_obtained":["Decay"]}],"is_beta":false,"boss_relics":[{"not_picked":["Mark of Pain","Cursed Key"],"picked":"Black Blood"}],"items_purged_floors":[],"is_endless":false,"potions_floor_spawned":[2,7,10,14,16,22,23],"killed_by":"3 Cultists","ascension_level":0}