{"path_per_floor":["M","M","M","M","M","E","R","E","T","R","E","?","M","M","R","B",null,"M","$","M","?","M"],"character_chosen":"IRONCLAD","items_purchased":["Shrug It Off","Cleave","Bag of Preparation","Fire Potion"],"gold_per_floor":[142,155,169,180,193,222,222,257,257,257,285,343,353,371,371,467,467,487,133,144,144,161,161],"floor_reached":23,"campfire_rested":3,"playtime":1206,"item_purchase_floors":[19,19,19,19],"current_hp_per_floor":[78,76,73,46,41,16,43,25,25,52,32,32,14,10,52,33,92,72,72,62,53,34,0],"items_purged":["Strike_R"],"gold":161,"score":258,"play_id":"026d5b2c-8382-46b4-ba6c-81348bb4f835","local_time":"20180609001928","is_prod":false,"is_daily":false,"chose_seed":false,"is_ascension_mode":true,"campfire_upgraded":0,"win_rate":0,"timestamp":1528474768,"campfire_choices":[{"floor":7,"key":"REST"},{"floor":10,"key":"REST"},{"floor":15,"key":"REST"}],"path_taken":["M","M","M","M","M","E","R","E","T","R","E","?","M","M","R","BOSS","M","$","M","?","M","E"],"build_version":"2018-06-07","seed_source_timestamp":1768547398025141,"purchased_purges":1,"victory":false,"master_deck":["Strike_R","Strike_R","Strike_R","Strike_R+1","Defend_R","Defend_R","Defend_R","Defend_R","Bash+1","Pommel Strike+1","Pommel Strike","Inflame","Flame Barrier","Shrug It Off","True Grit","Thunderclap","True Grit","Demon Form","Shrug It Off","Cleave","Metallicize+1"],"max_hp_per_floor":[85,85,85,85,85,92,92,92,92,92,92,92,92,92,92,92,92,92,92,92,92,92,92],"relics":["Tiny House","Strawberry","Whetstone","Vajra","Regal Pillow","Mark of Pain","Bag of Preparation"],"card_choices":[{"not_picked":["Armaments","Clothesline"],"picked":"Pommel Strike","floor":0},{"not_picked":["Rupture","Sever Soul"],"picked":"Pommel Strike","floor":1},{"not_picked":["Pommel Strike","Evolve","Combust"],"picked":"SKIP","floor":2},{"not_picked":["Seeing Red","Corruption"],"picked":"Inflame","floor":3},{"not_picked":["Pommel Strike","Hemokinesis"],"picked":"Flame Barrier","floor":4},{"not_picked":["Feel No Pain","Heavy Blade"],"picked":"Shrug It Off","floor":5},{"not_picked":["Bludgeon","Juggernaut"],"picked":"True Grit","floor":6},{"not_picked":["Clash","Twin Strike"],"picked":"Thunderclap","floor":8},{"not_picked":["Body Slam","Uppercut","Combust"],"picked":"SKIP","floor":11},{"not_picked":["Searing Blow","Flex"],"picked":"True Grit","floor":13},{"not_picked":["Fire Breathing","True Grit","Clash"],"picked":"SKIP","floor":14},{"not_picked":["Bludgeon","Exhume"],"picked":"Demon Form","floor":16},{"not_picked":["Thunderclap","Second Wind+1","Warcry"],"picked":"SKIP","floor":18},{"not_picked":["Flame Barrier","Body Slam"],"picked":"Metallicize+1","floor":20},{"not_picked":["Warcry","Flex","Cleave"],"picked":"SKIP","floor":22}],"player_experience":99107,"potions_floor_usage":[16,16,22,22,23],"damage_taken":[{"damage":7,"enemies":"Small Slimes","floor":1,"turns":3},{"damage":2,"enemies":"Jaw Worm","floor":2,"turns":3},{"damage":3,"enemies":"2 Louse","floor":3,"turns":2},{"damage":27,"enemies":"Exordium Thugs","floor":4,"turns":5},{"damage":5,"enemies":"3 Louse","floor":5,"turns":5},{"damage":32,"enemies":"Gremlin Nob","floor":6,"turns":4},{"damage":18,"enemies":"3 Sentries","floor":8,"turns":10},{"damage":20,"enemies":"Lagavulin","floor":11,"turns":7},{"damage":18,"enemies":"Large Slime","floor":13,"turns":4},{"damage":4,"enemies":"Blue Slaver","floor":14,"turns":4},{"damage":19,"enemies":"Slime Boss","floor":16,"turns":8},{"damage":20,"enemies":"Spheric Guardian","floor":18,"turns":4},{"damage":10,"enemies":"Shell Parasite","floor":20,"turns":7},{"damage":19,"enemies":"Chosen and Byrds","floor":22,"turns":9},{"damage":39,"enemies":"Book of Stabbing","floor":23,"turns":5}],"relics_obtained":[{"floor":6,"key":"Strawberry"},{"floor":8,"key":"Whetstone"},{"floor":9,"key":"Vajra"},{"floor":11,"key":"Regal Pillow"}],"event_choices":[{"event_name":"Golden Wing","player_choice":"Gained Gold","floor":12,"damage_taken":0},{"event_name":"Cursed Tome","player_choice":"Stopped","floor":21,"damage_taken":0}],"boss_relics":[{"not_picked":["Black Star","Velvet Choker"],"picked":"Mark of Pain"}],"items_purged_floors":[19],"potions_floor_spawned":[2,4,8,11,13,14,18],"seed_played":"4424557412300581720","killed_by":"Book of Stabbing","ascension_level":4,"potions_obtained":[{"floor":0,"key":"Weak Potion"},{"floor":2,"key":"FairyPotion"},{"floor":4,"key":"Poison Potion"},{"floor":8,"key":"SteroidPotion"},{"floor":11,"key":"Block Potion"},{"floor":13,"key":"Dexterity Potion"},{"floor":18,"key":"Poison Potion"}],"is_trial":false}