{"gold_per_floor":[216,216,234,249,45,80,80,114,141,154,172,172,198,66,66,139,139,119,10,10,27,47,47,59,59,86,113,75,87,134,161,173,261,273,299,45,0,16,16,16,33,33,56,56,72,87,87,102,102,102],"floor_reached":50,"playtime":3582,"items_purged":["Strike_R"],"score":895,"play_id":"dabdbb5e-1147-4220-8747-115762f3fd3a","local_time":"20190604120139","is_ascension_mode":true,"campfire_choices":[{"data":"Bash","floor":7.0,"key":"SMITH"},{"data":"Clothesline","floor":12.0,"key":"SMITH"},{"floor":15.0,"key":"REST"},{"floor":23.0,"key":"REST"},{"data":"Armaments","floor":25.0,"key":"SMITH"},{"floor":32.0,"key":"REST"},{"data":"Limit Break","floor":40.0,"key":"SMITH"},{"data":"Feel No Pain","floor":42.0,"key":"SMITH"},{"floor":49,"key":"REST"}],"neow_cost":"NONE","seed_source_timestamp":0,"circlet_count":0,"master_deck":["AscendersBane","Defend_R","Defend_R","Defend_R+1","Defend_R","Bash+1","Twin Strike","Impervious+1","Limit Break+1","Clothesline+1","Headbutt","Inflame","Offering","Armaments+1","Impervious","Feel No Pain+1","Metallicize","Seeing Red","Armaments","Barricade","Carnage+1","Rupture+1","Inflame+1","Infernal Blade+1","PanicButton","Shrug It Off","Sword Boomerang+1","Pommel Strike+1","Parasite","Entrench"],"special_seed":0,"relics":["Burning Blood","Centennial Puzzle","Ancient Tea Set","Juzu Bracelet","Regal Pillow","Philosopher\u0027s Stone","MawBank","Ornamental Fan","Astrolabe","War Paint","Red Mask","Bag of Preparation"],"potions_floor_usage":[],"damage_taken":[{"damage":7.0,"enemies":"Small Slimes","floor":1.0,"turns":4.0},{"damage":7.0,"enemies":"Cultist","floor":3.0,"turns":4.0},{"damage":12.0,"enemies":"Jaw Worm","floor":4.0,"turns":5.0},{"damage":16.0,"enemies":"Gremlin Nob","floor":6.0,"turns":3.0},{"damage":28.0,"enemies":"Lagavulin","floor":8.0,"turns":5.0},{"damage":7.0,"enemies":"Looter","floor":10.0,"turns":3.0},{"damage":8.0,"enemies":"3 Louse","floor":11.0,"turns":3.0},{"damage":6.0,"enemies":"Gremlin Nob","floor":13.0,"turns":3.0},{"damage":20.0,"enemies":"Slime Boss","floor":16.0,"turns":12.0},{"damage":12.0,"enemies":"2 Thieves","floor":18.0,"turns":4.0},{"damage":12.0,"enemies":"Shell Parasite","floor":21.0,"turns":3.0},{"damage":43.0,"enemies":"Sentry and Sphere","floor":22.0,"turns":8.0},{"damage":29.0,"enemies":"Snake Plant","floor":24.0,"turns":4.0},{"damage":15.0,"enemies":"Centurion and Healer","floor":27.0,"turns":5.0},{"damage":14.0,"enemies":"Book of Stabbing","floor":30.0,"turns":4.0},{"damage":8.0,"enemies":"Cultist and Chosen","floor":31.0,"turns":5.0},{"damage":63.0,"enemies":"Automaton","floor":33.0,"turns":12.0},{"damage":18.0,"enemies":"Orb Walker","floor":35.0,"turns":4.0},{"damage":21.0,"enemies":"3 Darklings","floor":38.0,"turns":10.0},{"damage":1.0,"enemies":"4 Shapes","floor":41.0,"turns":10.0},{"damage":6.0,"enemies":"Transient","floor":45.0,"turns":6.0},{"damage":26.0,"enemies":"Spire Growth","floor":46.0,"turns":8.0},{"damage":6,"enemies":"Writhing Mass","floor":48,"turns":7},{"damage":54,"enemies":"Donu and Deca","floor":50,"turns":8}],"seed_played":"-8348816095980621668","potions_obtained":[{"floor":4.0,"key":"FearPotion"},{"floor":6.0,"key":"Block Potion"},{"floor":8.0,"key":"Fire Potion"},{"floor":13.0,"key":"PowerPotion"},{"floor":16.0,"key":"Poison Potion"},{"floor":30.0,"key":"Block Potion"},{"floor":31.0,"key":"Swift Potion"},{"floor":38.0,"key":"Fire Potion"}],"is_trial":false,"path_per_floor":["M","?","M","M","$","E","R","E","T","M","M","R","E","$","R","B",null,"M","$","?","M","M","R","M","R","T","M","?","?","E","M","R","B",null,"M","$","?","M","$","R","M","R","T","?","M","M","?","M","R","B"],"character_chosen":"IRONCLAD","items_purchased":["Dropkick","AttackPotion","Inflame","Dexterity Potion","Strength Potion","Explosive Potion","PanicButton","War Paint"],"campfire_rested":4,"item_purchase_floors":[5,5,14,14,19,19,36,36],"current_hp_per_floor":[67,67,66,60,60,50,50,28,28,27,25,25,25,25,62,48,68,62,62,62,56,19,56,33,33,33,24,24,39,31,29,66,9,59,47,47,47,32,32,32,37,37,37,37,37,17,17,17,53,0],"gold":102,"neow_bonus":"HUNDRED_GOLD","is_prod":false,"is_daily":false,"chose_seed":false,"campfire_upgraded":5,"win_rate":0,"timestamp":1559667699,"path_taken":["M","?","M","M","$","E","R","E","T","M","M","R","E","$","R","BOSS","M","$","?","M","M","R","M","R","T","M","?","?","E","M","R","BOSS","M","$","?","M","$","R","M","R","T","?","M","M","?","M","R","BOSS"],"build_version":"2019-01-23","purchased_purges":1,"victory":false,"max_hp_per_floor":[75,75,75,75,75,75,75,75,75,75,75,75,75,75,75,75,75,75,75,75,75,75,75,75,75,75,75,75,75,75,75,75,75,75,75,75,75,75,75,75,75,75,75,75,75,75,71,71,71,71],"card_choices":[{"not_picked":["Havoc","Rupture","Iron Wave"],"picked":"SKIP","floor":1.0},{"not_picked":["Warcry","Iron Wave","Body Slam"],"picked":"SKIP","floor":3.0},{"not_picked":["Hemokinesis","Anger"],"picked":"Twin Strike","floor":4.0},{"not_picked":["Seeing Red","Warcry"],"picked":"Impervious","floor":6.0},{"not_picked":["Anger","Wild Strike"],"picked":"Limit Break","floor":8.0},{"not_picked":["Havoc","Rupture"],"picked":"Clothesline","floor":10.0},{"not_picked":["Body Slam","Anger"],"picked":"Headbutt","floor":11.0},{"not_picked":["Headbutt","Flex","Berserk"],"picked":"SKIP","floor":13.0},{"not_picked":["Double Tap","Reaper"],"picked":"Offering","floor":16.0},{"not_picked":["Cleave","Clash"],"picked":"Armaments","floor":18.0},{"not_picked":["Clash","Headbutt"],"picked":"Feel No Pain","floor":21.0},{"not_picked":["Sever Soul","Warcry","Evolve"],"picked":"SKIP","floor":22.0},{"not_picked":["Sever Soul","Bludgeon"],"picked":"Metallicize","floor":24.0},{"not_picked":["Anger","Cleave","Iron Wave"],"picked":"SKIP","floor":27.0},{"not_picked":["Berserk","Bloodletting"],"picked":"Seeing Red","floor":30.0},{"not_picked":["Entrench","Cleave"],"picked":"Armaments","floor":31.0},{"not_picked":["Exhume","Berserk"],"picked":"Barricade","floor":33.0},{"not_picked":["Body Slam","Second Wind"],"picked":"Infernal Blade+1","floor":35.0},{"not_picked":["Intimidate","Entrench"],"picked":"Shrug It Off","floor":38.0},{"not_picked":["Pummel","Thunderclap+1","Iron Wave"],"picked":"SKIP","floor":41.0},{"not_picked":["True Grit","Headbutt"],"picked":"Sword Boomerang+1","floor":45.0},{"not_picked":["Clash+1","Cleave"],"picked":"Pommel Strike+1","floor":46.0},{"not_picked":["Armaments","Warcry"],"picked":"Entrench","floor":48}],"player_experience":515460,"relics_obtained":[{"floor":6.0,"key":"Centennial Puzzle"},{"floor":8.0,"key":"Ancient Tea Set"},{"floor":9.0,"key":"Juzu Bracelet"},{"floor":13.0,"key":"Regal Pillow"},{"floor":26.0,"key":"MawBank"},{"floor":30.0,"key":"Ornamental Fan"},{"floor":43.0,"key":"Bag of Preparation"}],"event_choices":[{"cards_removed":["Strike_R"],"damage_healed":0.0,"max_hp_gain":0.0,"max_hp_loss":0.0,"gold_gain":0.0,"event_name":"Purifier","player_choice":"Purged","floor":2.0,"gold_loss":0.0,"damage_taken":0.0},{"damage_healed":0.0,"max_hp_gain":0.0,"max_hp_loss":0.0,"gold_gain":0.0,"event_name":"Duplicator","player_choice":"Copied","floor":20.0,"gold_loss":0.0,"damage_taken":0.0,"cards_obtained":["Impervious"]},{"damage_healed":0.0,"max_hp_gain":0.0,"max_hp_loss":0.0,"gold_gain":0.0,"event_name":"The Joust","player_choice":"Bet on Owner","floor":28.0,"gold_loss":50.0,"damage_taken":0.0},{"damage_healed":15.0,"max_hp_gain":0.0,"max_hp_loss":0.0,"gold_gain":0.0,"event_name":"The Library","player_choice":"Heal","floor":29.0,"gold_loss":0.0,"damage_taken":0.0},{"damage_healed":0.0,"max_hp_gain":0.0,"max_hp_loss":0.0,"gold_gain":0.0,"event_name":"Tomb of Lord Red Mask","player_choice":"Paid","floor":37.0,"gold_loss":45.0,"damage_taken":0.0,"relics_obtained":["Red Mask"]},{"cards_removed":["Dropkick"],"damage_healed":0.0,"max_hp_gain":0.0,"max_hp_loss":0.0,"gold_gain":0.0,"event_name":"Falling","player_choice":"Removed Attack","floor":44.0,"gold_loss":0.0,"damage_taken":0.0},{"damage_healed":0.0,"max_hp_gain":0.0,"max_hp_loss":4.0,"gold_gain":0.0,"event_name":"Winding Halls","player_choice":"Max HP","floor":47.0,"gold_loss":0.0,"damage_taken":0.0}],"is_beta":false,"boss_relics":[{"not_picked":["Tiny House","Black Blood"],"picked":"Philosopher\u0027s Stone"},{"not_picked":["Pandora\u0027s Box","Black Star"],"picked":"Astrolabe"}],"items_purged_floors":[5],"is_endless":false,"potions_floor_spawned":[4,6,8,13,16,22,24,30,31,38],"killed_by":"Donu and Deca","ascension_level":17}