{"gold_per_floor":[110,124,142,159,47,47,58,58,58,70,82,82,82,52,52,156,156,122,122],"floor_reached":19,"playtime":1565,"items_purged":[],"score":209,"play_id":"9dc17a9e-1e1c-4783-8d02-af92e87ac3be","local_time":"20180815223334","is_ascension_mode":true,"campfire_choices":[{"data":"Power Through","floor":6,"key":"SMITH"},{"data":"Barricade","floor":8,"key":"SMITH"},{"floor":13,"key":"REST"},{"data":"Evolve","floor":15,"key":"SMITH"}],"neow_cost":"PERCENT_DAMAGE","seed_source_timestamp":214947155678012,"circlet_count":0,"master_deck":["Strike_R","Strike_R","Strike_R","Strike_R","Strike_R","Defend_R","Defend_R","Defend_R","Defend_R","Bash","Barricade+1","Iron Wave","Thunderclap","Power Through+1","Feel No Pain","Armaments+1","Evolve+1","Demon Form"],"relics":["Burning Blood","Gremlin Horn","Philosopher\u0027s Stone"],"potions_floor_usage":[4,11,16,16,18,18],"damage_taken":[{"damage":15,"enemies":"Cultist","floor":1,"turns":5},{"damage":7,"enemies":"Jaw Worm","floor":2,"turns":4},{"damage":7,"enemies":"2 Louse","floor":3,"turns":2},{"damage":14,"enemies":"Lots of Slimes","floor":4,"turns":5},{"damage":0,"enemies":"Large Slime","floor":7,"turns":6},{"damage":10,"enemies":"Blue Slaver","floor":10,"turns":6},{"damage":18,"enemies":"Exordium Thugs","floor":11,"turns":9},{"damage":11,"enemies":"The Guardian","floor":16,"turns":19},{"damage":52,"enemies":"2 Thieves","floor":18,"turns":5},{"damage":37,"enemies":"Spheric Guardian","floor":19,"turns":3}],"seed_played":"-1402146290442733499","potions_obtained":[{"floor":2,"key":"Regen Potion"},{"floor":4,"key":"EssenceOfSteel"},{"floor":11,"key":"Poison Potion"},{"floor":14,"key":"Explosive Potion"},{"floor":14,"key":"Block Potion"},{"floor":16,"key":"AttackPotion"},{"floor":18,"key":"Weak Potion"}],"is_trial":false,"path_per_floor":["M","M","M","M","$","R","M","R","T","M","M","?","R","?","R","B",null,"M"],"character_chosen":"IRONCLAD","items_purchased":["Power Through","Feel No Pain"],"campfire_rested":1,"item_purchase_floors":[5,5],"current_hp_per_floor":[42,41,40,46,46,46,52,52,52,48,36,36,60,60,60,55,74,28,0],"gold":122,"neow_bonus":"THREE_RARE_CARDS","is_prod":false,"is_daily":false,"chose_seed":false,"campfire_upgraded":3,"win_rate":0,"timestamp":1534361614,"path_taken":["M","M","?","M","$","R","M","R","T","?","?","?","R","?","R","BOSS","M","M"],"build_version":"2018-08-09","purchased_purges":0,"victory":false,"max_hp_per_floor":[80,80,80,80,80,80,80,80,80,80,80,80,80,80,80,80,80,80,80],"card_choices":[{"not_picked":["Offering","Double Tap"],"picked":"Barricade","floor":0},{"not_picked":["True Grit","Perfected Strike","Wild Strike"],"picked":"SKIP","floor":1},{"not_picked":["Uppercut","Cleave"],"picked":"Iron Wave","floor":2},{"not_picked":["Sword Boomerang","Cleave"],"picked":"Thunderclap","floor":3},{"not_picked":["Twin Strike","Feed","Pommel Strike"],"picked":"SKIP","floor":4},{"not_picked":["Disarm","Havoc"],"picked":"Armaments","floor":7},{"not_picked":["Rampage","Fire Breathing"],"picked":"Evolve","floor":10},{"not_picked":["Sword Boomerang","Spot Weakness","Wild Strike"],"picked":"SKIP","floor":11},{"not_picked":["Sword Boomerang","Spot Weakness","Wild Strike"],"picked":"SKIP","floor":11},{"not_picked":["Feed","Brutality"],"picked":"Demon Form","floor":16},{"not_picked":["Clothesline","Wild Strike","Cleave"],"picked":"SKIP","floor":18}],"player_experience":203893,"relics_obtained":[{"floor":9,"key":"Gremlin Horn"}],"event_choices":[{"event_name":"Living Wall","player_choice":"Grow","floor":12,"damage_taken":0},{"event_name":"The Woman in Blue","player_choice":"Bought 2 Potions","floor":14,"damage_taken":0}],"is_beta":false,"boss_relics":[{"not_picked":["Lizard Tail","Runic Dome"],"picked":"Philosopher\u0027s Stone"}],"items_purged_floors":[],"is_endless":false,"potions_floor_spawned":[2,4,11,16,18],"killed_by":"Spheric Guardian","ascension_level":6}