{"gold_per_floor":[216,21,32,47,122,122,133,162,186,202,202,202,202,229,229,229],"floor_reached":16,"playtime":617,"items_purged":[],"score":204,"play_id":"626a27b3-a8f1-4240-a898-0a25058c2c2b","local_time":"20190531141625","is_ascension_mode":true,"campfire_choices":[{"data":"Uppercut","floor":6.0,"key":"SMITH"},{"data":"Pommel Strike","floor":11.0,"key":"SMITH"},{"floor":13.0,"key":"REST"},{"floor":15.0,"key":"REST"}],"neow_cost":"NONE","seed_source_timestamp":1126026763247214,"circlet_count":0,"master_deck":["AscendersBane","Strike_R","Strike_R","Strike_R","Strike_R","Defend_R","Defend_R","Defend_R","Defend_R","Bash","Pommel Strike+1","Master of Strategy","Uppercut+1","Shrug It Off","Shrug It Off","Rupture"],"special_seed":0,"relics":["Burning Blood","Oddly Smooth Stone","Juzu Bracelet","Boot"],"potions_floor_usage":[16],"damage_taken":[{"damage":11.0,"enemies":"Jaw Worm","floor":1.0,"turns":4.0},{"damage":4.0,"enemies":"2 Louse","floor":3.0,"turns":3.0},{"damage":22.0,"enemies":"Small Slimes","floor":4.0,"turns":4.0},{"damage":5.0,"enemies":"2 Fungi Beasts","floor":7.0,"turns":4.0},{"damage":18.0,"enemies":"Gremlin Nob","floor":8.0,"turns":4.0},{"damage":9.0,"enemies":"3 Louse","floor":10.0,"turns":4.0},{"damage":28.0,"enemies":"Lagavulin","floor":14.0,"turns":7.0},{"damage":51,"enemies":"Slime Boss","floor":16,"turns":8}],"seed_played":"-9017214928644980252","potions_obtained":[{"floor":1.0,"key":"PowerPotion"},{"floor":7.0,"key":"AttackPotion"}],"is_trial":false,"path_per_floor":["M","$","M","M","?","R","M","E","T","M","R","?","R","E","R","B"],"character_chosen":"IRONCLAD","items_purchased":["Master of Strategy"],"campfire_rested":2,"item_purchase_floors":[2],"current_hp_per_floor":[63,63,65,49,38,38,39,27,27,24,24,24,46,24,46,0],"gold":229,"neow_bonus":"HUNDRED_GOLD","is_prod":false,"is_daily":false,"chose_seed":false,"campfire_upgraded":2,"win_rate":0,"timestamp":1559330185,"path_taken":["M","$","M","M","?","R","M","E","T","M","R","?","R","E","R","BOSS"],"build_version":"2019-01-23","purchased_purges":0,"victory":false,"max_hp_per_floor":[75,75,75,75,75,75,75,75,75,75,75,75,75,75,75,75],"card_choices":[{"not_picked":["Disarm","Uppercut"],"picked":"Pommel Strike","floor":1.0},{"not_picked":["Infernal Blade","Clothesline"],"picked":"Uppercut","floor":3.0},{"not_picked":["Rupture","Evolve"],"picked":"Shrug It Off","floor":4.0},{"not_picked":["Havoc","Body Slam","Sentinel"],"picked":"SKIP","floor":7.0},{"not_picked":["Sword Boomerang","Double Tap"],"picked":"Shrug It Off","floor":8.0},{"not_picked":["Clothesline","Burning Pact","Sword Boomerang"],"picked":"SKIP","floor":10.0},{"not_picked":["Evolve","Burning Pact"],"picked":"Rupture","floor":14.0}],"player_experience":506315,"relics_obtained":[{"floor":8.0,"key":"Oddly Smooth Stone"},{"floor":9.0,"key":"Juzu Bracelet"},{"floor":14.0,"key":"Boot"}],"event_choices":[{"damage_healed":0.0,"max_hp_gain":0.0,"max_hp_loss":0.0,"gold_gain":75.0,"event_name":"World of Goop","player_choice":"Gather Gold","floor":5.0,"gold_loss":0.0,"damage_taken":11.0},{"cards_removed":["Strike_R"],"damage_healed":0.0,"max_hp_gain":0.0,"max_hp_loss":0.0,"gold_gain":0.0,"event_name":"Living Wall","player_choice":"Forget","floor":12.0,"gold_loss":0.0,"damage_taken":0.0}],"is_beta":false,"boss_relics":[],"items_purged_floors":[],"is_endless":false,"potions_floor_spawned":[1,7],"killed_by":"Slime Boss","ascension_level":17}