{"gold_per_floor":[216,216,236,247,52,52,52,84,103,73,73,73,337,351,381,392,392,493,493,509,520,532,549,346,346],"floor_reached":25,"playtime":1283,"items_purged":["Strike_R"],"score":225,"play_id":"e29ecd90-6a4d-47cd-b4c0-9cbb864136ea","local_time":"20190217011151","is_ascension_mode":false,"campfire_choices":[{"data":"strawberrySpire:Endurance","floor":17.0,"key":"SMITH"}],"neow_cost":"NONE","seed_source_timestamp":123277995408631,"circlet_count":0,"master_deck":["Strike_R","Strike_R","Strike_R","Defend_R","Defend_R","Defend_R","Defend_R","Bash","Whirlwind+1","strawberrySpire:Endurance+1","Offering","Flex","Reaper"],"special_seed":0,"relics":["Burning Blood","Seething Fire","Hammer of Thor","Anvil of the Gods","Sling","infinitespire:Joker Card","Mercury Hourglass","Boot","hubris:MedicalManual","Replay:Grab Bag","hubris:TerracottaHorce","Sozu","Eternal Feather","hubris:Stopwatch"],"potions_floor_usage":[],"damage_taken":[{"damage":1.0,"enemies":"2 Louse","floor":1.0,"turns":3.0},{"damage":0.0,"enemies":"Small Slimes","floor":3.0,"turns":3.0},{"damage":16.0,"enemies":"infinitespire:Voidling","floor":4.0,"turns":4.0},{"damage":15.0,"enemies":"strawberrySpire:EnergyPylons","floor":8.0,"turns":3.0},{"damage":10.0,"enemies":"Gremlin Gang","floor":9.0,"turns":3.0},{"damage":0.0,"enemies":"Looter","floor":10.0,"turns":4.0},{"damage":9.0,"enemies":"3 Sentries","floor":13.0,"turns":2.0},{"damage":12.0,"enemies":"Blue Slaver","floor":14.0,"turns":2.0},{"damage":19.0,"enemies":"strawberrySpire:EnergyPylons","floor":15.0,"turns":3.0},{"damage":0.0,"enemies":"Large Slime","floor":16.0,"turns":3.0},{"damage":33.0,"enemies":"Hexaghost","floor":18.0,"turns":11.0},{"damage":18.0,"enemies":"Chosen","floor":20.0,"turns":3.0},{"damage":12.0,"enemies":"Spheric Guardian","floor":21.0,"turns":2.0},{"damage":20.0,"enemies":"Centurion and Healer","floor":22.0,"turns":3.0},{"damage":13.0,"enemies":"Chosen and Byrds","floor":23.0,"turns":3.0},{"damage":38,"enemies":"Nightmare","floor":25,"turns":4}],"seed_played":"8137289526867587713","potions_obtained":[{"floor":4.0,"key":"LifebloodPotion"},{"floor":14.0,"key":"Fire Potion"},{"floor":15.0,"key":"Dexterity Potion"},{"floor":18.0,"key":"Explosive Potion"}],"is_trial":false,"path_per_floor":["M","?","M","M","$","PTL","PTL","E","M","M","T","?","E","M","E","M","R","B",null,"M","M","M","M","$","NM"],"character_chosen":"IRONCLAD","items_purchased":["Sling","Flex","Reaper"],"campfire_rested":0,"item_purchase_floors":[5,24,24],"current_hp_per_floor":[80,80,80,70,70,70,70,61,57,63,63,63,60,54,41,47,47,20,65,53,47,33,26,26,0],"gold":346,"neow_bonus":"HUNDRED_GOLD","is_prod":false,"is_daily":false,"chose_seed":false,"campfire_upgraded":1,"win_rate":0,"timestamp":1550358711,"path_taken":["M","?","M","M","$","PTL","PTL","E","M","M","T","?","E","M","E","M","R","BOSS","M","M","M","M","$","NM"],"build_version":"2019-01-23","purchased_purges":1,"victory":false,"max_hp_per_floor":[80,80,80,80,80,80,80,80,80,80,80,80,80,80,80,80,80,80,80,80,80,80,80,80,80],"card_choices":[{"not_picked":["Havoc","Cleave"],"picked":"Whirlwind","floor":1.0},{"not_picked":["strawberrySpire:FireDrill","Perfected Strike","ReplayTheSpireMod:Strike From Hell"],"picked":"SKIP","floor":3.0},{"not_picked":["Thunderclap","strawberrySpire:ZonePlayer","Shockwave"],"picked":"SKIP","floor":4.0},{"not_picked":["Intimidate","Replay:Undeath\u0027s Touch","ReplayTheSpireMod:LeadingStrike"],"picked":"SKIP","floor":8.0},{"not_picked":["Defy Death","strawberrySpire:GettingOverIt","Anger"],"picked":"SKIP","floor":9.0},{"not_picked":["Intimidate","Wild Strike","Blood for Blood"],"picked":"SKIP","floor":10.0},{"not_picked":["Cleave","Armaments","Perfected Strike"],"picked":"SKIP","floor":13.0},{"not_picked":["Cleave","Armaments","Perfected Strike"],"picked":"SKIP","floor":13.0},{"not_picked":["ReplayTheSpireMod:Strike From Hell","Dropkick","strawberrySpire:FortFortyFour"],"picked":"SKIP","floor":14.0},{"not_picked":["Twin Strike","strawberrySpire:Spite"],"picked":"strawberrySpire:Endurance","floor":15.0},{"not_picked":["Searing Blow","strawberrySpire:FireDrill","Whirlwind"],"picked":"SKIP","floor":16.0},{"not_picked":["Fiend Fire","Demon Form"],"picked":"Offering","floor":18.0},{"not_picked":["True Grit","Perfected Strike","Pommel Strike"],"picked":"SKIP","floor":20.0},{"not_picked":["Armaments+1","Havoc","Reckless Charge+1"],"picked":"SKIP","floor":21.0},{"not_picked":["hubris:ReadiedAction+1","ReplayTheSpireMod:Strike From Hell","Metallicize"],"picked":"SKIP","floor":22.0},{"not_picked":["Perfected Strike","Rage+1","Wild Strike+1"],"picked":"SKIP","floor":23.0}],"player_experience":265828,"relics_obtained":[{"floor":8.0,"key":"infinitespire:Joker Card"},{"floor":11.0,"key":"Mercury Hourglass"},{"floor":13.0,"key":"Boot"},{"floor":15.0,"key":"hubris:MedicalManual"}],"event_choices":[{"cards_removed":["Strike_R"],"damage_healed":0.0,"max_hp_gain":0.0,"max_hp_loss":0.0,"gold_gain":0.0,"event_name":"Bonfire Elementals","player_choice":"Offered Basic","floor":12.0,"gold_loss":0.0,"damage_taken":0.0}],"is_beta":false,"boss_relics":[{"not_picked":["Philosopher\u0027s Stone","halation:PinkAlligatorPlush"],"picked":"Replay:Grab Bag"},{"not_picked":["hubris:GrandSneckoEye","Fusion Hammer"],"picked":"hubris:TerracottaHorce"},{"not_picked":["Ectoplasm","halation:SmartPhone"],"picked":"Sozu"},{"not_picked":["halation:LoveArrow","halation:MonkeysPaw"],"picked":"Eternal Feather"},{"not_picked":["aspiration:RitualDagger","hubris:BlackHole"],"picked":"hubris:Stopwatch"}],"items_purged_floors":[24],"is_endless":false,"potions_floor_spawned":[4,14,15,18,22],"killed_by":"Nightmare","ascension_level":0}