{"gold_per_floor":[113,129,129,72,92,92,110,110,110,110,126,126],"floor_reached":12,"playtime":567,"items_purged":[],"score":130,"play_id":"87b2bf5f-b681-4a64-b398-766832bf3e75","local_time":"20190525235057","is_ascension_mode":true,"campfire_choices":[{"data":"Neutralize","floor":6.0,"key":"SMITH"},{"data":"Deadly Poison","floor":8.0,"key":"SMITH"},{"data":"Backflip","floor":10.0,"key":"SMITH"}],"neow_cost":"PERCENT_DAMAGE","seed_source_timestamp":642195318344440,"circlet_count":0,"master_deck":["AscendersBane","Defend_G","Defend_G","Defend_G","Defend_G","Defend_G","Strike_G","Strike_G","Strike_G","Survivor","Neutralize+1","Heel Hook","Dagger Throw","Deadly Poison+1","Backflip+1","PiercingWail"],"special_seed":0,"relics":["Ring of the Snake","Bird Faced Urn"],"potions_floor_usage":[12],"damage_taken":[{"damage":1.0,"enemies":"2 Louse","floor":1.0,"turns":5.0},{"damage":2.0,"enemies":"Jaw Worm","floor":2.0,"turns":7.0},{"damage":10.0,"enemies":"Small Slimes","floor":5.0,"turns":3.0},{"damage":1.0,"enemies":"Blue Slaver","floor":7.0,"turns":4.0},{"damage":14.0,"enemies":"Exordium Thugs","floor":11.0,"turns":6.0},{"damage":21,"enemies":"Gremlin Nob","floor":12,"turns":4}],"seed_played":"3091738695772770553","potions_obtained":[{"floor":1.0,"key":"SpeedPotion"},{"floor":5.0,"key":"Ancient Potion"}],"is_trial":false,"path_per_floor":["M","M","?","$","M","R","M","R","T","R","M","E"],"character_chosen":"THE_SILENT","items_purchased":["Dagger Throw"],"campfire_rested":0,"item_purchase_floors":[4],"current_hp_per_floor":[43,41,46,46,36,36,35,35,35,35,21,0],"gold":126,"neow_bonus":"REMOVE_TWO","is_prod":false,"is_daily":false,"chose_seed":false,"campfire_upgraded":3,"win_rate":0,"timestamp":1558846257,"path_taken":["M","M","?","$","M","R","M","R","T","R","M","E"],"build_version":"2019-01-23","purchased_purges":0,"victory":false,"max_hp_per_floor":[66,66,71,71,71,71,71,71,71,71,71,71],"card_choices":[{"not_picked":["Setup","Deflect"],"picked":"Heel Hook","floor":1.0},{"not_picked":["PiercingWail","Distraction","Skewer"],"picked":"SKIP","floor":2.0},{"not_picked":["Poisoned Stab","Bane"],"picked":"Deadly Poison","floor":5.0},{"not_picked":["Underhanded Strike","PiercingWail"],"picked":"Backflip","floor":7.0},{"not_picked":["Predator","Deadly Poison"],"picked":"PiercingWail","floor":11.0}],"player_experience":480021,"relics_obtained":[{"floor":9.0,"key":"Bird Faced Urn"}],"event_choices":[{"damage_healed":0.0,"max_hp_gain":5.0,"max_hp_loss":0.0,"gold_gain":0.0,"event_name":"Big Fish","player_choice":"Donut","floor":3.0,"gold_loss":0.0,"damage_taken":0.0}],"is_beta":false,"boss_relics":[],"items_purged_floors":[],"is_endless":false,"potions_floor_spawned":[1,5],"killed_by":"Gremlin Nob","ascension_level":17}