{"gold_per_floor":[118,118,19,19,19,47,47,57,84,84,98,116,116,146,146,244,244,255,255,266,166,197,197,197,214,237,262,282,382,401,428,428,428],"floor_reached":33,"playtime":787,"items_purged":["Strike_R","Strike_R"],"score":318,"play_id":"ed70b2ee-5061-4de4-9315-ad0d79ea1538","local_time":"20190529004548","is_ascension_mode":false,"campfire_choices":[{"data":"Bash","floor":7,"key":"SMITH"},{"data":"Flex","floor":15,"key":"SMITH"},{"data":"Sword Boomerang","floor":24,"key":"SMITH"},{"floor":32,"key":"REST"}],"neow_cost":"NONE","seed_source_timestamp":787511592505803,"circlet_count":0,"master_deck":["Strike_R","Strike_R+1","Strike_R+1","Defend_R","Defend_R","Defend_R","Bash+1","Sword Boomerang+1","Flex+1","Dropkick"],"relics":["Burning Blood","NeowsBlessing","Bag of Marbles","Darkstone Periapt","Whetstone","Bottled Lightning","Runic Dome","Red Mask","Potion Belt","Paper Frog","Bird Faced Urn"],"potions_floor_usage":[16,27,31,31,31],"damage_taken":[{"damage":0,"enemies":"Jaw Worm","floor":1,"turns":1},{"damage":0,"enemies":"Lagavulin","floor":6,"turns":1},{"damage":0,"enemies":"2 Louse","floor":8,"turns":1},{"damage":0,"enemies":"Small Slimes","floor":11,"turns":2},{"damage":12,"enemies":"Blue Slaver","floor":12,"turns":2},{"damage":14,"enemies":"Gremlin Nob","floor":14,"turns":3},{"damage":66,"enemies":"Hexaghost","floor":16,"turns":9},{"damage":7,"enemies":"Shell Parasite","floor":18,"turns":2},{"damage":16,"enemies":"Colosseum Slavers","floor":19,"turns":4},{"damage":10,"enemies":"3 Byrds","floor":20,"turns":6},{"damage":26,"enemies":"Masked Bandits","floor":22,"turns":4},{"damage":5,"enemies":"Snake Plant","floor":25,"turns":2},{"damage":16,"enemies":"Book of Stabbing","floor":27,"turns":3},{"damage":12,"enemies":"Centurion and Healer","floor":28,"turns":4},{"damage":3,"enemies":"Chosen and Byrds","floor":30,"turns":4},{"damage":46,"enemies":"Gremlin Leader","floor":31,"turns":3},{"damage":48,"enemies":"Champ","floor":33,"turns":3}],"seed_played":"-1340873433925985406","potions_obtained":[{"floor":1,"key":"Dexterity Potion"},{"floor":11,"key":"AttackPotion"},{"floor":16,"key":"SpeedPotion"},{"floor":20,"key":"EssenceOfSteel"},{"floor":25,"key":"SteroidPotion"},{"floor":27,"key":"LiquidBronze"},{"floor":30,"key":"Regen Potion"}],"is_trial":false,"path_per_floor":["M","?","$","?","?","E","R","M","T","$","M","M","?","E","R","B",null,"M","?","M","$","?","?","R","M","T","E","M","?","M","E","R","B"],"character_chosen":"IRONCLAD","items_purchased":["Sword Boomerang"],"campfire_rested":1,"item_purchase_floors":[3],"current_hp_per_floor":[80,80,80,77,77,80,80,80,80,80,80,74,79,71,71,11,85,84,74,70,70,50,50,50,51,51,41,35,35,38,7,32,0],"gold":428,"neow_bonus":"THREE_ENEMY_KILL","is_prod":false,"is_daily":false,"chose_seed":false,"campfire_upgraded":3,"win_rate":0,"timestamp":1559079948,"path_taken":["M","?","$","?","?","E","R","M","T","?","M","?","?","E","R","BOSS","M","?","M","$","?","?","R","?","T","E","M","?","?","E","R","BOSS"],"build_version":"2019-01-23","purchased_purges":2,"victory":false,"max_hp_per_floor":[80,80,80,80,80,80,80,80,80,80,80,80,85,85,85,85,85,85,85,85,85,85,85,85,85,85,85,85,85,85,85,85,85],"card_choices":[{"not_picked":["Sever Soul","Seeing Red","Disarm"],"picked":"SKIP","floor":1},{"not_picked":["Warcry","Spot Weakness","Wild Strike"],"picked":"SKIP","floor":6},{"not_picked":["Pommel Strike","Pummel","Body Slam"],"picked":"SKIP","floor":8},{"not_picked":["Pommel Strike","Pummel","Body Slam"],"picked":"SKIP","floor":8},{"not_picked":["Sword Boomerang","Reckless Charge"],"picked":"Flex","floor":11},{"not_picked":["Iron Wave","Burning Pact","Evolve"],"picked":"SKIP","floor":12},{"not_picked":["Sword Boomerang","Headbutt","Carnage"],"picked":"SKIP","floor":14},{"not_picked":["Corruption","Rage","Cleave"],"picked":"SKIP","floor":18},{"not_picked":["Sword Boomerang+1","Battle Trance","Feel No Pain+1"],"picked":"SKIP","floor":20},{"not_picked":["Headbutt","Bludgeon","Thunderclap"],"picked":"SKIP","floor":25},{"not_picked":["Corruption","Anger","Intimidate"],"picked":"SKIP","floor":27},{"not_picked":["Flex","Twin Strike+1","Shockwave"],"picked":"SKIP","floor":28},{"not_picked":["Flame Barrier","Perfected Strike"],"picked":"Dropkick","floor":30},{"not_picked":["Dark Embrace","Thunderclap+1","Shrug It Off"],"picked":"SKIP","floor":31}],"player_experience":327351,"relics_obtained":[{"floor":6,"key":"Darkstone Periapt"},{"floor":9,"key":"Whetstone"},{"floor":14,"key":"Bottled Lightning"},{"floor":22,"key":"Red Mask"},{"floor":26,"key":"Potion Belt"},{"floor":27,"key":"Paper Frog"},{"floor":31,"key":"Bird Faced Urn"}],"event_choices":[{"damage_healed":0,"gold_gain":0,"player_choice":"Ignored","damage_taken":0,"max_hp_gain":0,"max_hp_loss":0,"event_name":"Liars Game","floor":2,"gold_loss":0},{"damage_healed":0,"gold_gain":0,"player_choice":"Success","damage_taken":3,"relics_obtained":["Bag of Marbles"],"max_hp_gain":0,"max_hp_loss":0,"event_name":"Scrap Ooze","floor":4,"gold_loss":0},{"damage_healed":0,"gold_gain":0,"player_choice":"Leave","damage_taken":0,"max_hp_gain":0,"max_hp_loss":0,"event_name":"The Cleric","floor":5,"gold_loss":0},{"damage_healed":0,"gold_gain":0,"player_choice":"Donut","damage_taken":0,"max_hp_gain":5,"max_hp_loss":0,"event_name":"Big Fish","floor":13,"gold_loss":0},{"damage_healed":0,"gold_gain":0,"player_choice":"Fight","damage_taken":0,"max_hp_gain":0,"max_hp_loss":0,"event_name":"Colosseum","floor":19,"gold_loss":0},{"damage_healed":0,"gold_gain":0,"player_choice":"Fled From Nobs","damage_taken":0,"max_hp_gain":0,"max_hp_loss":0,"event_name":"Colosseum","floor":19,"gold_loss":0},{"damage_healed":0,"gold_gain":0,"player_choice":"Fought Bandits","damage_taken":0,"max_hp_gain":0,"max_hp_loss":0,"event_name":"Masked Bandits","floor":22,"gold_loss":0},{"cards_removed":["Defend_R"],"damage_healed":0,"gold_gain":0,"player_choice":"Elegance","damage_taken":0,"max_hp_gain":0,"max_hp_loss":0,"event_name":"Back to Basics","floor":23,"gold_loss":0},{"damage_healed":0,"gold_gain":100,"player_choice":"Pray","damage_taken":0,"max_hp_gain":0,"max_hp_loss":0,"event_name":"Golden Shrine","floor":29,"gold_loss":0}],"is_beta":false,"boss_relics":[{"not_picked":["Busted Crown","Tiny House"],"picked":"Runic Dome"}],"items_purged_floors":[3,21],"is_endless":false,"potions_floor_spawned":[1,11,16,20,25,27,30],"killed_by":"Champ","ascension_level":0}