{"gold_per_floor":[116,136,24,24,41,41,41,66,66,66,98,110,122,139,139,218,218,192,192,0,19,19,19,54,54,54,71,90,15,27,27],"floor_reached":31,"playtime":1332,"items_purged":[],"score":494,"play_id":"24cfc5df-19fd-40b9-a917-efee55aabfbc","local_time":"20190531223703","is_ascension_mode":true,"campfire_choices":[{"data":"Combust","floor":6.0,"key":"SMITH"},{"data":"Flame Barrier","floor":10.0,"key":"SMITH"},{"data":"Shockwave","floor":15.0,"key":"SMITH"},{"floor":23.0,"key":"REST"},{"floor":25.0,"key":"REST"}],"neow_cost":"NONE","seed_source_timestamp":0,"circlet_count":0,"master_deck":["AscendersBane","Strike_R","Strike_R","Strike_R","Strike_R","Defend_R","Defend_R","Defend_R","Defend_R","Bash","Combust+1","Clothesline","Rupture","True Grit","Juggernaut","Shockwave+1","Flame Barrier+1","Sword Boomerang","Feel No Pain","Impervious","Battle Trance","Immolate","Shrug It Off","Rupture+1","Decay","Warcry+1","Battle Trance"],"special_seed":0,"relics":["Burning Blood","NeowsBlessing","Blue Candle","Red Skull","Matryoshka","Fusion Hammer","Mummified Hand","Bottled Lightning","Potion Belt"],"potions_floor_usage":[31],"damage_taken":[{"damage":0.0,"enemies":"Cultist","floor":1.0,"turns":1.0},{"damage":0.0,"enemies":"Jaw Worm","floor":2.0,"turns":1.0},{"damage":0.0,"enemies":"2 Louse","floor":5.0,"turns":1.0},{"damage":35.0,"enemies":"Gremlin Nob","floor":8.0,"turns":5.0},{"damage":13.0,"enemies":"3 Sentries","floor":11.0,"turns":6.0},{"damage":6.0,"enemies":"Large Slime","floor":12.0,"turns":6.0},{"damage":16.0,"enemies":"3 Louse","floor":13.0,"turns":4.0},{"damage":1.0,"enemies":"Looter","floor":14.0,"turns":2.0},{"damage":24.0,"enemies":"Slime Boss","floor":16.0,"turns":8.0},{"damage":6.0,"enemies":"2 Thieves","floor":18.0,"turns":4.0},{"damage":18.0,"enemies":"Chosen","floor":21.0,"turns":8.0},{"damage":62.0,"enemies":"Book of Stabbing","floor":24.0,"turns":8.0},{"damage":9.0,"enemies":"Centurion and Healer","floor":27.0,"turns":5.0},{"damage":34.0,"enemies":"Shelled Parasite and Fungi","floor":28.0,"turns":4.0},{"damage":1.0,"enemies":"Snecko","floor":30.0,"turns":3.0},{"damage":18,"enemies":"Snake Plant","floor":31,"turns":3}],"seed_played":"2935365264944438698","potions_obtained":[{"floor":8.0,"key":"Fire Potion"},{"floor":13.0,"key":"PowerPotion"},{"floor":16.0,"key":"Regen Potion"},{"floor":21.0,"key":"SkillPotion"},{"floor":24.0,"key":"AttackPotion"},{"floor":27.0,"key":"Ancient Potion"},{"floor":30.0,"key":"SkillPotion"}],"is_trial":false,"path_per_floor":["M","M","$","?","M","R","?","E","T","R","E","M","M","M","R","B",null,"M","?","$","M","?","R","E","R","T","M","M","?","M","M"],"character_chosen":"IRONCLAD","items_purchased":["Clothesline","Rupture","Immolate","Shrug It Off","Explosive Potion"],"campfire_rested":2,"item_purchase_floors":[3,3,20,20,20],"current_hp_per_floor":[74,75,75,75,75,75,75,46,46,46,39,39,29,34,34,16,60,60,60,60,63,63,75,19,41,41,38,10,10,15,0],"gold":27,"neow_bonus":"THREE_ENEMY_KILL","is_prod":false,"is_daily":false,"chose_seed":false,"campfire_upgraded":3,"win_rate":0,"timestamp":1559360223,"path_taken":["M","?","$","?","?","R","?","E","T","R","E","M","M","M","R","BOSS","M","?","$","M","?","R","E","R","T","M","M","?","M","M"],"build_version":"2019-01-23","purchased_purges":0,"victory":false,"max_hp_per_floor":[75,75,75,75,75,75,75,75,75,75,75,75,75,75,75,75,75,75,75,75,75,75,75,75,75,75,75,75,75,75,75],"card_choices":[{"not_picked":["Clash","Body Slam","Havoc"],"picked":"SKIP","floor":1.0},{"not_picked":["Anger","Iron Wave"],"picked":"Combust","floor":2.0},{"not_picked":["Hemokinesis","Flex"],"picked":"Shockwave","floor":5.0},{"not_picked":["Bloodletting","True Grit"],"picked":"Flame Barrier","floor":8.0},{"not_picked":["Dropkick","Havoc"],"picked":"Sword Boomerang","floor":11.0},{"not_picked":["Body Slam","Bludgeon","Thunderclap"],"picked":"SKIP","floor":12.0},{"not_picked":["Rampage","True Grit","Pommel Strike"],"picked":"SKIP","floor":13.0},{"not_picked":["Perfected Strike","Shrug It Off"],"picked":"Feel No Pain","floor":14.0},{"not_picked":["Bludgeon","Exhume"],"picked":"Impervious","floor":16.0},{"not_picked":["Anger","Twin Strike","Warcry"],"picked":"SKIP","floor":18.0},{"not_picked":["Power Through","Flex"],"picked":"Rupture+1","floor":21.0},{"not_picked":["Sword Boomerang","Perfected Strike","True Grit"],"picked":"SKIP","floor":24.0},{"not_picked":["Body Slam","Shrug It Off"],"picked":"Warcry+1","floor":27.0},{"not_picked":["Wild Strike","Pummel","Warcry"],"picked":"SKIP","floor":28.0},{"not_picked":["Sword Boomerang","Body Slam"],"picked":"Battle Trance","floor":30.0}],"player_experience":508522,"relics_obtained":[{"floor":8.0,"key":"Blue Candle"},{"floor":9.0,"key":"Red Skull"},{"floor":11.0,"key":"Matryoshka"},{"floor":24.0,"key":"Mummified Hand"},{"floor":26.0,"key":"Bottled Lightning"},{"floor":26.0,"key":"Potion Belt"}],"event_choices":[{"damage_healed":0.0,"max_hp_gain":0.0,"max_hp_loss":0.0,"gold_gain":0.0,"event_name":"Match and Keep!","player_choice":"2 cards matched","floor":4.0,"gold_loss":0.0,"damage_taken":0.0,"cards_obtained":["True Grit","Juggernaut"]},{"damage_healed":0.0,"max_hp_gain":0.0,"max_hp_loss":0.0,"gold_gain":0.0,"event_name":"Golden Idol","player_choice":"Ignored","floor":7.0,"gold_loss":0.0,"damage_taken":0.0},{"damage_healed":0.0,"max_hp_gain":0.0,"max_hp_loss":0.0,"gold_gain":0.0,"event_name":"The Library","player_choice":"Read","floor":19.0,"gold_loss":0.0,"damage_taken":0.0,"cards_obtained":["Battle Trance"]},{"damage_healed":0.0,"max_hp_gain":0.0,"max_hp_loss":0.0,"gold_gain":0.0,"event_name":"Forgotten Altar","player_choice":"Smashed Altar","floor":22.0,"gold_loss":0.0,"damage_taken":0.0,"cards_obtained":["Decay"]},{"cards_removed":["Strike_R"],"damage_healed":0.0,"max_hp_gain":0.0,"max_hp_loss":0.0,"gold_gain":0.0,"event_name":"Beggar","player_choice":"Gave Gold","floor":29.0,"gold_loss":75.0,"damage_taken":0.0}],"is_beta":false,"boss_relics":[{"not_picked":["Lizard Tail","Runic Pyramid"],"picked":"Fusion Hammer"}],"items_purged_floors":[],"is_endless":false,"potions_floor_spawned":[8,13,16,21,24,27,30],"killed_by":"Snake Plant","ascension_level":17}