{"gold_per_floor":[116,116,11,26,26,58,74,101,125,151,241,253],"floor_reached":12,"playtime":455,"items_purged":[],"score":224,"play_id":"509e8ea8-c7d8-4bc1-b3ea-d2600c6362b5","local_time":"20190530182430","is_ascension_mode":true,"campfire_choices":[],"neow_cost":"NONE","seed_source_timestamp":1054819714605836,"circlet_count":0,"master_deck":["AscendersBane","Strike_R","Strike_R","Strike_R","Strike_R","Strike_R","Defend_R","Defend_R","Defend_R","Defend_R","Bash+1","Disarm","Headbutt","Armaments","Battle Trance","Twin Strike","Clothesline"],"relics":["Burning Blood","NeowsBlessing","Dream Catcher","Blood Vial","Vajra","MawBank","Pantograph"],"potions_floor_usage":[6,8,10,12],"damage_taken":[{"damage":0,"enemies":"Jaw Worm","floor":1,"turns":1},{"damage":0,"enemies":"Cultist","floor":4,"turns":1},{"damage":0,"enemies":"Gremlin Nob","floor":6,"turns":1},{"damage":0,"enemies":"2 Louse","floor":7,"turns":3},{"damage":40,"enemies":"3 Sentries","floor":8,"turns":9},{"damage":19,"enemies":"Lagavulin","floor":10,"turns":5},{"damage":40,"enemies":"3 Sentries","floor":12,"turns":7}],"seed_played":"8774322893401329768","potions_obtained":[{"floor":4,"key":"Fruit Juice"},{"floor":8,"key":"Block Potion"},{"floor":10,"key":"Strength Potion"}],"is_trial":false,"path_per_floor":["M","?","$","M","$","E","M","E","T","E","T","E"],"character_chosen":"IRONCLAD","items_purchased":["Headbutt","FearPotion"],"campfire_rested":0,"item_purchase_floors":[3,3],"current_hp_per_floor":[74,74,74,75,75,80,80,46,46,35,35,0],"gold":253,"neow_bonus":"THREE_ENEMY_KILL","is_prod":false,"is_daily":false,"chose_seed":false,"campfire_upgraded":0,"win_rate":0,"timestamp":1559258670,"path_taken":["M","?","$","M","?","E","M","E","T","E","?","E"],"build_version":"2019-01-23","purchased_purges":0,"victory":false,"max_hp_per_floor":[75,75,75,75,75,80,80,80,80,80,80,80],"card_choices":[{"not_picked":["Iron Wave","Dual Wield"],"picked":"Disarm","floor":1},{"not_picked":["Rupture","Clash","Havoc"],"picked":"SKIP","floor":4},{"not_picked":["Whirlwind","Dual Wield"],"picked":"Armaments","floor":6},{"not_picked":["Metallicize","Heavy Blade"],"picked":"Battle Trance","floor":7},{"not_picked":["Iron Wave","Sentinel"],"picked":"Twin Strike","floor":8},{"not_picked":["Dark Embrace","Anger"],"picked":"Clothesline","floor":10}],"player_experience":499008,"relics_obtained":[{"floor":6,"key":"Dream Catcher"},{"floor":8,"key":"Blood Vial"},{"floor":9,"key":"Vajra"},{"floor":10,"key":"MawBank"},{"floor":11,"key":"Pantograph"}],"event_choices":[{"damage_healed":0,"gold_gain":0,"player_choice":"Forge","damage_taken":0,"max_hp_gain":0,"max_hp_loss":0,"event_name":"Accursed Blacksmith","floor":2,"gold_loss":0,"cards_upgraded":["Bash"]}],"is_beta":false,"boss_relics":[],"items_purged_floors":[],"is_endless":false,"potions_floor_spawned":[4,8,10],"killed_by":"3 Sentries","ascension_level":17}