{"gold_per_floor":[115,115,190,210,210,210,237,250,274,331,331,3,30,30,30,30],"floor_reached":16,"playtime":439,"items_purged":["Strike_R"],"score":177,"play_id":"bb7eed70-7a28-4b14-8029-a42a137798a9","local_time":"20190515134823","is_ascension_mode":true,"campfire_choices":[{"data":"Bash","floor":6,"key":"SMITH"},{"floor":15,"key":"REST"}],"neow_cost":"NONE","seed_source_timestamp":2412931186397705,"circlet_count":0,"master_deck":["Strike_R","Strike_R","Strike_R","Defend_R","Defend_R","Defend_R","Defend_R","Bash+1","Dropkick"],"relics":["Burning Blood","NeowsBlessing","Bag of Preparation","Prayer Wheel","Juzu Bracelet","Oddly Smooth Stone","Paper Frog","Dream Catcher"],"potions_floor_usage":[10,10,16],"damage_taken":[{"damage":0,"enemies":"Small Slimes","floor":1,"turns":1},{"damage":0,"enemies":"Jaw Worm","floor":4,"turns":1},{"damage":0,"enemies":"Gremlin Nob","floor":7,"turns":1},{"damage":0,"enemies":"2 Louse","floor":8,"turns":3},{"damage":0,"enemies":"Gremlin Nob","floor":10,"turns":2},{"damage":40,"enemies":"Lagavulin","floor":13,"turns":5},{"damage":72,"enemies":"Hexaghost","floor":16,"turns":10}],"seed_played":"3552374398537867242","potions_obtained":[{"floor":1,"key":"AttackPotion"},{"floor":7,"key":"Fire Potion"},{"floor":10,"key":"SpeedPotion"}],"is_trial":false,"path_per_floor":["M","?","?","M","T","R","E","M","T","?","?","$","E","?","R","B"],"character_chosen":"IRONCLAD","items_purchased":["Paper Frog"],"campfire_rested":1,"item_purchase_floors":[12],"current_hp_per_floor":[78,71,60,66,66,66,72,78,78,80,80,80,46,46,70,0],"gold":30,"neow_bonus":"THREE_ENEMY_KILL","is_prod":false,"is_daily":false,"chose_seed":false,"campfire_upgraded":1,"win_rate":0,"timestamp":1557917303,"path_taken":["M","?","?","M","?","R","E","M","T","?","?","$","E","?","R","BOSS"],"build_version":"2019-01-23","purchased_purges":1,"victory":false,"max_hp_per_floor":[80,80,80,80,80,80,80,80,80,80,80,80,80,80,80,80],"card_choices":[{"not_picked":["Disarm","Havoc"],"picked":"Dropkick","floor":1},{"not_picked":["Headbutt","Shrug It Off","Cleave"],"picked":"SKIP","floor":4},{"not_picked":["True Grit","Wild Strike","Clash"],"picked":"SKIP","floor":7},{"not_picked":["Sever Soul","Whirlwind","Sword Boomerang"],"picked":"SKIP","floor":8},{"not_picked":["Heavy Blade","Uppercut","Thunderclap"],"picked":"SKIP","floor":8},{"not_picked":["Spot Weakness","Blood for Blood","Sever Soul"],"picked":"SKIP","floor":13}],"player_experience":292952,"relics_obtained":[{"floor":5,"key":"Bag of Preparation"},{"floor":7,"key":"Prayer Wheel"},{"floor":9,"key":"Juzu Bracelet"},{"floor":10,"key":"Oddly Smooth Stone"},{"floor":13,"key":"Dream Catcher"}],"event_choices":[{"cards_removed":["Strike_R"],"damage_healed":0,"gold_gain":0,"player_choice":"Card Removal","damage_taken":7,"max_hp_gain":0,"max_hp_loss":0,"event_name":"Golden Wing","floor":2,"gold_loss":0},{"damage_healed":0,"gold_gain":75,"player_choice":"Gather Gold","damage_taken":11,"max_hp_gain":0,"max_hp_loss":0,"event_name":"World of Goop","floor":3,"gold_loss":0},{"damage_healed":0,"gold_gain":0,"player_choice":"Searched \u00272\u0027 times","damage_taken":0,"max_hp_gain":0,"max_hp_loss":0,"event_name":"Dead Adventurer","floor":10,"gold_loss":0},{"damage_healed":0,"gold_gain":0,"player_choice":"Ignored","damage_taken":0,"max_hp_gain":0,"max_hp_loss":0,"event_name":"Liars Game","floor":11,"gold_loss":0},{"damage_healed":0,"gold_gain":0,"player_choice":"Ignored","damage_taken":0,"max_hp_gain":0,"max_hp_loss":0,"event_name":"Shining Light","floor":14,"gold_loss":0}],"is_beta":false,"boss_relics":[],"items_purged_floors":[12],"is_endless":false,"potions_floor_spawned":[1,7,10],"killed_by":"Hexaghost","ascension_level":7}