{"gold_per_floor":[109,119,119,1,16,48,48,83,135,135],"floor_reached":10,"playtime":342,"items_purged":["Strike_R"],"score":141,"play_id":"33ff754f-2009-4593-bb16-781f9c425125","local_time":"20190530181643","is_ascension_mode":true,"campfire_choices":[{"data":"Combust","floor":7,"key":"SMITH"}],"neow_cost":"NONE","seed_source_timestamp":1054465783981204,"circlet_count":0,"master_deck":["AscendersBane","Strike_R","Strike_R","Strike_R","Strike_R","Defend_R","Defend_R","Defend_R","Defend_R","Bash","Iron Wave","Dropkick","Combust+1","Headbutt","Anger","Metallicize"],"relics":["Burning Blood","NeowsBlessing","Toxic Egg 2","Happy Flower","Orichalcum"],"potions_floor_usage":[10],"damage_taken":[{"damage":0,"enemies":"Cultist","floor":1,"turns":1},{"damage":0,"enemies":"2 Louse","floor":2,"turns":1},{"damage":0,"enemies":"Small Slimes","floor":5,"turns":1},{"damage":35,"enemies":"3 Sentries","floor":6,"turns":8},{"damage":31,"enemies":"Lagavulin","floor":8,"turns":7},{"damage":23,"enemies":"Gremlin Nob","floor":10,"turns":4}],"seed_played":"-7440900559696248907","potions_obtained":[{"floor":8,"key":"PowerPotion"}],"is_trial":false,"path_per_floor":["M","M","?","$","M","E","R","E","T","E"],"character_chosen":"IRONCLAD","items_purchased":["Combust"],"campfire_rested":0,"item_purchase_floors":[4],"current_hp_per_floor":[74,75,75,75,75,46,46,21,21,0],"gold":135,"neow_bonus":"THREE_ENEMY_KILL","is_prod":false,"is_daily":false,"chose_seed":false,"campfire_upgraded":1,"win_rate":0,"timestamp":1559258203,"path_taken":["M","?","?","$","M","E","R","E","T","E"],"build_version":"2019-01-23","purchased_purges":1,"victory":false,"max_hp_per_floor":[75,75,75,75,75,75,75,75,75,75],"card_choices":[{"not_picked":["Armaments","Cleave"],"picked":"Iron Wave","floor":1},{"not_picked":["Evolve","Cleave"],"picked":"Dropkick","floor":2},{"not_picked":["Cleave","Rampage"],"picked":"Headbutt","floor":5},{"not_picked":["Entrench","Berserk"],"picked":"Anger","floor":6},{"not_picked":["Iron Wave","Entrench+1"],"picked":"Metallicize","floor":8}],"player_experience":498666,"relics_obtained":[{"floor":6,"key":"Toxic Egg 2"},{"floor":8,"key":"Happy Flower"},{"floor":9,"key":"Orichalcum"}],"event_choices":[{"damage_healed":0,"gold_gain":0,"player_choice":"Full Heal","damage_taken":0,"max_hp_gain":0,"max_hp_loss":0,"event_name":"Wheel of Change","floor":3,"gold_loss":0}],"is_beta":false,"boss_relics":[],"items_purged_floors":[4],"is_endless":false,"potions_floor_spawned":[8],"killed_by":"Gremlin Nob","ascension_level":17}