{"gold_per_floor":[119,44,44,44,44,88,104,104,104,4,25,25,59,59,59,189,189,210,35,35,35,35,35,69,69,69,102,102,102,122,141,141,261,261,275,125,149,162,187,187,231,231,231,264,264,57,92,106,106,106,106,106,28,71,71],"floor_reached":55,"playtime":1622,"items_purged":["Strike_R","Defend_R","Defend_R","Defend_R"],"score":1143,"play_id":"a9218813-6482-4b2a-80f6-3f387c49781b","local_time":"20190516165404","is_ascension_mode":true,"campfire_choices":[{"data":"Flex","floor":8.0,"key":"SMITH"},{"data":"Flex","floor":12.0,"key":"SMITH"},{"data":"Bash","floor":15.0,"key":"SMITH"},{"data":"Clash","floor":23.0,"key":"SMITH"},{"floor":25.0,"key":"REST"},{"floor":29.0,"key":"REST"},{"floor":32.0,"key":"REST"},{"floor":40.0,"key":"REST"},{"floor":42.0,"key":"RECALL"},{"data":"Heavy Blade","floor":49.0,"key":"SMITH"},{"data":"Sword Boomerang","floor":52.0,"key":"SMITH"}],"neow_cost":"NONE","seed_source_timestamp":2509131355421422,"circlet_count":0,"master_deck":["Strike_R","Strike_R","Bash+1","Flex+1","Flex+1","Pummel","Clash+1","Sword Boomerang+1","Heavy Blade+1","Reaper","Clash+1","Clash","Pummel+1","Regret","Limit Break"],"special_seed":0,"relics":["Burning Blood","NeowsBlessing","Golden Idol","Vajra","Mummified Hand","Darkstone Periapt","Empty Cage","Shuriken","Gremlin Horn","Happy Flower","Cursed Key","Mercury Hourglass","Singing Bowl","Omamori","Brimstone","Paper Frog","Letter Opener"],"potions_floor_usage":[55,55,55,55],"damage_taken":[{"damage":0.0,"enemies":"Cultist","floor":1.0,"turns":1.0},{"damage":0.0,"enemies":"3 Sentries","floor":6.0,"turns":2.0},{"damage":0.0,"enemies":"Small Slimes","floor":7.0,"turns":1.0},{"damage":12.0,"enemies":"Jaw Worm","floor":11.0,"turns":2.0},{"damage":0.0,"enemies":"Gremlin Nob","floor":13.0,"turns":2.0},{"damage":62.0,"enemies":"The Guardian","floor":16.0,"turns":7.0},{"damage":13.0,"enemies":"3 Byrds","floor":18.0,"turns":5.0},{"damage":47.0,"enemies":"Slavers","floor":24.0,"turns":6.0},{"damage":33.0,"enemies":"Book of Stabbing","floor":27.0,"turns":3.0},{"damage":12.0,"enemies":"Chosen","floor":30.0,"turns":2.0},{"damage":0.0,"enemies":"Snake Plant","floor":31.0,"turns":1.0},{"damage":37.0,"enemies":"Collector","floor":33.0,"turns":4.0},{"damage":32.0,"enemies":"3 Shapes","floor":35.0,"turns":3.0},{"damage":0.0,"enemies":"3 Darklings","floor":37.0,"turns":2.0},{"damage":55.0,"enemies":"Sphere and 2 Shapes","floor":38.0,"turns":4.0},{"damage":27.0,"enemies":"Jaw Worm Horde","floor":39.0,"turns":3.0},{"damage":0.0,"enemies":"Reptomancer","floor":41.0,"turns":3.0},{"damage":15.0,"enemies":"Giant Head","floor":44.0,"turns":5.0},{"damage":29.0,"enemies":"Nemesis","floor":47.0,"turns":3.0},{"damage":5.0,"enemies":"Transient","floor":48.0,"turns":5.0},{"damage":68.0,"enemies":"Time Eater","floor":50.0,"turns":4.0},{"damage":36.0,"enemies":"Shield and Spear","floor":54.0,"turns":3.0},{"damage":64,"enemies":"The Heart","floor":55,"turns":2}],"seed_played":"3027107485128763124","potions_obtained":[{"floor":7.0,"key":"Fire Potion"},{"floor":13.0,"key":"Fire Potion"},{"floor":16.0,"key":"LiquidBronze"},{"floor":27.0,"key":"PowerPotion"},{"floor":28.0,"key":"Energy Potion"},{"floor":28.0,"key":"EntropicBrew"},{"floor":33.0,"key":"FearPotion"},{"floor":37.0,"key":"FearPotion"},{"floor":39.0,"key":"PowerPotion"},{"floor":44.0,"key":"Fire Potion"}],"is_trial":false,"path_per_floor":["M","$","?","?","$","E","M","R","T","$","M","R","E","T","R","B",null,"M","$","?","?","$","R","E","R","T","E","?","R","M","M","R","B",null,"M","$","M","M","M","R","E","R","T","E","?","$","E","M","R","B",null,"R","$","E","B"],"character_chosen":"IRONCLAD","items_purchased":["Clash","Brimstone","Limit Break"],"campfire_rested":4,"item_purchase_floors":[19,46,53],"current_hp_per_floor":[78,78,58,80,80,80,80,80,80,80,74,74,80,80,80,24,66,59,59,59,59,59,59,18,42,42,15,15,39,33,39,63,32,68,57,57,75,31,27,51,80,80,86,79,71,71,58,89,89,44,80,80,80,52,0],"gold":71,"neow_bonus":"THREE_ENEMY_KILL","is_prod":false,"is_daily":false,"chose_seed":false,"campfire_upgraded":6,"win_rate":0,"timestamp":1558014844,"path_taken":["M","?","?","?","?","E","M","R","T","$","?","R","E","?","R","BOSS","M","?","?","?","$","R","E","R","T","E","?","R","M","M","R","BOSS","M","$","?","?","M","R","E","R","T","E","?","$","E","M","R","BOSS","R","$","E","BOSS"],"build_version":"2019-01-23","purchased_purges":4,"victory":false,"max_hp_per_floor":[80,80,80,80,80,80,80,80,80,80,80,80,80,80,80,80,80,80,80,80,80,80,80,80,80,80,80,80,80,80,80,80,80,80,80,80,80,80,80,80,80,80,86,88,88,88,90,92,92,92,92,92,92,94,94],"card_choices":[{"not_picked":["Anger","Feel No Pain"],"picked":"Flex","floor":1.0},{"not_picked":["Perfected Strike","Corruption"],"picked":"Flex","floor":6.0},{"not_picked":["Second Wind","Headbutt","Dropkick"],"picked":"SKIP","floor":7.0},{"not_picked":["Clash","Metallicize"],"picked":"Pummel","floor":11.0},{"not_picked":["Flex","Bloodletting","Clothesline"],"picked":"SKIP","floor":13.0},{"not_picked":["Wild Strike+1","Clothesline","Cleave"],"picked":"SKIP","floor":18.0},{"not_picked":["Blood for Blood","Bloodletting","Power Through"],"picked":"SKIP","floor":24.0},{"not_picked":["Uppercut","Carnage","True Grit+1"],"picked":"SKIP","floor":27.0},{"not_picked":["Rampage","Perfected Strike"],"picked":"Sword Boomerang","floor":30.0},{"not_picked":["Headbutt+1","Evolve"],"picked":"Heavy Blade","floor":31.0},{"not_picked":["Double Tap","Offering"],"picked":"Reaper","floor":33.0},{"not_picked":["Second Wind+1","Metallicize"],"picked":"Clash+1","floor":35.0},{"not_picked":["True Grit+1","Blood for Blood+1"],"picked":"Clash","floor":37.0},{"not_picked":["Intimidate","Blood for Blood","Corruption+1"],"picked":"SKIP","floor":38.0},{"not_picked":["Sentinel+1","Flex","Metallicize+1"],"picked":"SKIP","floor":39.0},{"not_picked":["Thunderclap+1","Hemokinesis+1"],"picked":"Pummel+1","floor":41.0},{"not_picked":["Clothesline","Power Through+1","Headbutt"],"picked":"Singing Bowl","floor":44.0},{"not_picked":["Exhume","Perfected Strike+1","Seeing Red"],"picked":"Singing Bowl","floor":47.0},{"not_picked":["Shrug It Off+1","Cleave","Feel No Pain+1"],"picked":"Singing Bowl","floor":48.0},{"not_picked":["Headbutt+1","Brutality","Sword Boomerang+1"],"picked":"Singing Bowl","floor":54.0}],"player_experience":297580,"relics_obtained":[{"floor":6.0,"key":"Vajra"},{"floor":13.0,"key":"Mummified Hand"},{"floor":14.0,"key":"Darkstone Periapt"},{"floor":24.0,"key":"Shuriken"},{"floor":26.0,"key":"Gremlin Horn"},{"floor":27.0,"key":"Happy Flower"},{"floor":41.0,"key":"Mercury Hourglass"},{"floor":43.0,"key":"Singing Bowl"},{"floor":44.0,"key":"Omamori"},{"floor":47.0,"key":"Paper Frog"},{"floor":54.0,"key":"Letter Opener"}],"event_choices":[{"damage_healed":0.0,"max_hp_gain":0.0,"max_hp_loss":0.0,"gold_gain":0.0,"event_name":"Golden Idol","player_choice":"Take Damage","floor":3.0,"gold_loss":0.0,"damage_taken":20.0,"relics_obtained":["Golden Idol"]},{"damage_healed":26.0,"max_hp_gain":0.0,"max_hp_loss":0.0,"gold_gain":0.0,"event_name":"Big Fish","player_choice":"Banana","floor":4.0,"gold_loss":0.0,"damage_taken":0.0},{"damage_healed":0.0,"max_hp_gain":0.0,"max_hp_loss":0.0,"gold_gain":0.0,"event_name":"Ghosts","player_choice":"Ignored","floor":20.0,"gold_loss":0.0,"damage_taken":0.0},{"cards_removed":["Strike_R"],"damage_healed":0.0,"max_hp_gain":0.0,"max_hp_loss":0.0,"gold_gain":0.0,"event_name":"Back to Basics","player_choice":"Elegance","floor":21.0,"gold_loss":0.0,"damage_taken":0.0},{"damage_healed":0.0,"max_hp_gain":0.0,"max_hp_loss":0.0,"gold_gain":0.0,"event_name":"Lab","player_choice":"Got Potions","floor":28.0,"gold_loss":0.0,"damage_taken":0.0},{"damage_healed":0.0,"max_hp_gain":0.0,"max_hp_loss":0.0,"gold_gain":0.0,"event_name":"Wheel of Change","player_choice":"Damaged","floor":45.0,"gold_loss":0.0,"damage_taken":8.0}],"is_beta":false,"boss_relics":[{"not_picked":["Velvet Choker","Pandora\u0027s Box"],"picked":"Empty Cage"},{"not_picked":["Black Star","Orrery"],"picked":"Cursed Key"}],"items_purged_floors":[2,10,19,36],"is_endless":false,"potions_floor_spawned":[7,13,16,27,31,33,37,39,44],"killed_by":"The Heart","ascension_level":7}