{"gold_per_floor":[114,129,144,144,144,174,174,204,204,219,219,234,264,279,279,379,379,394,394,409,13,13,43,43,73,73,103,103,118,133,148,148,248,248,263,278,293,18,33,33,33],"floor_reached":41,"playtime":3918,"items_purged":["Doubt"],"score":600,"play_id":"077506d3-0660-48ce-9870-3d7108d14e06","local_time":"20190519211944","daily_mods":["Shiny","Green Cards","Elite Swarm"],"is_ascension_mode":false,"campfire_choices":[{"floor":7,"key":"REST"},{"floor":11,"key":"REST"},{"floor":15,"key":"REST"},{"floor":24,"key":"REST"},{"floor":28,"key":"REST"},{"floor":32,"key":"REST"},{"floor":40,"key":"REST"}],"neow_cost":"","seed_source_timestamp":38313872996760,"circlet_count":0,"master_deck":["Venomology","Corpse Explosion","Malaise","Phantasmal Killer","Die Die Die","Adrenaline","Envenom","Doppelganger","Burst","Wraith Form v2","Tools of the Trade","Night Terror","Unload","After Image","Bullet Time","Storm of Steel","Glass Knife","A Thousand Cuts","Grand Finale","Multi-Cast","Hyperbeam","Thunder Strike","Biased Cognition","Machine Learning","Electrodynamics","Buffer","Rainbow","Seek","Meteor Strike","Echo Form","All For One","Reboot","Amplify","Creative AI","Fission","Core Surge","Finisher","Endless Agony","BootSequence","Seek","Venomology","Leap","Ball Lightning","Corpse Explosion+1","Leap","Corpse Explosion","Steam Power+1","All Out Attack+1","Conserve Battery","Buffer","Meteor Strike+1","Echo Form","Conserve Battery","Deadly Poison","Sucker Punch+1","Redo","Streamline+1","Sweeping Beam+1","Multi-Cast","Dagger Spray+1","Redo+1","Crippling Poison+1","Leap+1","Cold Snap+1","Conserve Battery+1","Calculated Gamble","Reinforced Body"],"special_seed":18036,"relics":["Cracked Core","Mango","Lantern","Blue Candle","Bag of Marbles","White Beast Statue","ClockworkSouvenir","Omamori","Dodecahedron","Anchor","Molten Egg 2","Cables","Prayer Wheel","Nuclear Battery","Toy Ornithopter"],"potions_floor_usage":[16,16,18,20,20,23,27,29,30,33,33,33,33,33,36,36,37,39,39,41,41],"damage_taken":[{"damage":6,"enemies":"Cultist","floor":1,"turns":3},{"damage":4,"enemies":"Small Slimes","floor":2,"turns":4},{"damage":9,"enemies":"Jaw Worm","floor":3,"turns":2},{"damage":16,"enemies":"Gremlin Nob","floor":6,"turns":4},{"damage":9,"enemies":"3 Sentries","floor":8,"turns":3},{"damage":11,"enemies":"Red Slaver","floor":10,"turns":3},{"damage":0,"enemies":"Blue Slaver","floor":12,"turns":2},{"damage":20,"enemies":"Lagavulin","floor":13,"turns":6},{"damage":7,"enemies":"Exordium Thugs","floor":14,"turns":3},{"damage":44,"enemies":"Slime Boss","floor":16,"turns":8},{"damage":21,"enemies":"Spheric Guardian","floor":18,"turns":4},{"damage":3,"enemies":"Shell Parasite","floor":20,"turns":5},{"damage":0,"enemies":"Slavers","floor":23,"turns":2},{"damage":0,"enemies":"Gremlin Leader","floor":25,"turns":6},{"damage":50,"enemies":"Slavers","floor":27,"turns":5},{"damage":23,"enemies":"Snecko","floor":29,"turns":5},{"damage":7,"enemies":"Snake Plant","floor":30,"turns":4},{"damage":0,"enemies":"Cultist and Chosen","floor":31,"turns":2},{"damage":86,"enemies":"Collector","floor":33,"turns":9},{"damage":25,"enemies":"3 Darklings","floor":35,"turns":4},{"damage":5,"enemies":"3 Shapes","floor":36,"turns":3},{"damage":15,"enemies":"Sphere and 2 Shapes","floor":37,"turns":3},{"damage":30,"enemies":"Writhing Mass","floor":39,"turns":8},{"damage":67,"enemies":"Reptomancer","floor":41,"turns":3}],"seed_played":"1966369025298368100","potions_obtained":[{"floor":1,"key":"Ancient Potion"},{"floor":2,"key":"FearPotion"},{"floor":20,"key":"Fire Potion"},{"floor":23,"key":"FearPotion"},{"floor":27,"key":"Regen Potion"},{"floor":29,"key":"AttackPotion"},{"floor":35,"key":"Swift Potion"},{"floor":36,"key":"Fruit Juice"},{"floor":37,"key":"Dexterity Potion"},{"floor":39,"key":"GamblersBrew"}],"is_trial":false,"path_per_floor":["M","M","M","?","?","E","R","E","T","M","R","M","E","M","R","B",null,"M","?","M","$","T","E","R","E","T","E","R","M","M","M","R","B",null,"M","M","M","$","M","R","E"],"character_chosen":"DEFECT","items_purchased":["ClockworkSouvenir","Omamori","Conserve Battery","Toy Ornithopter"],"campfire_rested":7,"item_purchase_floors":[21,21,21,38],"current_hp_per_floor":[69,65,56,56,56,54,80,71,71,60,86,86,66,59,85,41,89,68,68,65,65,65,65,89,89,89,39,65,56,49,49,75,3,89,64,64,49,49,29,57,0],"gold":33,"neow_bonus":"","is_prod":false,"is_daily":true,"chose_seed":false,"campfire_upgraded":0,"win_rate":0.0,"timestamp":1558322384,"path_taken":["M","M","?","?","?","E","R","E","T","M","R","M","E","?","R","BOSS","M","?","M","$","?","E","R","E","T","E","R","M","M","M","R","BOSS","M","?","M","$","M","R","E"],"build_version":"2019-01-23","purchased_purges":1,"victory":false,"max_hp_per_floor":[75,75,75,75,75,89,89,89,89,89,89,89,89,89,89,89,89,89,89,89,89,89,89,89,89,89,89,89,89,89,89,89,89,89,89,94,94,94,94,94,94],"card_choices":[{"not_picked":["Riddle With Holes","BootSequence"],"picked":"Finisher","floor":1},{"not_picked":["Blade Dance","Dagger Throw"],"picked":"Endless Agony","floor":2},{"not_picked":["Hello World","Skim"],"picked":"BootSequence","floor":3},{"not_picked":["Phantasmal Killer","Machine Learning"],"picked":"Seek","floor":6},{"not_picked":["Meteor Strike","Tools of the Trade"],"picked":"Venomology","floor":8},{"not_picked":["Dodge and Roll","Steam"],"picked":"Leap","floor":10},{"not_picked":["Quick Slash","Deflect"],"picked":"Ball Lightning","floor":12},{"not_picked":["All For One","Bullet Time"],"picked":"Corpse Explosion","floor":13},{"not_picked":["Crippling Poison","Deflect"],"picked":"Leap","floor":14},{"not_picked":["Core Surge","Malaise"],"picked":"Corpse Explosion","floor":16},{"not_picked":["Bane","Beam Cell"],"picked":"Steam Power+1","floor":18},{"not_picked":["Melter+1","Streamline+1"],"picked":"All Out Attack+1","floor":20},{"not_picked":["Corpse Explosion","Adrenaline"],"picked":"Buffer","floor":23},{"not_picked":["Biased Cognition","Electrodynamics"],"picked":"Meteor Strike","floor":25},{"not_picked":["Reboot","Night Terror"],"picked":"Echo Form","floor":27},{"not_picked":["PiercingWail","Accuracy"],"picked":"Conserve Battery","floor":29},{"not_picked":["Terror","Blade Dance"],"picked":"Deadly Poison","floor":29},{"not_picked":["Skim","Outmaneuver"],"picked":"Sucker Punch+1","floor":30},{"not_picked":["Bane+1","PiercingWail+1"],"picked":"Redo","floor":30},{"not_picked":["Beam Cell+1","Deadly Poison"],"picked":"Streamline+1","floor":31},{"not_picked":["Backflip","Night Terror"],"picked":"Sweeping Beam+1","floor":31},{"not_picked":["Phantasmal Killer","Envenom"],"picked":"Multi-Cast","floor":33},{"not_picked":["Deflect+1","Expertise+1"],"picked":"Dagger Spray+1","floor":35},{"not_picked":["Slice+1","Poisoned Stab+1"],"picked":"Redo+1","floor":35},{"not_picked":["Underhanded Strike+1","Backflip"],"picked":"Crippling Poison+1","floor":36},{"not_picked":["Multi-Cast","Deflect"],"picked":"Leap+1","floor":36},{"not_picked":["Barrage+1","Outmaneuver"],"picked":"Cold Snap+1","floor":37},{"not_picked":["Steam Power","Bane+1"],"picked":"Conserve Battery+1","floor":37},{"not_picked":["Dodge and Roll","Cloak And Dagger"],"picked":"Calculated Gamble","floor":39},{"not_picked":["Acrobatics+1","Blade Dance+1"],"picked":"Reinforced Body","floor":39}],"player_experience":52029,"relics_obtained":[{"floor":6,"key":"Mango"},{"floor":8,"key":"Lantern"},{"floor":9,"key":"Blue Candle"},{"floor":13,"key":"Bag of Marbles"},{"floor":22,"key":"Dodecahedron"},{"floor":23,"key":"Anchor"},{"floor":25,"key":"Molten Egg 2"},{"floor":26,"key":"Cables"},{"floor":27,"key":"Prayer Wheel"}],"event_choices":[{"damage_healed":0,"gold_gain":0,"player_choice":"Ignored","damage_taken":0,"max_hp_gain":0,"max_hp_loss":0,"event_name":"Liars Game","floor":4,"gold_loss":0},{"damage_healed":0,"gold_gain":0,"player_choice":"1 cards matched","damage_taken":0,"max_hp_gain":0,"max_hp_loss":0,"event_name":"Match and Keep!","floor":5,"gold_loss":0,"cards_obtained":["Doubt"]},{"damage_healed":0,"gold_gain":0,"player_choice":"Upgraded","damage_taken":0,"max_hp_gain":0,"max_hp_loss":0,"event_name":"Upgrade Shrine","floor":19,"gold_loss":0,"cards_upgraded":["Corpse Explosion"]}],"is_beta":false,"boss_relics":[{"not_picked":["Philosopher\u0027s Stone","Cursed Key"],"picked":"White Beast Statue"},{"not_picked":["Tiny House","Fusion Hammer"],"picked":"Nuclear Battery"}],"items_purged_floors":[38],"is_endless":false,"potions_floor_spawned":[1,2,6,10,18,20,23,25,27,29,30,31,33,35,36,37,39],"killed_by":"Reptomancer","ascension_level":0}