{"gold_per_floor":[112,112,132,46,63,63,89,89,114,114,114,146,71,100,100,174,174,188,188,113,113],"floor_reached":21,"playtime":1014,"items_purged":["Strike_R"],"score":357,"play_id":"fd9efce7-9164-47e2-b6f9-6837e7e513ae","local_time":"20190312134746","is_ascension_mode":true,"campfire_choices":[{"data":"Rampage","floor":6.0,"key":"SMITH"},{"floor":8.0,"key":"REST"},{"floor":15.0,"key":"REST"}],"neow_cost":"NONE","seed_source_timestamp":12417669633138,"circlet_count":0,"master_deck":["AscendersBane","Strike_R","Defend_R","Defend_R","Defend_R","Defend_R","Bash","Spot Weakness","Disarm","Blood for Blood","Rampage+1","Second Wind","Clothesline","Headbutt","Feel No Pain","Dark Embrace","Combust+1","J.A.X."],"special_seed":0,"relics":["Burning Blood","Boot","Omamori","Red Skull","Meat on the Bone","Gambling Chip","Eternal Feather"],"potions_floor_usage":[21],"damage_taken":[{"damage":6.0,"enemies":"2 Louse","floor":1.0,"turns":3.0},{"damage":4.0,"enemies":"Cultist","floor":3.0,"turns":3.0},{"damage":14.0,"enemies":"Small Slimes","floor":5.0,"turns":4.0},{"damage":45.0,"enemies":"3 Sentries","floor":7.0,"turns":6.0},{"damage":30.0,"enemies":"Gremlin Nob","floor":12.0,"turns":5.0},{"damage":35.0,"enemies":"Lagavulin","floor":14.0,"turns":6.0},{"damage":46.0,"enemies":"The Guardian","floor":16.0,"turns":10.0},{"damage":47.0,"enemies":"3 Byrds","floor":18.0,"turns":6.0},{"damage":38,"enemies":"Shell Parasite","floor":21,"turns":3}],"seed_played":"5129311702814282677","potions_obtained":[{"floor":1.0,"key":"AttackPotion"},{"floor":5.0,"key":"GamblersBrew"},{"floor":12.0,"key":"GamblersBrew"},{"floor":14.0,"key":"BloodPotion"}],"is_trial":false,"path_per_floor":["M","?","M","$","M","R","E","R","T","?","?","E","$","E","R","B",null,"M","?","?","M"],"character_chosen":"IRONCLAD","items_purchased":["Rampage"],"campfire_rested":2,"item_purchase_floors":[4],"current_hp_per_floor":[68,68,70,70,62,62,23,45,45,45,63,39,39,22,44,23,62,33,33,33,0],"gold":113,"neow_bonus":"RANDOM_COMMON_RELIC","is_prod":false,"is_daily":false,"chose_seed":false,"campfire_upgraded":1,"win_rate":0,"timestamp":1552366066,"path_taken":["M","?","M","?","M","R","E","R","T","?","?","E","?","E","R","BOSS","M","?","?","M"],"build_version":"2019-01-23","purchased_purges":1,"victory":false,"max_hp_per_floor":[75,75,75,75,75,75,75,75,75,75,75,75,75,75,75,75,75,75,75,75,75],"card_choices":[{"not_picked":["Fire Breathing","Ghostly Armor"],"picked":"Spot Weakness","floor":1.0},{"not_picked":["True Grit","Entrench"],"picked":"Blood for Blood","floor":3.0},{"not_picked":["Cleave","Twin Strike"],"picked":"Second Wind","floor":5.0},{"not_picked":["Iron Wave","Anger"],"picked":"Clothesline","floor":7.0},{"not_picked":["Pommel Strike","Wild Strike"],"picked":"Headbutt","floor":12.0},{"not_picked":["Shrug It Off","Bloodletting"],"picked":"Feel No Pain","floor":14.0},{"not_picked":["Immolate","Juggernaut"],"picked":"Dark Embrace","floor":16.0},{"not_picked":["Flex","Armaments"],"picked":"Combust+1","floor":18.0}],"player_experience":293782,"relics_obtained":[{"floor":7.0,"key":"Omamori"},{"floor":9.0,"key":"Red Skull"},{"floor":12.0,"key":"Meat on the Bone"},{"floor":14.0,"key":"Gambling Chip"}],"event_choices":[{"damage_healed":0.0,"max_hp_gain":0.0,"max_hp_loss":0.0,"gold_gain":0.0,"cards_transformed":["Strike_R"],"event_name":"Transmorgrifier","player_choice":"Transformed","floor":2.0,"gold_loss":0.0,"damage_taken":0.0,"cards_obtained":["Disarm"]},{"cards_removed":["Strike_R"],"damage_healed":0.0,"max_hp_gain":0.0,"max_hp_loss":0.0,"gold_gain":0.0,"event_name":"Living Wall","player_choice":"Forget","floor":10.0,"gold_loss":0.0,"damage_taken":0.0},{"damage_healed":18.0,"max_hp_gain":0.0,"max_hp_loss":0.0,"gold_gain":0.0,"event_name":"Mushrooms","player_choice":"Healed and dodged fight","floor":11.0,"gold_loss":0.0,"damage_taken":0.0,"cards_obtained":["Parasite"]},{"damage_healed":0.0,"max_hp_gain":0.0,"max_hp_loss":0.0,"gold_gain":0.0,"event_name":"Drug Dealer","player_choice":"Obtain J.A.X.","floor":19.0,"gold_loss":0.0,"damage_taken":0.0,"cards_obtained":["J.A.X."]},{"cards_removed":["Strike_R"],"damage_healed":0.0,"max_hp_gain":0.0,"max_hp_loss":0.0,"gold_gain":0.0,"event_name":"Beggar","player_choice":"Gave Gold","floor":20.0,"gold_loss":75.0,"damage_taken":0.0}],"is_beta":false,"boss_relics":[{"not_picked":["Coffee Dripper","Pandora\u0027s Box"],"picked":"Eternal Feather"}],"items_purged_floors":[13],"is_endless":false,"potions_floor_spawned":[1,5,12,14],"killed_by":"Shell Parasite","ascension_level":17}