{"gold_per_floor":[115,190,190,201,218,218,218,218,265,278,19,36,36,1,1,77,77,88,3,3,22,40,65,77,189,201,213,245,257,279,305,317,402,414,445,457,469,495,562,604,634,646],"floor_reached":42,"playtime":1962,"items_purged":[],"score":996,"play_id":"53887850-1710-4fd9-abda-c8752f5564ca","local_time":"20190218002631","is_ascension_mode":true,"campfire_choices":[{"data":"Loop","floor":6,"key":"SMITH"},{"floor":8,"key":"REST"},{"data":"Defragment","floor":13,"key":"SMITH"},{"data":"Zap","floor":15,"key":"SMITH"},{"data":"Recycle","floor":24,"key":"SMITH"},{"floor":27,"key":"REST"},{"floor":29,"key":"REST"},{"data":"Heatsinks","floor":32,"key":"SMITH"}],"neow_cost":"NONE","seed_source_timestamp":294497852089100,"circlet_count":0,"master_deck":["AscendersBane","Zap+1","Biased Cognition","FTL","Loop+1","Coolheaded","Cold Snap","Defragment+1","Force Field","Biased Cognition","Fusion","Hyperbeam","Multi-Cast","Recycle+1","Loop","Aggregate","Amplify","Undo","Defragment+1","Cold Snap","Meteor Strike","Heatsinks+1","Undo","Creative AI","Panacea","Dark Shackles"],"relics":["Cracked Core","Centennial Puzzle","PreservedInsect","DataDisk","Pandora\u0027s Box","Lantern","MawBank","Calipers","Cables","Inserter","Gremlin Horn"],"potions_floor_usage":[7,7,18,22,23,40,42],"damage_taken":[{"damage":12,"enemies":"Jaw Worm","floor":1,"turns":3},{"damage":13,"enemies":"Small Slimes","floor":4,"turns":2},{"damage":1,"enemies":"Cultist","floor":5,"turns":3},{"damage":19,"enemies":"3 Sentries","floor":7,"turns":8},{"damage":2,"enemies":"Large Slime","floor":10,"turns":3},{"damage":5,"enemies":"2 Fungi Beasts","floor":12,"turns":3},{"damage":0,"enemies":"The Guardian","floor":16,"turns":12},{"damage":22,"enemies":"2 Thieves","floor":18,"turns":2},{"damage":0,"enemies":"3 Byrds","floor":21,"turns":3},{"damage":9,"enemies":"Shelled Parasite and Fungi","floor":22,"turns":6},{"damage":3,"enemies":"Book of Stabbing","floor":23,"turns":4},{"damage":13,"enemies":"Colosseum Slavers","floor":25,"turns":4},{"damage":9,"enemies":"Colosseum Nobs","floor":25,"turns":3},{"damage":0,"enemies":"Snecko","floor":28,"turns":8},{"damage":15,"enemies":"Centurion and Healer","floor":30,"turns":4},{"damage":0,"enemies":"Snake Plant","floor":31,"turns":4},{"damage":13,"enemies":"Champ","floor":33,"turns":17},{"damage":8,"enemies":"3 Shapes","floor":35,"turns":6},{"damage":5,"enemies":"3 Darklings","floor":38,"turns":4},{"damage":35,"enemies":"Nemesis","floor":40,"turns":7},{"damage":0,"enemies":"Sphere and 2 Shapes","floor":41,"turns":5},{"damage":19,"enemies":"Jaw Worm Horde","floor":42,"turns":2}],"seed_played":"9188547795869937965","potions_obtained":[{"floor":1,"key":"Swift Potion"},{"floor":5,"key":"SmokeBomb"},{"floor":10,"key":"Weak Potion"},{"floor":16,"key":"FearPotion"},{"floor":18,"key":"SteroidPotion"},{"floor":21,"key":"Energy Potion"},{"floor":35,"key":"Regen Potion"},{"floor":40,"key":"Block Potion"}],"is_trial":false,"path_per_floor":["M","?","?","M","M","R","E","R","T","M","$","M","R","?","R","B",null,"M","?","?","M","M","E","R","?","T","R","M","R","M","M","R","B",null,"M","?","?","M","T","E","M","M"],"character_chosen":"DEFECT","items_purchased":["DataDisk","Defragment"],"campfire_rested":3,"item_purchase_floors":[11,11],"current_hp_per_floor":[52,41,41,28,27,27,8,29,29,27,27,22,22,39,39,39,63,41,41,41,41,32,29,29,7,7,28,28,49,34,34,34,21,59,51,51,41,36,36,16,16,0],"gold":646,"neow_bonus":"TRANSFORM_CARD","is_prod":false,"is_daily":false,"chose_seed":false,"campfire_upgraded":5,"win_rate":0,"timestamp":1550417191,"path_taken":["M","?","?","?","M","R","E","R","T","M","$","M","R","?","R","BOSS","M","?","?","M","?","E","R","?","T","R","M","R","M","M","R","BOSS","M","?","?","M","?","E","?","M"],"build_version":"2019-01-23","purchased_purges":0,"victory":false,"max_hp_per_floor":[71,71,71,71,71,71,71,71,71,71,71,71,71,71,71,71,71,71,71,71,71,71,71,71,71,71,71,71,71,71,71,71,71,71,71,71,71,71,71,71,71,71],"card_choices":[{"not_picked":["Heatsinks","Barrage"],"picked":"FTL","floor":1},{"not_picked":["Stack","Rip and Tear"],"picked":"Loop","floor":4},{"not_picked":["Skim","Cold Snap"],"picked":"Coolheaded","floor":5},{"not_picked":["Heatsinks","Machine Learning"],"picked":"Cold Snap","floor":10},{"not_picked":["Stack","Lockon"],"picked":"Force Field","floor":12},{"not_picked":["Buffer","Thunder Strike"],"picked":"Biased Cognition","floor":16},{"not_picked":["Sweeping Beam","Hologram"],"picked":"Undo","floor":18},{"not_picked":["Heatsinks","Gash"],"picked":"Cold Snap","floor":21},{"not_picked":["Sweeping Beam","Gash"],"picked":"Meteor Strike","floor":22},{"not_picked":["Aggregate","Turbo"],"picked":"Heatsinks","floor":23},{"not_picked":["Turbo","Stack","Compile Driver"],"picked":"SKIP","floor":28},{"not_picked":["Streamline","Hologram","Redo+1"],"picked":"SKIP","floor":30},{"not_picked":["Ball Lightning","Gash"],"picked":"Undo","floor":31},{"not_picked":["Hyperbeam","Seek"],"picked":"Creative AI","floor":33},{"not_picked":["Go for the Eyes","Redo","Conserve Battery"],"picked":"SKIP","floor":35},{"not_picked":["Secret Technique","Finesse"],"picked":"Panacea","floor":37},{"not_picked":["PanicButton","Violence"],"picked":"Dark Shackles","floor":37},{"not_picked":["Tempest","Doom and Gloom","Capacitor"],"picked":"SKIP","floor":38},{"not_picked":["Redo","Capacitor","Cold Snap"],"picked":"SKIP","floor":40},{"not_picked":["Gash+1","Sweeping Beam","Fusion"],"picked":"SKIP","floor":41}],"player_experience":4319372,"relics_obtained":[{"floor":3,"key":"Centennial Puzzle"},{"floor":9,"key":"PreservedInsect"},{"floor":23,"key":"MawBank"},{"floor":25,"key":"Calipers"},{"floor":26,"key":"Cables"},{"floor":40,"key":"Gremlin Horn"}],"event_choices":[{"damage_healed":0,"gold_gain":75,"player_choice":"Gather Gold","damage_taken":11,"max_hp_gain":0,"max_hp_loss":0,"event_name":"World of Goop","floor":2,"gold_loss":0},{"damage_healed":0,"gold_gain":0,"player_choice":"Relic","damage_taken":0,"max_hp_gain":0,"max_hp_loss":0,"event_name":"Wheel of Change","floor":3,"gold_loss":0},{"damage_healed":17,"gold_gain":0,"player_choice":"Healed","damage_taken":0,"max_hp_gain":0,"max_hp_loss":0,"event_name":"The Cleric","floor":14,"gold_loss":35},{"damage_healed":0,"gold_gain":0,"player_choice":"Obtained Relic","damage_taken":0,"relics_obtained":["Lantern"],"max_hp_gain":0,"max_hp_loss":0,"event_name":"Addict","floor":19,"gold_loss":85},{"damage_healed":0,"gold_gain":0,"player_choice":"Copied","damage_taken":0,"max_hp_gain":0,"max_hp_loss":0,"event_name":"Duplicator","floor":20,"gold_loss":0,"cards_obtained":["Defragment"]},{"damage_healed":0,"gold_gain":0,"player_choice":"Fight","damage_taken":0,"max_hp_gain":0,"max_hp_loss":0,"event_name":"Colosseum","floor":25,"gold_loss":0},{"damage_healed":0,"gold_gain":0,"player_choice":"Fought Nobs","damage_taken":0,"max_hp_gain":0,"max_hp_loss":0,"event_name":"Colosseum","floor":25,"gold_loss":0},{"cards_removed":["Dualcast"],"damage_healed":0,"gold_gain":0,"player_choice":"Removed Skill","damage_taken":0,"max_hp_gain":0,"max_hp_loss":0,"event_name":"Falling","floor":36,"gold_loss":0},{"damage_healed":0,"gold_gain":0,"player_choice":"Memory 3","damage_taken":10,"max_hp_gain":0,"max_hp_loss":0,"event_name":"SensoryStone","floor":37,"gold_loss":0}],"is_beta":false,"boss_relics":[{"not_picked":["Fusion Hammer","Velvet Choker"],"picked":"Pandora\u0027s Box"},{"not_picked":["Astrolabe","Busted Crown"],"picked":"Inserter"}],"items_purged_floors":[],"is_endless":false,"potions_floor_spawned":[1,5,10,16,18,21,35,40],"killed_by":"Jaw Worm Horde","ascension_level":20}