{"gold_per_floor":[118,118,118,131,144,144,28,57,103,103,6,81,6,21,21,97,97,114,134,334,345,20,20,30,50,50,50,50],"floor_reached":28,"playtime":758,"items_purged":[],"score":509,"play_id":"72cbb4a6-0312-4d49-abab-63c9f514e20a","local_time":"20190317162103","is_ascension_mode":true,"campfire_choices":[{"floor":6.0,"key":"REST"},{"floor":10,"key":"REST"},{"floor":15,"key":"REST"},{"floor":23,"key":"REST"}],"neow_cost":"NONE","seed_source_timestamp":239146840829667,"circlet_count":0,"master_deck":["AscendersBane","Strike_R","Strike_R","Strike_R+1","Strike_R","Strike_R+1","Defend_R","Defend_R","Defend_R","Defend_R","Bash","Pommel Strike","Headbutt","Cleave","Corruption","Headbutt","Flame Barrier","Spot Weakness","Thunderclap","Fiend Fire","Armaments+1","Heavy Blade","Armaments+1","Rupture","Doubt","Ghostly","Ghostly","Ghostly"],"special_seed":0,"relics":["Busted Crown","Vajra","PreservedInsect","Cursed Key","Singing Bowl","Shuriken"],"potions_floor_usage":[14,16,21,24,28],"damage_taken":[{"damage":0.0,"enemies":"2 Louse","floor":1.0,"turns":4.0},{"damage":9.0,"enemies":"Small Slimes","floor":4.0,"turns":3.0},{"damage":2.0,"enemies":"Jaw Worm","floor":5.0,"turns":2.0},{"damage":30.0,"enemies":"Lagavulin","floor":8.0,"turns":5.0},{"damage":7,"enemies":"Exordium Wildlife","floor":14,"turns":2},{"damage":0,"enemies":"Slime Boss","floor":16,"turns":5},{"damage":17,"enemies":"Shell Parasite","floor":18,"turns":4},{"damage":19,"enemies":"Spheric Guardian","floor":19,"turns":4},{"damage":0,"enemies":"Centurion and Healer","floor":21,"turns":3},{"damage":30,"enemies":"Shelled Parasite and Fungi","floor":24,"turns":3},{"damage":18,"enemies":"Snake Plant","floor":25,"turns":4},{"damage":22,"enemies":"Colosseum Slavers","floor":28,"turns":1}],"seed_played":"-8213473192838375172","potions_obtained":[{"floor":4.0,"key":"Fire Potion"},{"floor":8,"key":"Ancient Potion"},{"floor":18,"key":"Explosive Potion"},{"floor":21,"key":"GamblersBrew"}],"is_trial":false,"path_per_floor":["M","?","?","M","M","R","$","E","T","R","$","?","$","M","R","B",null,"M","M","?","M","$","R","M","M","T","?","?"],"character_chosen":"IRONCLAD","items_purchased":["Corruption","Headbutt","Flame Barrier","Explosive Potion","Spot Weakness","Singing Bowl","Energy Potion"],"campfire_rested":4,"item_purchase_floors":[7,7,11,11,13,22,22],"current_hp_per_floor":[68,68,45,36,34,56,56,26,26,48,48,37,37,30,52,52,69,52,33,33,33,33,55,25,9,9,9,0],"gold":50,"neow_bonus":"BOSS_RELIC","is_prod":false,"is_daily":false,"chose_seed":false,"campfire_upgraded":0,"win_rate":0,"timestamp":1552807263,"path_taken":["M","?","?","M","M","R","?","E","T","R","?","?","$","M","R","BOSS","M","M","?","?","?","R","M","M","T","?","?"],"build_version":"2019-01-23","purchased_purges":0,"victory":false,"max_hp_per_floor":[75,75,75,75,75,75,75,75,75,75,75,75,75,75,75,75,75,75,75,75,75,75,75,75,77,77,38,38],"card_choices":[{"not_picked":[],"picked":"Pommel Strike","floor":1.0},{"not_picked":[],"picked":"Headbutt","floor":4.0},{"not_picked":[],"picked":"Cleave","floor":5.0},{"not_picked":["Clash"],"picked":"SKIP","floor":8},{"not_picked":[],"picked":"Thunderclap","floor":14},{"not_picked":[],"picked":"Fiend Fire","floor":16},{"not_picked":[],"picked":"Armaments+1","floor":18},{"not_picked":[],"picked":"Heavy Blade","floor":19},{"not_picked":[],"picked":"Armaments+1","floor":21},{"not_picked":[],"picked":"Rupture","floor":24},{"not_picked":["Fire Breathing"],"picked":"Singing Bowl","floor":25}],"player_experience":344569,"relics_obtained":[{"floor":8,"key":"Vajra"},{"floor":9,"key":"PreservedInsect"},{"floor":26,"key":"Shuriken"}],"event_choices":[{"damage_healed":0.0,"max_hp_gain":0.0,"max_hp_loss":0.0,"gold_gain":0.0,"event_name":"Liars Game","player_choice":"Ignored","floor":2.0,"gold_loss":0.0,"damage_taken":0.0},{"damage_healed":0.0,"max_hp_gain":0.0,"max_hp_loss":0.0,"gold_gain":0.0,"event_name":"Shining Light","player_choice":"Entered Light","floor":3.0,"gold_loss":0.0,"damage_taken":23.0,"cards_upgraded":["Strike_R","Strike_R"]},{"damage_healed":0,"gold_gain":75,"player_choice":"Gather Gold","damage_taken":11,"max_hp_gain":0,"max_hp_loss":0,"event_name":"World of Goop","floor":12,"gold_loss":0},{"damage_healed":0,"gold_gain":250,"player_choice":"Bet on Owner","damage_taken":0,"max_hp_gain":0,"max_hp_loss":0,"event_name":"The Joust","floor":20,"gold_loss":50},{"damage_healed":0,"gold_gain":0,"player_choice":"Became a Ghost","damage_taken":0,"max_hp_gain":0,"max_hp_loss":39,"event_name":"Ghosts","floor":27,"gold_loss":0,"cards_obtained":["Ghostly","Ghostly","Ghostly"]},{"damage_healed":0,"gold_gain":0,"player_choice":"Fight","damage_taken":0,"max_hp_gain":0,"max_hp_loss":0,"event_name":"Colosseum","floor":28,"gold_loss":0}],"is_beta":false,"boss_relics":[{"not_picked":["Eternal Feather","Orrery"],"picked":"Cursed Key"}],"items_purged_floors":[],"is_endless":false,"potions_floor_spawned":[4,8,18,21],"killed_by":"Colosseum Slavers","ascension_level":18}