{"gold_per_floor":[117,137,62,78,78,104,119,194,221,221,231,258,68,86,86,184,184,204,303,7,12,23,23,42,42,114,114],"floor_reached":27,"playtime":1773,"items_purged":["Strike_B"],"score":270,"play_id":"45eac526-4f38-4aa1-984d-f677909caa5d","local_time":"20190106002622","is_ascension_mode":true,"campfire_choices":[{"floor":15.0,"key":"REST"},{"data":"Strike_B","floor":23.0,"key":"PURGE"},{"data":"Defend_B","floor":25.0,"key":"PURGE"}],"neow_cost":"NONE","seed_source_timestamp":1304723394439481,"circlet_count":0,"master_deck":["Strike_B","Strike_B","Defend_B","Defend_B","Zap","Dualcast","Cold Snap","Biased Cognition+1","Compile Driver","Rebound","Sunder","Ball Lightning","Streamline","Apotheosis","Reinforced Body","Creative AI","Leap","BootSequence","Capacitor","Coolheaded"],"special_seed":0,"relics":["White Beast Statue","Orichalcum","Bag of Preparation","Potion Belt","Inserter","Peace Pipe"],"potions_floor_usage":[27,27],"damage_taken":[{"damage":8.0,"enemies":"2 Louse","floor":1.0,"turns":3.0},{"damage":0.0,"enemies":"Cultist","floor":2.0,"turns":3.0},{"damage":0.0,"enemies":"Jaw Worm","floor":4.0,"turns":6.0},{"damage":17.0,"enemies":"Gremlin Nob","floor":6.0,"turns":5.0},{"damage":6.0,"enemies":"Blue Slaver","floor":7.0,"turns":5.0},{"damage":4.0,"enemies":"Red Slaver","floor":11.0,"turns":4.0},{"damage":14.0,"enemies":"Lagavulin","floor":12.0,"turns":6.0},{"damage":4.0,"enemies":"Large Slime","floor":14.0,"turns":3.0},{"damage":6.0,"enemies":"Hexaghost","floor":16.0,"turns":8.0},{"damage":15.0,"enemies":"Chosen","floor":18.0,"turns":5.0},{"damage":12.0,"enemies":"2 Thieves","floor":21.0,"turns":5.0},{"damage":0.0,"enemies":"Cultist and Chosen","floor":22.0,"turns":5.0},{"damage":28.0,"enemies":"3 Cultists","floor":24.0,"turns":6.0},{"damage":20,"enemies":"Book of Stabbing","floor":27,"turns":8}],"seed_played":"-5665943560457635309","potions_obtained":[{"floor":1.0,"key":"Strength Potion"},{"floor":2.0,"key":"GamblersBrew"},{"floor":4.0,"key":"GamblersBrew"},{"floor":6.0,"key":"GamblersBrew"},{"floor":7.0,"key":"Dexterity Potion"},{"floor":11.0,"key":"AttackPotion"},{"floor":12.0,"key":"Strength Potion"},{"floor":14.0,"key":"EssenceOfSteel"},{"floor":16.0,"key":"SpeedPotion"},{"floor":18.0,"key":"LiquidBronze"},{"floor":21.0,"key":"Weak Potion"},{"floor":22.0,"key":"Fire Potion"},{"floor":24.0,"key":"EssenceOfSteel"}],"is_trial":false,"path_per_floor":["M","M","$","M","?","E","M","?","T","?","M","E","$","M","R","B",null,"M","?","$","M","M","R","M","R","T","E"],"character_chosen":"DEFECT","items_purchased":["Apotheosis","Peace Pipe"],"campfire_rested":1,"item_purchase_floors":[13,20],"current_hp_per_floor":[67,67,67,67,67,50,44,33,33,33,29,15,15,11,33,27,75,60,60,60,48,48,48,20,20,20,0],"gold":114,"neow_bonus":"BOSS_RELIC","is_prod":false,"is_daily":false,"chose_seed":false,"campfire_upgraded":0,"win_rate":0,"timestamp":1546752382,"path_taken":["M","M","$","M","?","E","?","?","T","?","M","E","$","?","R","BOSS","M","?","$","M","M","R","M","R","T","E"],"build_version":"2019-01-03v4","purchased_purges":1,"victory":false,"max_hp_per_floor":[75,75,75,75,75,75,75,75,75,75,75,75,75,75,75,75,75,75,75,75,75,75,75,75,75,75,75],"card_choices":[{"not_picked":["Sweeping Beam","Turbo"],"picked":"Cold Snap","floor":1.0},{"not_picked":["Go for the Eyes","Chaos"],"picked":"Biased Cognition","floor":2.0},{"not_picked":["Streamline","Reprogram"],"picked":"Compile Driver","floor":4.0},{"not_picked":["Force Field","White Noise"],"picked":"Sunder","floor":6.0},{"not_picked":["Streamline","Skim"],"picked":"Ball Lightning","floor":7.0},{"not_picked":["Beam Cell","Rebound"],"picked":"Streamline","floor":11.0},{"not_picked":["Force Field","Streamline","Redo"],"picked":"SKIP","floor":12.0},{"not_picked":["Hello World","Go for the Eyes"],"picked":"Reinforced Body","floor":14.0},{"not_picked":["Thunder Strike","All For One"],"picked":"Creative AI","floor":16.0},{"not_picked":["Blizzard","Streamline+1"],"picked":"Leap","floor":18.0},{"not_picked":["Genetic Algorithm","Fusion"],"picked":"BootSequence","floor":21.0},{"not_picked":["Reprogram","Streamline+1"],"picked":"Capacitor","floor":22.0},{"not_picked":["Go for the Eyes","Aggregate+1"],"picked":"Coolheaded","floor":24.0}],"player_experience":296487,"relics_obtained":[{"floor":6.0,"key":"Orichalcum"},{"floor":9.0,"key":"Bag of Preparation"},{"floor":12.0,"key":"Potion Belt"}],"event_choices":[{"damage_healed":0.0,"max_hp_gain":0.0,"max_hp_loss":0.0,"gold_gain":0.0,"cards_transformed":["Defend_B"],"event_name":"Transmorgrifier","player_choice":"Transformed","floor":5.0,"gold_loss":0.0,"damage_taken":0.0,"cards_obtained":["Rebound"]},{"damage_healed":0.0,"max_hp_gain":0.0,"max_hp_loss":0.0,"gold_gain":75.0,"event_name":"World of Goop","player_choice":"Gather Gold","floor":8.0,"gold_loss":0.0,"damage_taken":11.0},{"damage_healed":0.0,"max_hp_gain":0.0,"max_hp_loss":0.0,"gold_gain":0.0,"event_name":"Upgrade Shrine","player_choice":"Upgraded","floor":10.0,"gold_loss":0.0,"damage_taken":0.0,"cards_upgraded":["Biased Cognition"]},{"damage_healed":0.0,"max_hp_gain":0.0,"max_hp_loss":0.0,"gold_gain":99.0,"event_name":"Nest","player_choice":"Stole From Cult","floor":19.0,"gold_loss":0.0,"damage_taken":0.0}],"is_beta":false,"boss_relics":[{"not_picked":["Runic Dome","Velvet Choker"],"picked":"Inserter"}],"items_purged_floors":[3],"is_endless":false,"potions_floor_spawned":[1,2,4,6,7,11,12,14,16,18,21,22,24],"killed_by":"Book of Stabbing","ascension_level":4}