{"gold_per_floor":[113,113,113,39,39,70,87,98,148,168,168,198,214,239,239,344,344,364,364,274,47,47],"floor_reached":22,"playtime":1134,"items_purged":["Strike_B"],"score":352,"play_id":"eb6c620c-ac8b-4b57-9401-a648551791a9","local_time":"20190117222326","is_ascension_mode":true,"campfire_choices":[{"data":"Coolheaded","floor":11.0,"key":"SMITH"},{"floor":15.0,"key":"REST"}],"neow_cost":"NONE","seed_source_timestamp":475481694173047,"circlet_count":0,"master_deck":["AscendersBane","Strike_B+1","Strike_B+1","Defend_B","Defend_B","Defend_B","Defend_B","Zap","Dualcast","Compile Driver","Rainbow+1","White Noise","Streamline","Coolheaded+1","Capacitor","Glacier","Force Field","Echo Form","Reboot","Hologram"],"special_seed":0,"relics":["Cracked Core","NeowsBlessing","Whetstone","Potion Belt","Boot","Pantograph","White Beast Statue","Bronze Scales"],"potions_floor_usage":[],"damage_taken":[{"damage":0.0,"enemies":"2 Louse","floor":1.0,"turns":1.0},{"damage":0.0,"enemies":"Lagavulin","floor":6.0,"turns":1.0},{"damage":0.0,"enemies":"Jaw Worm","floor":7.0,"turns":1.0},{"damage":1.0,"enemies":"Cultist","floor":8.0,"turns":3.0},{"damage":15.0,"enemies":"Looter","floor":10.0,"turns":3.0},{"damage":19.0,"enemies":"3 Sentries","floor":12.0,"turns":7.0},{"damage":10.0,"enemies":"Red Slaver","floor":13.0,"turns":4.0},{"damage":10.0,"enemies":"Lagavulin","floor":14.0,"turns":6.0},{"damage":28.0,"enemies":"Slime Boss","floor":16.0,"turns":12.0},{"damage":21.0,"enemies":"Shell Parasite","floor":18.0,"turns":7.0},{"damage":39.0,"enemies":"2 Thieves","floor":20.0,"turns":5.0},{"damage":12,"enemies":"Centurion and Healer","floor":22,"turns":2}],"seed_played":"8787236187227840274","potions_obtained":[{"floor":1.0,"key":"Ancient Potion"},{"floor":8.0,"key":"FocusPotion"},{"floor":10.0,"key":"FocusPotion"},{"floor":14.0,"key":"Explosive Potion"},{"floor":16.0,"key":"FocusPotion"},{"floor":18.0,"key":"Fruit Juice"},{"floor":20.0,"key":"Block Potion"}],"is_trial":false,"path_per_floor":["M","?","?","$","?","E","M","M","T","M","R","E","M","E","R","B",null,"M","?","M","$","M"],"character_chosen":"DEFECT","items_purchased":["Rainbow","Bronze Scales"],"campfire_rested":1,"item_purchase_floors":[4,21],"current_hp_per_floor":[68,68,68,68,68,68,68,67,67,52,52,33,23,13,35,32,64,43,43,9,9,0],"gold":47,"neow_bonus":"THREE_ENEMY_KILL","is_prod":false,"is_daily":false,"chose_seed":false,"campfire_upgraded":1,"win_rate":0,"timestamp":1547781806,"path_taken":["M","?","?","$","?","E","M","M","T","M","R","E","?","E","R","BOSS","M","?","?","$","M"],"build_version":"2019-01-17","purchased_purges":1,"victory":false,"max_hp_per_floor":[75,75,75,75,75,75,75,75,75,75,75,75,75,75,75,75,75,75,75,80,80,80],"card_choices":[{"not_picked":["Fusion","Blizzard"],"picked":"Compile Driver","floor":1.0},{"not_picked":["Turbo","Rip and Tear"],"picked":"White Noise","floor":6.0},{"not_picked":["Compile Driver","Recycle","Skim"],"picked":"SKIP","floor":7.0},{"not_picked":["Compile Driver","Beam Cell"],"picked":"Streamline","floor":8.0},{"not_picked":["Hello World","Conserve Battery"],"picked":"Coolheaded","floor":10.0},{"not_picked":["Leap","Static Discharge"],"picked":"Capacitor","floor":12.0},{"not_picked":["Fusion","Loop"],"picked":"Glacier","floor":13.0},{"not_picked":["FTL","Steam"],"picked":"Force Field","floor":14.0},{"not_picked":["Electrodynamics","Multi-Cast"],"picked":"Echo Form","floor":16.0},{"not_picked":["Compile Driver+1","Melter","White Noise"],"picked":"SKIP","floor":18.0},{"not_picked":["Beam Cell","Genetic Algorithm"],"picked":"Hologram","floor":20.0}],"player_experience":419675,"relics_obtained":[{"floor":6.0,"key":"Whetstone"},{"floor":9.0,"key":"Potion Belt"},{"floor":12.0,"key":"Boot"},{"floor":14.0,"key":"Pantograph"}],"event_choices":[{"cards_removed":["Strike_B"],"damage_healed":0.0,"max_hp_gain":0.0,"max_hp_loss":0.0,"gold_gain":0.0,"event_name":"Living Wall","player_choice":"Forget","floor":2.0,"gold_loss":0.0,"damage_taken":0.0},{"damage_healed":0.0,"max_hp_gain":0.0,"max_hp_loss":0.0,"gold_gain":0.0,"event_name":"Liars Game","player_choice":"Ignored","floor":3.0,"gold_loss":0.0,"damage_taken":0.0},{"damage_healed":0.0,"max_hp_gain":0.0,"max_hp_loss":0.0,"gold_gain":0.0,"event_name":"Upgrade Shrine","player_choice":"Upgraded","floor":5.0,"gold_loss":0.0,"damage_taken":0.0,"cards_upgraded":["Rainbow"]},{"damage_healed":0.0,"max_hp_gain":0.0,"max_hp_loss":0.0,"gold_gain":0.0,"event_name":"Match and Keep!","player_choice":"1 cards matched","floor":19.0,"gold_loss":0.0,"damage_taken":0.0,"cards_obtained":["Reboot"]}],"is_beta":false,"boss_relics":[{"not_picked":["Tiny House","Orrery"],"picked":"White Beast Statue"}],"items_purged_floors":[21],"is_endless":false,"potions_floor_spawned":[1,8,10,14,16,18,20],"killed_by":"Centurion and Healer","ascension_level":11}