{"gold_per_floor":[111,126,137,155,165,191,220,220,220,120,154,9,9,21,21,95,95,113,113,113,35,46,71,71,86,109,139,139,139,150,150,150,224,224,240,340,34,34,51,51,80,80,80,109,109,125,151,151,151,151],"floor_reached":51,"playtime":4607,"items_purged":[],"score":1396,"play_id":"45611cc6-d027-4995-8581-2cb02345c178","local_time":"20190307135823","is_ascension_mode":true,"campfire_choices":[{"floor":8.0,"key":"REST"},{"data":"Perfected Strike","floor":13.0,"key":"SMITH"},{"floor":15.0,"key":"REST"},{"data":"Bash","floor":24.0,"key":"SMITH"},{"floor":32.0,"key":"REST"},{"data":"Heavy Blade","floor":40.0,"key":"SMITH"},{"data":"Heavy Blade","floor":42.0,"key":"SMITH"},{"floor":45.0,"key":"REST"},{"data":"Second Wind","floor":49.0,"key":"SMITH"}],"neow_cost":"NONE","seed_source_timestamp":9734841764943,"circlet_count":0,"master_deck":["AscendersBane","Strike_R","Strike_R+1","Strike_R","Strike_R+1","Defend_R","Defend_R","Defend_R","Defend_R","Bash+1","Rage","Perfected Strike+1","Corruption","Shrug It Off","Barricade","Perfected Strike","Carnage","Shrug It Off","Clothesline","Dual Wield","Reaper","Necronomicurse","Carnage","Armaments+1","Second Wind+1","Heavy Blade+1","Evolve","Flame Barrier","Juggernaut","Perfected Strike","Bloodletting+1","Rupture","Heavy Blade+1","Shame","Clothesline","Exhume"],"special_seed":0,"relics":["Snecko Eye","Odd Mushroom","FossilizedHelix","Mercury Hourglass","Whetstone","Philosopher\u0027s Stone","Necronomicon","Ginger","Potion Belt","Bird Faced Urn","Shuriken","Cursed Key","Peace Pipe","Blue Candle","Pocketwatch","The Courier","Self Forming Clay","Gremlin Horn"],"potions_floor_usage":[],"damage_taken":[{"damage":1.0,"enemies":"Cultist","floor":1.0,"turns":4.0},{"damage":7.0,"enemies":"Jaw Worm","floor":2.0,"turns":4.0},{"damage":6.0,"enemies":"Small Slimes","floor":3.0,"turns":3.0},{"damage":16.0,"enemies":"3 Louse","floor":4.0,"turns":3.0},{"damage":4.0,"enemies":"Exordium Wildlife","floor":5.0,"turns":4.0},{"damage":11.0,"enemies":"Gremlin Nob","floor":6.0,"turns":3.0},{"damage":8.0,"enemies":"The Mushroom Lair","floor":7.0,"turns":5.0},{"damage":7.0,"enemies":"Lagavulin","floor":11.0,"turns":4.0},{"damage":0.0,"enemies":"Lots of Slimes","floor":14.0,"turns":3.0},{"damage":13.0,"enemies":"Hexaghost","floor":16.0,"turns":6.0},{"damage":0.0,"enemies":"Chosen","floor":18.0,"turns":3.0},{"damage":12.0,"enemies":"2 Thieves","floor":22.0,"turns":3.0},{"damage":15.0,"enemies":"Slavers","floor":23.0,"turns":3.0},{"damage":18.0,"enemies":"Snake Plant","floor":25.0,"turns":2.0},{"damage":21.0,"enemies":"Gremlin Leader","floor":27.0,"turns":5.0},{"damage":0.0,"enemies":"Cultist and Chosen","floor":30.0,"turns":2.0},{"damage":15.0,"enemies":"Champ","floor":33.0,"turns":7.0},{"damage":0.0,"enemies":"3 Darklings","floor":35.0,"turns":4.0},{"damage":18.0,"enemies":"Mind Bloom Boss Battle","floor":36.0,"turns":4.0},{"damage":11.0,"enemies":"3 Shapes","floor":39.0,"turns":3.0},{"damage":25.0,"enemies":"Giant Head","floor":41.0,"turns":6.0},{"damage":27.0,"enemies":"Reptomancer","floor":44.0,"turns":3.0},{"damage":1.0,"enemies":"3 Darklings","floor":46.0,"turns":5.0},{"damage":5.0,"enemies":"Giant Head","floor":47.0,"turns":5.0},{"damage":31,"enemies":"Awakened One","floor":50,"turns":2}],"seed_played":"5090711155628381180","potions_obtained":[{"floor":1.0,"key":"FearPotion"},{"floor":6.0,"key":"Weak Potion"},{"floor":7.0,"key":"AttackPotion"},{"floor":11.0,"key":"LiquidBronze"},{"floor":18.0,"key":"Ancient Potion"},{"floor":27.0,"key":"FearPotion"},{"floor":36.0,"key":"Energy Potion"},{"floor":38.0,"key":"LiquidBronze"},{"floor":44.0,"key":"Fruit Juice"},{"floor":47.0,"key":"Block Potion"}],"is_trial":false,"path_per_floor":["M","M","M","M","M","E","?","R","T","$","E","$","R","M","R","B",null,"M","?","?","$","M","E","R","M","T","E","?","T","M","?","R","B",null,"M","?","$","?","M","R","E","R","T","E","R","M","E","?","R","B",null],"character_chosen":"IRONCLAD","items_purchased":["Carnage","Shrug It Off","Whetstone","Carnage","Rupture","Blue Candle"],"campfire_rested":4,"item_purchase_floors":[10,10,12,21,37,37],"current_hp_per_floor":[71,64,58,42,38,27,19,43,43,43,36,36,36,36,60,47,72,72,72,56,56,60,63,63,45,45,48,48,48,50,35,60,69,81,85,69,69,69,60,60,58,58,58,52,79,90,90,90,90,90],"gold":151,"neow_bonus":"BOSS_RELIC","is_prod":false,"is_daily":false,"chose_seed":false,"campfire_upgraded":5,"win_rate":0,"timestamp":1551934703,"path_taken":["M","M","M","?","M","E","?","R","T","$","E","$","R","M","R","BOSS","M","?","?","?","M","E","R","?","T","E","?","?","M","?","R","BOSS","M","?","$","?","?","R","E","R","T","E","R","M","E","?","R","BOSS"],"build_version":"2019-01-23","purchased_purges":0,"victory":true,"max_hp_per_floor":[80,80,80,80,80,80,80,80,80,80,80,80,80,80,80,80,80,80,80,80,80,80,80,80,80,80,80,80,80,80,85,85,85,85,85,85,85,85,85,85,85,85,85,90,90,90,90,90,90,90],"card_choices":[{"not_picked":["Hemokinesis","Rupture"],"picked":"Rage","floor":1.0},{"not_picked":["Headbutt","Cleave","Bloodletting"],"picked":"SKIP","floor":2.0},{"not_picked":["Infernal Blade","Twin Strike"],"picked":"Perfected Strike","floor":3.0},{"not_picked":["Anger","Sword Boomerang"],"picked":"Corruption","floor":4.0},{"not_picked":["Offering","True Grit"],"picked":"Shrug It Off","floor":5.0},{"not_picked":["Entrench","Metallicize"],"picked":"Barricade","floor":6.0},{"not_picked":["Clothesline","Wild Strike"],"picked":"Perfected Strike","floor":7.0},{"not_picked":["Burning Pact","Searing Blow"],"picked":"Clothesline","floor":11.0},{"not_picked":["Armaments","Iron Wave"],"picked":"Dual Wield","floor":14.0},{"not_picked":["Double Tap","Feed"],"picked":"Reaper","floor":16.0},{"not_picked":["Havoc","Infernal Blade","Shrug It Off"],"picked":"SKIP","floor":18.0},{"not_picked":["Clothesline","Combust"],"picked":"Armaments+1","floor":22.0},{"not_picked":["Flex","Havoc"],"picked":"Second Wind","floor":23.0},{"not_picked":["Wild Strike","True Grit","Thunderclap+1"],"picked":"SKIP","floor":25.0},{"not_picked":["Feed","True Grit"],"picked":"Heavy Blade","floor":27.0},{"not_picked":["Anger","Body Slam"],"picked":"Flame Barrier","floor":30.0},{"not_picked":["Reaper","Immolate"],"picked":"Juggernaut","floor":33.0},{"not_picked":["Rage+1","Dual Wield"],"picked":"Perfected Strike","floor":35.0},{"not_picked":["Warcry","True Grit"],"picked":"Bloodletting+1","floor":36.0},{"not_picked":["Rage","Clothesline"],"picked":"Heavy Blade","floor":39.0},{"not_picked":["Warcry","Sever Soul","Thunderclap"],"picked":"SKIP","floor":41.0},{"not_picked":["Thunderclap","Headbutt"],"picked":"Clothesline","floor":44.0},{"not_picked":["Body Slam+1","Rage","Headbutt"],"picked":"SKIP","floor":46.0},{"not_picked":["Hemokinesis+1","Metallicize"],"picked":"Exhume","floor":47.0}],"player_experience":248876,"relics_obtained":[{"floor":7.0,"key":"Odd Mushroom"},{"floor":9.0,"key":"FossilizedHelix"},{"floor":11.0,"key":"Mercury Hourglass"},{"floor":20.0,"key":"Necronomicon"},{"floor":23.0,"key":"Ginger"},{"floor":26.0,"key":"Potion Belt"},{"floor":27.0,"key":"Bird Faced Urn"},{"floor":29.0,"key":"Shuriken"},{"floor":36.0,"key":"Peace Pipe"},{"floor":41.0,"key":"Pocketwatch"},{"floor":43.0,"key":"The Courier"},{"floor":44.0,"key":"Self Forming Clay"},{"floor":47.0,"key":"Gremlin Horn"}],"event_choices":[{"damage_healed":0.0,"max_hp_gain":0.0,"max_hp_loss":0.0,"gold_gain":0.0,"event_name":"Mushrooms","player_choice":"Fought Mushrooms","floor":7.0,"gold_loss":0.0,"damage_taken":0.0},{"damage_healed":0.0,"max_hp_gain":0.0,"max_hp_loss":0.0,"gold_gain":0.0,"event_name":"Vampires","player_choice":"Ignored","floor":19.0,"gold_loss":0.0,"damage_taken":0.0},{"damage_healed":0.0,"max_hp_gain":0.0,"max_hp_loss":0.0,"gold_gain":0.0,"event_name":"Cursed Tome","player_choice":"Obtained Book","floor":20.0,"gold_loss":0.0,"damage_taken":16.0},{"damage_healed":0.0,"max_hp_gain":0.0,"max_hp_loss":0.0,"gold_gain":0.0,"event_name":"The Library","player_choice":"Read","floor":28.0,"gold_loss":0.0,"damage_taken":0.0,"cards_obtained":["Evolve"]},{"damage_healed":0.0,"max_hp_gain":5.0,"max_hp_loss":0.0,"gold_gain":0.0,"event_name":"Forgotten Altar","player_choice":"Shed Blood","floor":31.0,"gold_loss":0.0,"damage_taken":20.0},{"damage_healed":0.0,"max_hp_gain":0.0,"max_hp_loss":0.0,"gold_gain":0.0,"event_name":"MindBloom","player_choice":"Fight","floor":36.0,"gold_loss":0.0,"damage_taken":0.0},{"damage_healed":0.0,"max_hp_gain":0.0,"max_hp_loss":0.0,"gold_gain":0.0,"event_name":"Lab","player_choice":"Got Potions","floor":38.0,"gold_loss":0.0,"damage_taken":0.0},{"cards_removed":["Strike_R"],"damage_healed":0.0,"max_hp_gain":0.0,"max_hp_loss":0.0,"gold_gain":0.0,"event_name":"Falling","player_choice":"Removed Attack","floor":48.0,"gold_loss":0.0,"damage_taken":0.0}],"is_beta":false,"boss_relics":[{"not_picked":["Orrery","Tiny House"],"picked":"Philosopher\u0027s Stone"},{"not_picked":["Runic Pyramid","Eternal Feather"],"picked":"Cursed Key"}],"items_purged_floors":[],"is_endless":false,"potions_floor_spawned":[1,6,7,11,18,22,27,36,44,47],"ascension_level":13}