{"gold_per_floor":[116,134,209,209,209,239,239,255,326,352,352,368,378,391,391,391],"floor_reached":16,"playtime":562,"items_purged":[],"score":253,"play_id":"36a91f6a-ebf8-4817-88de-dc9aad21b02c","local_time":"20190313135535","is_ascension_mode":true,"campfire_choices":[{"data":"Anger","floor":7.0,"key":"SMITH"},{"data":"Barricade","floor":11,"key":"SMITH"},{"data":"Armaments","floor":15,"key":"SMITH"}],"neow_cost":"NONE","seed_source_timestamp":14157573809591,"circlet_count":0,"master_deck":["AscendersBane","Strike_R","Strike_R","Strike_R","Strike_R","Strike_R","Defend_R","Defend_R","Defend_R","Defend_R","Bash","Anger+1","Spot Weakness","Reaper","Clothesline","Barricade+1","Armaments+1","Rupture"],"special_seed":0,"relics":["Burning Blood","NeowsBlessing","SsserpentHead","Potion Belt","Blue Candle","Anchor"],"potions_floor_usage":[10,16],"damage_taken":[{"damage":0.0,"enemies":"Cultist","floor":1.0,"turns":1.0},{"damage":0.0,"enemies":"Small Slimes","floor":2.0,"turns":1.0},{"damage":0.0,"enemies":"Gremlin Nob","floor":6.0,"turns":1.0},{"damage":12.0,"enemies":"2 Louse","floor":8.0,"turns":4.0},{"damage":20,"enemies":"3 Sentries","floor":10,"turns":8},{"damage":24,"enemies":"Gremlin Gang","floor":12,"turns":5},{"damage":6,"enemies":"Blue Slaver","floor":13,"turns":5},{"damage":21,"enemies":"Exordium Thugs","floor":14,"turns":4},{"damage":51,"enemies":"Hexaghost","floor":16,"turns":9}],"seed_played":"2432393144575185791","potions_obtained":[{"floor":2.0,"key":"Dexterity Potion"},{"floor":8.0,"key":"Fire Potion"},{"floor":13,"key":"SteroidPotion"}],"is_trial":false,"path_per_floor":["M","M","?","?","?","E","R","M","T","E","R","M","M","M","R","B"],"character_chosen":"IRONCLAD","items_purchased":[],"campfire_rested":0,"item_purchase_floors":[],"current_hp_per_floor":[74,75,64,69,69,75,75,77,77,71,71,63,64,49,49,0],"gold":391,"neow_bonus":"THREE_ENEMY_KILL","is_prod":false,"is_daily":false,"chose_seed":false,"campfire_upgraded":3,"win_rate":0,"timestamp":1552452935,"path_taken":["M","?","?","?","?","E","R","M","T","E","R","M","M","M","R","BOSS"],"build_version":"2019-01-23","purchased_purges":0,"victory":false,"max_hp_per_floor":[75,75,75,80,80,80,80,80,80,80,80,80,80,80,80,80],"card_choices":[{"not_picked":["Warcry","Rage"],"picked":"Anger","floor":1.0},{"not_picked":["Headbutt","Iron Wave"],"picked":"Spot Weakness","floor":2.0},{"not_picked":["Sentinel","Pommel Strike"],"picked":"Reaper","floor":6.0},{"not_picked":["Thunderclap","Shrug It Off"],"picked":"Clothesline","floor":8.0},{"not_picked":["Fire Breathing","Clash"],"picked":"Barricade","floor":10},{"not_picked":["True Grit","Pommel Strike"],"picked":"Armaments","floor":12},{"not_picked":["Iron Wave","Inflame"],"picked":"Rupture","floor":13},{"not_picked":["Searing Blow","Headbutt","Armaments"],"picked":"SKIP","floor":14}],"player_experience":306952,"relics_obtained":[{"floor":6.0,"key":"Potion Belt"},{"floor":9.0,"key":"Blue Candle"},{"floor":10,"key":"Anchor"}],"event_choices":[{"damage_healed":0.0,"max_hp_gain":0.0,"max_hp_loss":0.0,"gold_gain":75.0,"event_name":"World of Goop","player_choice":"Gather Gold","floor":3.0,"gold_loss":0.0,"damage_taken":11.0},{"damage_healed":0.0,"max_hp_gain":5.0,"max_hp_loss":0.0,"gold_gain":0.0,"event_name":"Big Fish","player_choice":"Donut","floor":4.0,"gold_loss":0.0,"damage_taken":0.0},{"damage_healed":0.0,"max_hp_gain":0.0,"max_hp_loss":0.0,"gold_gain":0.0,"event_name":"FaceTrader","player_choice":"Trade","floor":5.0,"gold_loss":0.0,"damage_taken":0.0,"relics_obtained":["SsserpentHead"]}],"is_beta":false,"boss_relics":[],"items_purged_floors":[],"is_endless":false,"potions_floor_spawned":[2,8,13],"killed_by":"Hexaghost","ascension_level":17}