{"gold_per_floor":[116,128,139,155,155,155,155,80,154,154,79,90,90],"floor_reached":13,"playtime":170,"items_purged":["Strike_R"],"score":150,"play_id":"9361c067-d239-4837-872c-5aa6dfae3c16","local_time":"20190214024447","is_ascension_mode":true,"campfire_choices":[{"data":"Heavy Blade","floor":6,"key":"SMITH"},{"floor":7,"key":"REST"}],"neow_cost":"PERCENT_DAMAGE","seed_source_timestamp":1238342376980700,"circlet_count":0,"master_deck":["AscendersBane","Strike_R","Strike_R","Defend_R","Defend_R","Defend_R","Defend_R","Bash","Twin Strike","Heavy Blade+1","Heavy Blade+1","Pommel Strike","Second Wind"],"relics":["Burning Blood","WingedGreaves","Mercury Hourglass"],"potions_floor_usage":[],"damage_taken":[{"damage":9,"enemies":"Jaw Worm","floor":1,"turns":3},{"damage":1,"enemies":"Cultist","floor":2,"turns":3},{"damage":10,"enemies":"Small Slimes","floor":3,"turns":3},{"damage":31,"enemies":"Exordium Wildlife","floor":4,"turns":4},{"damage":13,"enemies":"Red Slaver","floor":12,"turns":3},{"damage":20,"enemies":"Gremlin Gang","floor":13,"turns":3}],"seed_played":"-1647585643923202195","potions_obtained":[{"floor":2,"key":"LiquidBronze"},{"floor":4,"key":"Dexterity Potion"}],"is_trial":false,"path_per_floor":["M","M","M","M","?","R","R","?","T","?","$","M","M"],"character_chosen":"IRONCLAD","items_purchased":[],"campfire_rested":1,"item_purchase_floors":[],"current_hp_per_floor":[47,52,48,23,23,23,45,45,45,45,45,38,18],"gold":90,"neow_bonus":"ONE_RARE_RELIC","is_prod":false,"is_daily":false,"chose_seed":false,"campfire_upgraded":1,"win_rate":0,"timestamp":1550079887,"path_taken":["M","M","M","M","?","R","R","?","T","?","$","?","M"],"build_version":"2019-01-23","purchased_purges":1,"victory":false,"max_hp_per_floor":[75,75,75,75,75,75,75,75,75,75,75,75,75],"card_choices":[{"not_picked":["Wild Strike","Clash"],"picked":"Twin Strike","floor":1},{"not_picked":["Flex","Fire Breathing","Iron Wave"],"picked":"SKIP","floor":2},{"not_picked":["Clothesline","Havoc"],"picked":"Heavy Blade","floor":3},{"not_picked":["Iron Wave","Disarm"],"picked":"Heavy Blade","floor":4},{"not_picked":["Rampage","Ghostly Armor"],"picked":"Second Wind","floor":12}],"player_experience":4290533,"relics_obtained":[{"floor":9,"key":"Mercury Hourglass"}],"event_choices":[{"damage_healed":0,"gold_gain":0,"player_choice":"Grow","damage_taken":0,"max_hp_gain":0,"max_hp_loss":0,"event_name":"Living Wall","floor":5,"gold_loss":0,"cards_upgraded":["Heavy Blade"]},{"cards_removed":["Strike_R"],"damage_healed":0,"gold_gain":0,"player_choice":"Card Removal","damage_taken":0,"max_hp_gain":0,"max_hp_loss":0,"event_name":"The Cleric","floor":8,"gold_loss":75},{"damage_healed":0,"gold_gain":0,"cards_transformed":["Strike_R"],"player_choice":"Transformed","damage_taken":0,"max_hp_gain":0,"max_hp_loss":0,"event_name":"Transmorgrifier","floor":10,"gold_loss":0,"cards_obtained":["Pommel Strike"]}],"is_beta":false,"boss_relics":[],"items_purged_floors":[11],"is_endless":false,"potions_floor_spawned":[2,4,12],"killed_by":"Gremlin Gang","ascension_level":20}