{"gold_per_floor":[110,130,130,205,31,31,31,31,57,57,76,76,1,1,1,91,91,109,125,125,149,149,149,173,98,98,98,138,138,157,175,175,268,268,293,311,324,349,349,349,387,387,435,435,460,474,497,143,143,143,143,143,143,85,118,118],"floor_reached":57,"playtime":2777,"items_purged":["Strike_B","Streamline+1"],"score":2709,"play_id":"5f1d63ec-e7c2-4167-9ff5-c8e5a190465a","local_time":"20190108013238","is_ascension_mode":true,"campfire_choices":[{"data":"Streamline","floor":6.0,"key":"SMITH"},{"data":"Zap","floor":8.0,"key":"SMITH"},{"data":"Impatience","floor":10.0,"key":"SMITH"},{"data":"Dualcast","floor":12.0,"key":"SMITH"},{"data":"Defend_B","floor":15.0,"key":"SMITH"},{"data":"Consume","floor":23.0,"key":"SMITH"},{"data":"Leap","floor":27.0,"key":"SMITH"},{"data":"Coolheaded","floor":29.0,"key":"SMITH"},{"data":"Electrodynamics","floor":32.0,"key":"SMITH"},{"data":"Darkness","floor":40.0,"key":"SMITH"},{"data":"Redo","floor":42.0,"key":"SMITH"},{"floor":44.0,"key":"RECALL"},{"floor":49.0,"key":"REST"},{"data":"Capacitor","floor":53.0,"key":"SMITH"}],"neow_cost":"NONE","seed_source_timestamp":513178006095523,"circlet_count":0,"master_deck":["AscendersBane","Defend_B+1","Defend_B","Defend_B+1","Zap+1","Dualcast+1","Ball Lightning","Impatience+1","Electrodynamics+1","Leap+1","Consume+1","Coolheaded+1","Chill","Reboot+1","Redo+1","White Noise","Darkness+1","Decay","Redo+1","Defragment+1","Capacitor+1","White Noise","Coolheaded"],"special_seed":0,"relics":["Sozu","Golden Idol","Anchor","Inserter","Meat on the Bone","Incense Burner","Ancient Tea Set","Runic Pyramid","Regal Pillow","War Paint","Oddly Smooth Stone"],"potions_floor_usage":[],"damage_taken":[{"damage":10.0,"enemies":"Small Slimes","floor":1.0,"turns":3.0},{"damage":7.0,"enemies":"Jaw Worm","floor":2.0,"turns":3.0},{"damage":0.0,"enemies":"2 Louse","floor":11.0,"turns":1.0},{"damage":6.0,"enemies":"The Guardian","floor":16.0,"turns":7.0},{"damage":17.0,"enemies":"Chosen","floor":18.0,"turns":4.0},{"damage":11.0,"enemies":"2 Thieves","floor":19.0,"turns":3.0},{"damage":8.0,"enemies":"Centurion and Healer","floor":21.0,"turns":4.0},{"damage":25.0,"enemies":"Sentry and Sphere","floor":24.0,"turns":5.0},{"damage":35.0,"enemies":"Book of Stabbing","floor":28.0,"turns":4.0},{"damage":2.0,"enemies":"Shelled Parasite and Fungi","floor":30.0,"turns":4.0},{"damage":0.0,"enemies":"Centurion and Healer","floor":31.0,"turns":9.0},{"damage":0.0,"enemies":"Automaton","floor":33.0,"turns":7.0},{"damage":0.0,"enemies":"3 Shapes","floor":35.0,"turns":3.0},{"damage":0.0,"enemies":"3 Darklings","floor":36.0,"turns":4.0},{"damage":0.0,"enemies":"Maw","floor":37.0,"turns":5.0},{"damage":37.0,"enemies":"Writhing Mass","floor":38.0,"turns":5.0},{"damage":17.0,"enemies":"Giant Head","floor":41.0,"turns":7.0},{"damage":2.0,"enemies":"4 Shapes","floor":45.0,"turns":4.0},{"damage":10.0,"enemies":"Spire Growth","floor":46.0,"turns":5.0},{"damage":0.0,"enemies":"Transient","floor":47.0,"turns":6.0},{"damage":24.0,"enemies":"Time Eater","floor":50.0,"turns":13.0},{"damage":16.0,"enemies":"Awakened One","floor":51.0,"turns":12.0},{"damage":0.0,"enemies":"Shield and Spear","floor":55.0,"turns":6.0},{"damage":45,"enemies":"The Heart","floor":56,"turns":11}],"seed_played":"-1616133040024603269","potions_obtained":[],"is_trial":false,"path_per_floor":["M","M","?","?","$","R","?","R","T","R","M","R","?","?","R","B",null,"M","M","?","M","T","R","M","?","T","R","E","R","M","M","R","B",null,"M","M","M","M","?","R","E","R","T","R","M","M","M","$","R","B","B",null,"R","$","E","B",null],"character_chosen":"DEFECT","items_purchased":["Impatience","White Noise","War Paint","Coolheaded"],"campfire_rested":1,"item_purchase_floors":[5,48,48,54],"current_hp_per_floor":[54,47,40,29,29,29,29,29,29,29,29,29,29,29,29,23,54,37,26,64,56,56,56,43,43,43,43,20,20,30,42,42,42,59,59,59,59,34,34,34,29,29,29,29,39,41,41,41,64,40,36,57,57,57,57,24],"gold":118,"neow_bonus":"BOSS_RELIC","is_prod":false,"is_daily":false,"chose_seed":false,"campfire_upgraded":12,"win_rate":0,"timestamp":1546878758,"path_taken":["M","M","?","?","$","R","?","R","T","R","?","R","?","?","R","BOSS","M","?","?","?","?","R","M","?","T","R","E","R","M","M","R","BOSS","M","M","M","M","?","R","E","R","T","R","?","M","?","$","R","BOSS","BOSS","R","$","E","BOSS"],"build_version":"2019-01-03v4","purchased_purges":2,"victory":true,"max_hp_per_floor":[71,71,71,71,71,71,64,64,64,64,64,64,64,64,64,64,64,64,64,64,64,64,64,64,64,64,64,64,64,64,64,64,64,64,64,64,64,64,64,64,64,64,64,64,64,64,64,64,64,64,64,64,64,64,64,64],"card_choices":[{"not_picked":["Undo","Double Energy"],"picked":"Streamline","floor":1.0},{"not_picked":["Gash","Rebound"],"picked":"Ball Lightning","floor":2.0},{"not_picked":["Streamline","Redo","Blizzard"],"picked":"SKIP","floor":11.0},{"not_picked":["Machine Learning","Amplify"],"picked":"Electrodynamics","floor":16.0},{"not_picked":["Rip and Tear","Auto Shields","Ball Lightning"],"picked":"SKIP","floor":18.0},{"not_picked":["Reinforced Body","Barrage+1"],"picked":"Leap","floor":19.0},{"not_picked":["Storm","Static Discharge"],"picked":"Consume","floor":21.0},{"not_picked":["Double Energy","Cold Snap","Consume"],"picked":"SKIP","floor":24.0},{"not_picked":["Creative AI","Rebound"],"picked":"Coolheaded","floor":28.0},{"not_picked":["Ball Lightning","Leap"],"picked":"Chill","floor":30.0},{"not_picked":["Hologram","Leap","Streamline"],"picked":"SKIP","floor":31.0},{"not_picked":["Core Surge","Multi-Cast"],"picked":"Reboot","floor":33.0},{"not_picked":["Redo","Gash","Aggregate+1"],"picked":"SKIP","floor":35.0},{"not_picked":["Gash","Aggregate+1"],"picked":"Redo","floor":35.0},{"not_picked":["Auto Shields","Go for the Eyes+1"],"picked":"White Noise","floor":36.0},{"not_picked":["Streamline+1","Cold Snap","Compile Driver"],"picked":"SKIP","floor":37.0},{"not_picked":["Turbo","Ball Lightning"],"picked":"Darkness","floor":38.0},{"not_picked":["Echo Form","Force Field+1"],"picked":"Redo+1","floor":41.0},{"not_picked":["Rebound","Ball Lightning"],"picked":"Defragment+1","floor":45.0},{"not_picked":["Gash","Sweeping Beam","Coolheaded"],"picked":"SKIP","floor":46.0},{"not_picked":["Capacitor","Redo","Compile Driver"],"picked":"SKIP","floor":47.0},{"not_picked":["Redo","Compile Driver"],"picked":"Capacitor","floor":47.0},{"not_picked":["Rip and Tear","Defragment","Rainbow"],"picked":"SKIP","floor":55.0}],"player_experience":4008566,"relics_obtained":[{"floor":9.0,"key":"Anchor"},{"floor":22.0,"key":"Meat on the Bone"},{"floor":26.0,"key":"Incense Burner"},{"floor":28.0,"key":"Ancient Tea Set"},{"floor":41.0,"key":"Regal Pillow"},{"floor":55.0,"key":"Oddly Smooth Stone"}],"event_choices":[{"cards_removed":["Strike_B"],"damage_healed":0.0,"max_hp_gain":0.0,"max_hp_loss":0.0,"gold_gain":0.0,"event_name":"Golden Wing","player_choice":"Card Removal","floor":3.0,"gold_loss":0.0,"damage_taken":7.0},{"damage_healed":0.0,"max_hp_gain":0.0,"max_hp_loss":0.0,"gold_gain":75.0,"event_name":"World of Goop","player_choice":"Gather Gold","floor":4.0,"gold_loss":0.0,"damage_taken":11.0},{"damage_healed":0.0,"max_hp_gain":0.0,"max_hp_loss":7.0,"gold_gain":0.0,"event_name":"Golden Idol","player_choice":"Lose Max HP","floor":7.0,"gold_loss":0.0,"damage_taken":0.0,"relics_obtained":["Golden Idol"]},{"cards_removed":["Strike_B"],"damage_healed":0.0,"max_hp_gain":0.0,"max_hp_loss":0.0,"gold_gain":0.0,"event_name":"The Cleric","player_choice":"Card Removal","floor":13.0,"gold_loss":75.0,"damage_taken":0.0},{"cards_removed":["Strike_B"],"damage_healed":0.0,"max_hp_gain":0.0,"max_hp_loss":0.0,"gold_gain":0.0,"event_name":"Purifier","player_choice":"Purged","floor":14.0,"gold_loss":0.0,"damage_taken":0.0},{"damage_healed":38.0,"max_hp_gain":0.0,"max_hp_loss":0.0,"gold_gain":0.0,"event_name":"Wheel of Change","player_choice":"Full Heal","floor":20.0,"gold_loss":0.0,"damage_taken":0.0},{"cards_removed":["Defend_B"],"damage_healed":0.0,"max_hp_gain":0.0,"max_hp_loss":0.0,"gold_gain":0.0,"event_name":"Beggar","player_choice":"Gave Gold","floor":25.0,"gold_loss":75.0,"damage_taken":0.0},{"damage_healed":0.0,"max_hp_gain":0.0,"max_hp_loss":0.0,"gold_gain":0.0,"event_name":"Wheel of Change","player_choice":"Cursed","floor":39.0,"gold_loss":0.0,"damage_taken":0.0,"cards_obtained":["Decay"]}],"is_beta":false,"boss_relics":[{"not_picked":["Orrery","White Beast Statue"],"picked":"Inserter"},{"not_picked":["Philosopher\u0027s Stone","Pandora\u0027s Box"],"picked":"Runic Pyramid"}],"items_purged_floors":[5,48],"is_endless":false,"potions_floor_spawned":[28,31,41,46,47],"ascension_level":20}