{"gold_per_floor":[217,0,75,91,12,41,41,114,141,158,186,204,56,69,69,166,166,183,98,98,110,126,159,174,174,174,174,49,49,82,98,98,194,194,208,222,72,89,134,134,168,168,168,187,187,187,203,220,220,220,220,220,45,74,74],"floor_reached":55,"playtime":4340,"items_purged":["Strike_B","Defend_B","Defend_B","Strike_B","Defend_B"],"score":836,"play_id":"5f4bdfb0-9312-4df6-8625-0c58e3c1df82","local_time":"20190106141622","is_ascension_mode":true,"campfire_choices":[{"data":"Defragment","floor":7.0,"key":"SMITH"},{"data":"Consume","floor":15.0,"key":"SMITH"},{"data":"Buffer","floor":25.0,"key":"SMITH"},{"floor":32.0,"key":"RECALL"},{"data":"Echo Form","floor":40.0,"key":"SMITH"},{"data":"Darkness","floor":46.0,"key":"SMITH"},{"data":"Loop","floor":49.0,"key":"SMITH"},{"data":"FTL","floor":52.0,"key":"SMITH"}],"neow_cost":"NONE","seed_source_timestamp":0,"circlet_count":0,"master_deck":["Zap","Dualcast+1","Cold Snap","Coolheaded","Ball Lightning","FTL+1","Coolheaded+1","Defragment+1","Leap","Consume+1","Conserve Battery","BootSequence","Amplify","Gash+1","Streamline+1","Buffer+1","BootSequence","Force Field","Gash+1","Buffer+1","Compile Driver+1","Darkness+1","Echo Form+1","Hologram+1","Skim+1","Self Repair+1","Flash of Steel","Loop+1","Doom and Gloom","Sweeping Beam+1"],"special_seed":0,"relics":["Cracked Core","Dream Catcher","Boot","War Paint","Astrolabe","DataDisk","Orichalcum","Matryoshka","Meat on the Bone","Sozu","Pocketwatch","Cables","Ancient Tea Set","PreservedInsect","Bronze Scales"],"potions_floor_usage":[],"damage_taken":[{"damage":2.0,"enemies":"Jaw Worm","floor":1.0,"turns":5.0},{"damage":4.0,"enemies":"2 Louse","floor":4.0,"turns":2.0},{"damage":6.0,"enemies":"Lagavulin","floor":6.0,"turns":7.0},{"damage":7.0,"enemies":"Small Slimes","floor":10.0,"turns":4.0},{"damage":2.0,"enemies":"3 Sentries","floor":11.0,"turns":7.0},{"damage":3.0,"enemies":"Exordium Wildlife","floor":12.0,"turns":4.0},{"damage":5.0,"enemies":"2 Fungi Beasts","floor":14.0,"turns":4.0},{"damage":25.0,"enemies":"The Guardian","floor":16.0,"turns":12.0},{"damage":0.0,"enemies":"Chosen","floor":18.0,"turns":4.0},{"damage":0.0,"enemies":"3 Byrds","floor":21.0,"turns":4.0},{"damage":9.0,"enemies":"Snake Plant","floor":22.0,"turns":5.0},{"damage":23.0,"enemies":"Book of Stabbing","floor":23.0,"turns":8.0},{"damage":12.0,"enemies":"Chosen and Byrds","floor":24.0,"turns":7.0},{"damage":10.0,"enemies":"Gremlin Leader","floor":30.0,"turns":8.0},{"damage":0.0,"enemies":"Snecko","floor":31.0,"turns":4.0},{"damage":20.0,"enemies":"Collector","floor":33.0,"turns":12.0},{"damage":0.0,"enemies":"3 Shapes","floor":35.0,"turns":6.0},{"damage":2.0,"enemies":"Orb Walker","floor":36.0,"turns":5.0},{"damage":9.0,"enemies":"3 Darklings","floor":38.0,"turns":7.0},{"damage":41.0,"enemies":"2 Orb Walkers","floor":39.0,"turns":6.0},{"damage":1.0,"enemies":"Nemesis","floor":41.0,"turns":7.0},{"damage":13.0,"enemies":"Writhing Mass","floor":44.0,"turns":7.0},{"damage":0.0,"enemies":"Transient","floor":47.0,"turns":5.0},{"damage":5.0,"enemies":"Sphere and 2 Shapes","floor":48.0,"turns":6.0},{"damage":47.0,"enemies":"Time Eater","floor":50.0,"turns":11.0},{"damage":13.0,"enemies":"Shield and Spear","floor":54.0,"turns":6.0},{"damage":73,"enemies":"The Heart","floor":55,"turns":6}],"seed_played":"9079481589949077709","potions_obtained":[{"floor":4.0,"key":"Fire Potion"},{"floor":14.0,"key":"Energy Potion"},{"floor":16.0,"key":"SneckoOil"},{"floor":22.0,"key":"EntropicBrew"},{"floor":24.0,"key":"Energy Potion"},{"floor":31.0,"key":"SkillPotion"}],"is_trial":false,"path_per_floor":["M","$","?","M","$","E","R","T","T","M","E","M","$","M","R","B",null,"M","?","$","M","M","E","M","R","T","?","$","$","E","M","R","B",null,"M","M","$","M","?","R","E","?","T","M","?","R","M","M","R","B",null,"R","$","E","B"],"character_chosen":"DEFECT","items_purchased":["Coolheaded","Ball Lightning","FTL","Defragment","Conserve Battery"],"campfire_rested":0,"item_purchase_floors":[2,2,2,5,13],"current_hp_per_floor":[73,73,62,58,58,52,52,52,52,45,43,40,40,35,35,10,75,75,75,75,75,66,43,31,31,31,56,56,56,46,46,46,38,75,75,73,73,64,35,35,46,46,46,55,45,45,65,60,60,25,75,75,75,72,0],"gold":74,"neow_bonus":"HUNDRED_GOLD","is_prod":false,"is_daily":false,"chose_seed":false,"campfire_upgraded":7,"win_rate":0,"timestamp":1546802182,"path_taken":["M","$","?","M","$","E","R","?","T","M","E","M","$","?","R","BOSS","M","?","$","M","M","E","M","R","T","?","$","?","E","M","R","BOSS","M","M","$","M","?","R","E","?","T","M","?","R","M","M","R","BOSS","R","$","E","BOSS"],"build_version":"2019-01-03v4","purchased_purges":5,"victory":false,"max_hp_per_floor":[75,75,75,75,75,75,75,75,75,75,75,75,75,75,75,75,75,75,75,75,75,75,75,75,75,75,75,75,75,75,75,75,75,75,75,75,75,75,75,75,75,75,75,75,75,75,75,75,75,75,75,75,75,75,75],"card_choices":[{"not_picked":["Leap","Static Discharge"],"picked":"Cold Snap","floor":1.0},{"not_picked":["Barrage","Gash"],"picked":"Coolheaded","floor":4.0},{"not_picked":["Scrape","Beam Cell"],"picked":"Leap","floor":6.0},{"not_picked":["Steam Power","Beam Cell","Aggregate"],"picked":"SKIP","floor":10.0},{"not_picked":["Compile Driver","Reboot"],"picked":"Consume","floor":11.0},{"not_picked":["Rebound","Turbo","Sweeping Beam"],"picked":"SKIP","floor":12.0},{"not_picked":["Coolheaded","Sweeping Beam"],"picked":"BootSequence","floor":14.0},{"not_picked":["Rainbow","Seek"],"picked":"Amplify","floor":16.0},{"not_picked":["Compile Driver","Coolheaded"],"picked":"BootSequence","floor":18.0},{"not_picked":["Storm+1","Stack"],"picked":"Force Field","floor":21.0},{"not_picked":["Ball Lightning","Conserve Battery"],"picked":"Gash+1","floor":22.0},{"not_picked":["Reprogram+1","Redo","Barrage"],"picked":"SKIP","floor":23.0},{"not_picked":["Leap","Turbo"],"picked":"Buffer","floor":24.0},{"not_picked":["Leap","Rebound+1"],"picked":"Compile Driver+1","floor":30.0},{"not_picked":["Streamline","Undo"],"picked":"Darkness","floor":31.0},{"not_picked":["Meteor Strike","All For One"],"picked":"Echo Form","floor":33.0},{"not_picked":["Melter+1","Go for the Eyes+1"],"picked":"Hologram+1","floor":35.0},{"not_picked":["Storm","Consume","Rebound"],"picked":"SKIP","floor":36.0},{"not_picked":["Redo+1","Force Field","Melter"],"picked":"SKIP","floor":38.0},{"not_picked":["Consume+1","Genetic Algorithm"],"picked":"Skim+1","floor":39.0},{"not_picked":["Static Discharge","Ball Lightning+1"],"picked":"Self Repair+1","floor":41.0},{"not_picked":["Reprogram+1","Hologram","Aggregate+1"],"picked":"SKIP","floor":44.0},{"not_picked":["Discovery","Panache"],"picked":"Flash of Steel","floor":45.0},{"not_picked":["Redo","Rebound+1"],"picked":"Loop","floor":47.0},{"not_picked":["Turbo","Steam Power+1"],"picked":"Doom and Gloom","floor":48.0},{"not_picked":["Beam Cell+1","Cold Snap+1"],"picked":"Sweeping Beam+1","floor":54.0}],"player_experience":298260,"relics_obtained":[{"floor":6.0,"key":"Dream Catcher"},{"floor":9.0,"key":"Boot"},{"floor":11.0,"key":"War Paint"},{"floor":23.0,"key":"Orichalcum"},{"floor":26.0,"key":"Matryoshka"},{"floor":30.0,"key":"Meat on the Bone"},{"floor":39.0,"key":"Pocketwatch"},{"floor":41.0,"key":"Cables"},{"floor":43.0,"key":"Ancient Tea Set"},{"floor":43.0,"key":"PreservedInsect"},{"floor":54.0,"key":"Bronze Scales"}],"event_choices":[{"damage_healed":0.0,"max_hp_gain":0.0,"max_hp_loss":0.0,"gold_gain":75.0,"event_name":"World of Goop","player_choice":"Gather Gold","floor":3.0,"gold_loss":0.0,"damage_taken":11.0},{"damage_healed":0.0,"max_hp_gain":0.0,"max_hp_loss":0.0,"gold_gain":0.0,"event_name":"Addict","player_choice":"Obtained Relic","floor":19.0,"gold_loss":85.0,"damage_taken":0.0,"relics_obtained":["DataDisk"]},{"damage_healed":25.0,"max_hp_gain":0.0,"max_hp_loss":0.0,"gold_gain":0.0,"event_name":"The Library","player_choice":"Heal","floor":27.0,"gold_loss":0.0,"damage_taken":0.0},{"damage_healed":0.0,"max_hp_gain":0.0,"max_hp_loss":0.0,"gold_gain":0.0,"event_name":"Mysterious Sphere","player_choice":"Fight","floor":39.0,"gold_loss":0.0,"damage_taken":0.0},{"damage_healed":0.0,"max_hp_gain":0.0,"max_hp_loss":0.0,"gold_gain":0.0,"event_name":"Tomb of Lord Red Mask","player_choice":"Ignored","floor":42.0,"gold_loss":0.0,"damage_taken":0.0},{"damage_healed":0.0,"max_hp_gain":0.0,"max_hp_loss":0.0,"gold_gain":0.0,"event_name":"SensoryStone","player_choice":"Memory 3","floor":45.0,"gold_loss":0.0,"damage_taken":10.0}],"is_beta":false,"boss_relics":[{"not_picked":["Runic Dome","Tiny House"],"picked":"Astrolabe"},{"not_picked":["Calling Bell","Lizard Tail"],"picked":"Sozu"}],"items_purged_floors":[2,13,28,37,53],"is_endless":false,"potions_floor_spawned":[4,14,16,22,24,31,35,41,44,54],"killed_by":"The Heart","ascension_level":4}