{"gold_per_floor":[116,116,116,132,142,142,16,16,64,64,64,93,93,16,16,90,90,106,206,218,218,230,230,241,241,241,241,96,115,115,115,115,115],"floor_reached":33,"playtime":885,"items_purged":["Doubt","Writhe"],"score":482,"play_id":"1b03ec33-90c1-4925-a223-4b20b4e7118a","local_time":"20190211021231","daily_mods":["Diverse"],"is_ascension_mode":true,"campfire_choices":[{"data":"Ball Lightning","floor":6,"key":"SMITH"},{"floor":8,"key":"REST"},{"data":"Cold Snap","floor":10,"key":"SMITH"},{"data":"Ball Lightning","floor":15,"key":"SMITH"},{"floor":23,"key":"REST"},{"floor":25,"key":"REST"},{"data":"1","floor":30,"key":"LIFT"},{"data":"2","floor":32,"key":"LIFT"}],"neow_cost":"","seed_source_timestamp":0,"circlet_count":0,"master_deck":["AscendersBane","Strike_R+1","Strike_R+1","Strike_R+1","Strike_R+1","Strike_R+1","Defend_R+1","Defend_R+1","Defend_R+1","Bash+1","Parasite","Well Laid Plans","Barrage","Ball Lightning+1","Intimidate","Cold Snap+1","Ball Lightning+1","All For One","Secret Technique","Blade Dance+1","Melter","Twin Strike","Deflect","Infinite Blades"],"relics":["Burning Blood","PrismaticShard","Calling Bell","Self Forming Clay","Orichalcum","Calipers","Centennial Puzzle","Darkstone Periapt","Runic Dome","Girya","Pantograph","Dodecahedron","Ornamental Fan","Frozen Egg 2"],"potions_floor_usage":[12,18,19,22,24,33,33],"damage_taken":[{"damage":14,"enemies":"Cultist","floor":1,"turns":5},{"damage":12,"enemies":"2 Louse","floor":4,"turns":4},{"damage":15,"enemies":"Small Slimes","floor":5,"turns":3},{"damage":8,"enemies":"3 Sentries","floor":12,"turns":6},{"damage":36,"enemies":"Slime Boss","floor":16,"turns":11},{"damage":16,"enemies":"2 Thieves","floor":18,"turns":3},{"damage":15,"enemies":"Colosseum Slavers","floor":19,"turns":4},{"damage":20,"enemies":"Colosseum Nobs","floor":19,"turns":5},{"damage":19,"enemies":"Spheric Guardian","floor":20,"turns":4},{"damage":20,"enemies":"3 Cultists","floor":22,"turns":5},{"damage":27,"enemies":"Chosen and Byrds","floor":24,"turns":5},{"damage":14,"enemies":"Shelled Parasite and Fungi","floor":29,"turns":4},{"damage":93,"enemies":"Champ","floor":33,"turns":7}],"seed_played":"-4275184413909424364","potions_obtained":[{"floor":4,"key":"SpeedPotion"},{"floor":5,"key":"AttackPotion"},{"floor":16,"key":"SteroidPotion"},{"floor":18,"key":"Swift Potion"},{"floor":20,"key":"Weak Potion"},{"floor":24,"key":"Poison Potion"},{"floor":29,"key":"BloodPotion"}],"is_trial":true,"path_per_floor":["M","?","?","M","M","R","$","R","T","R","?","E","?","$","R","B",null,"M","?","M","?","M","R","M","R","T","?","$","M","R","?","R","B"],"character_chosen":"IRONCLAD","items_purchased":["Cold Snap","All For One","Infinite Blades"],"campfire_rested":3,"item_purchase_floors":[7,14,28],"current_hp_per_floor":[60,37,37,31,22,22,22,44,44,44,49,47,40,40,40,10,63,53,30,17,23,9,34,13,38,38,38,38,30,30,30,30,0],"gold":115,"neow_bonus":"","is_prod":false,"is_daily":false,"chose_seed":false,"campfire_upgraded":3,"win_rate":0,"timestamp":1549818751,"path_taken":["M","?","?","?","M","R","$","R","T","R","?","E","?","?","R","BOSS","M","?","M","?","M","R","M","R","T","?","$","?","R","?","R","BOSS"],"build_version":"2019-01-23","purchased_purges":2,"victory":false,"max_hp_per_floor":[75,75,75,75,75,75,75,75,75,75,80,80,80,80,80,80,80,80,80,80,86,86,86,86,86,86,86,86,86,86,86,86,86],"card_choices":[{"not_picked":["Clash","Leap"],"picked":"Well Laid Plans","floor":1},{"not_picked":["Eviscerate","Trip"],"picked":"Ball Lightning","floor":4},{"not_picked":["Reinforced Body","Defragment"],"picked":"Intimidate","floor":5},{"not_picked":["Recycle","Choke"],"picked":"Ball Lightning","floor":12},{"not_picked":["Multi-Cast","Barricade"],"picked":"Secret Technique","floor":16},{"not_picked":["Backflip","Concentrate"],"picked":"Blade Dance+1","floor":18},{"not_picked":["Coolheaded","Blade Dance"],"picked":"Melter","floor":19},{"not_picked":["Forethought","Underhanded Strike+1","Storm of Steel"],"picked":"SKIP","floor":20},{"not_picked":["Heavy Blade","Blur"],"picked":"Twin Strike","floor":22},{"not_picked":["Double Energy","Blood for Blood"],"picked":"Deflect","floor":24},{"not_picked":["Rampage","Impatience"],"picked":"True Grit","floor":29}],"player_experience":4257121,"relics_obtained":[{"floor":0,"key":"Self Forming Clay"},{"floor":0,"key":"Orichalcum"},{"floor":0,"key":"Calipers"},{"floor":9,"key":"Centennial Puzzle"},{"floor":12,"key":"Darkstone Periapt"},{"floor":19,"key":"Girya"},{"floor":19,"key":"Pantograph"},{"floor":26,"key":"Ornamental Fan"}],"event_choices":[{"damage_healed":0,"gold_gain":0,"player_choice":"Entered Light","damage_taken":23,"max_hp_gain":0,"max_hp_loss":0,"event_name":"Shining Light","floor":2,"gold_loss":0,"cards_upgraded":["Bash","Strike_R"]},{"damage_healed":0,"gold_gain":0,"cards_transformed":["Defend_R"],"player_choice":"Transformed","damage_taken":0,"max_hp_gain":0,"max_hp_loss":0,"event_name":"Transmorgrifier","floor":3,"gold_loss":0,"cards_obtained":["Barrage"]},{"damage_healed":0,"gold_gain":0,"player_choice":"Donut","damage_taken":0,"max_hp_gain":5,"max_hp_loss":0,"event_name":"Big Fish","floor":11,"gold_loss":0},{"cards_removed":["Shame"],"damage_healed":0,"gold_gain":0,"player_choice":"Card Removal","damage_taken":7,"max_hp_gain":0,"max_hp_loss":0,"event_name":"Golden Wing","floor":13,"gold_loss":0},{"damage_healed":0,"gold_gain":0,"player_choice":"Fight","damage_taken":0,"max_hp_gain":0,"max_hp_loss":0,"event_name":"Colosseum","floor":19,"gold_loss":0},{"damage_healed":0,"gold_gain":0,"player_choice":"Fought Nobs","damage_taken":0,"max_hp_gain":0,"max_hp_loss":0,"event_name":"Colosseum","floor":19,"gold_loss":0},{"damage_healed":0,"gold_gain":0,"player_choice":"Opened","damage_taken":0,"relics_obtained":["Dodecahedron"],"max_hp_gain":0,"max_hp_loss":0,"event_name":"The Mausoleum","floor":21,"gold_loss":0,"cards_obtained":["Writhe"]},{"damage_healed":0,"gold_gain":0,"player_choice":"Simplicity","damage_taken":0,"max_hp_gain":0,"max_hp_loss":0,"event_name":"Back to Basics","floor":27,"gold_loss":0,"cards_upgraded":["Strike_R","Strike_R","Strike_R","Strike_R","Defend_R","Defend_R","Defend_R"]},{"cards_removed":["True Grit"],"damage_healed":0,"gold_gain":0,"player_choice":"Gave Card","damage_taken":0,"relics_obtained":["Frozen Egg 2"],"max_hp_gain":0,"max_hp_loss":0,"event_name":"WeMeetAgain","floor":31,"gold_loss":0}],"is_beta":false,"boss_relics":[{"not_picked":["Lizard Tail","Sozu"],"picked":"Runic Dome"}],"items_purged_floors":[7,28],"is_endless":false,"potions_floor_spawned":[4,5,16,18,19,20,24,29],"killed_by":"Champ","ascension_level":20}