{"gold_per_floor":[118,137,155,29,43,74,74,101,101,121,121,131,131,145,145,224,224,236,236,246,260,271,271,287,287],"floor_reached":25,"playtime":870,"items_purged":["Strike_R"],"score":588,"play_id":"6639d417-bb10-410e-9971-2ca9a834eb01","local_time":"20190209013234","is_ascension_mode":true,"campfire_choices":[{"data":"Flex","floor":7,"key":"SMITH"},{"data":"Offering","floor":11,"key":"SMITH"},{"data":"Whirlwind","floor":13,"key":"SMITH"},{"data":"Evolve","floor":15,"key":"SMITH"},{"floor":23,"key":"REST"}],"neow_cost":"NONE","seed_source_timestamp":801301784052100,"circlet_count":0,"master_deck":["AscendersBane","Strike_R","Strike_R","Strike_R","Defend_R","Defend_R","Defend_R","Defend_R","Bash","Pommel Strike","Pommel Strike","Flex+1","Whirlwind+1","Twin Strike","Seeing Red","Offering+1","Evolve+1","Impervious","Shrug It Off"],"relics":["Burning Blood","Regal Pillow","Blue Candle","Nunchaku","Velvet Choker"],"potions_floor_usage":[16,18,22],"damage_taken":[{"damage":2,"enemies":"Cultist","floor":1,"turns":4},{"damage":6,"enemies":"Jaw Worm","floor":2,"turns":6},{"damage":0,"enemies":"Small Slimes","floor":3,"turns":2},{"damage":8,"enemies":"Exordium Wildlife","floor":5,"turns":4},{"damage":40,"enemies":"Lagavulin","floor":6,"turns":6},{"damage":6,"enemies":"3 Sentries","floor":8,"turns":1},{"damage":11,"enemies":"Blue Slaver","floor":10,"turns":3},{"damage":0,"enemies":"Large Slime","floor":12,"turns":3},{"damage":0,"enemies":"Gremlin Gang","floor":14,"turns":2},{"damage":6,"enemies":"Slime Boss","floor":16,"turns":5},{"damage":21,"enemies":"Shell Parasite","floor":18,"turns":3},{"damage":24,"enemies":"2 Thieves","floor":20,"turns":4},{"damage":6,"enemies":"Centurion and Healer","floor":21,"turns":3},{"damage":29,"enemies":"Snecko","floor":22,"turns":4},{"damage":46,"enemies":"Cultist and Chosen","floor":24,"turns":5},{"damage":15,"enemies":"Snake Plant","floor":25,"turns":2}],"seed_played":"-4548333357988800285","potions_obtained":[{"floor":3,"key":"Explosive Potion"},{"floor":6,"key":"Dexterity Potion"},{"floor":14,"key":"AttackPotion"},{"floor":16,"key":"AttackPotion"},{"floor":22,"key":"Explosive Potion"},{"floor":24,"key":"LiquidBronze"}],"is_trial":false,"path_per_floor":["M","M","M","$","M","E","R","E","T","M","R","M","R","M","R","B",null,"M","?","M","M","M","R","M","M"],"character_chosen":"IRONCLAD","items_purchased":["Twin Strike"],"campfire_rested":1,"item_purchase_floors":[4],"current_hp_per_floor":[72,72,75,75,73,39,39,39,39,34,34,40,40,46,46,46,68,53,53,35,35,12,49,9,0],"gold":287,"neow_bonus":"TRANSFORM_CARD","is_prod":false,"is_daily":false,"chose_seed":false,"campfire_upgraded":4,"win_rate":0,"timestamp":1549643554,"path_taken":["M","M","M","$","M","E","R","E","T","M","R","M","R","M","R","BOSS","M","?","M","?","M","R","M","M"],"build_version":"2019-01-23","purchased_purges":1,"victory":false,"max_hp_per_floor":[75,75,75,75,75,75,75,75,75,75,75,75,75,75,75,75,75,75,75,75,75,75,75,75,75],"card_choices":[{"not_picked":["Clothesline","Reckless Charge"],"picked":"Pommel Strike","floor":1},{"not_picked":["True Grit","Dual Wield"],"picked":"Flex","floor":2},{"not_picked":["Flex","Perfected Strike"],"picked":"Whirlwind","floor":3},{"not_picked":["Perfected Strike","Thunderclap"],"picked":"Seeing Red","floor":5},{"not_picked":["Shrug It Off","Anger"],"picked":"Offering","floor":6},{"not_picked":["Corruption","Iron Wave","Rampage"],"picked":"SKIP","floor":8},{"not_picked":["Thunderclap","Armaments","Iron Wave"],"picked":"SKIP","floor":10},{"not_picked":["Ghostly Armor","Armaments"],"picked":"Evolve","floor":12},{"not_picked":["Anger","Armaments","Dual Wield"],"picked":"SKIP","floor":14},{"not_picked":["Immolate","Exhume"],"picked":"Impervious","floor":16},{"not_picked":["Hemokinesis","Heavy Blade","Wild Strike"],"picked":"SKIP","floor":18},{"not_picked":["Pommel Strike","Clash","Twin Strike"],"picked":"SKIP","floor":20},{"not_picked":["Carnage","Whirlwind","Heavy Blade+1"],"picked":"SKIP","floor":21},{"not_picked":["Feel No Pain","Twin Strike"],"picked":"Shrug It Off","floor":22},{"not_picked":["Perfected Strike","Headbutt","Clash"],"picked":"SKIP","floor":24}],"player_experience":4231604,"relics_obtained":[{"floor":6,"key":"Regal Pillow"},{"floor":8,"key":"Blue Candle"},{"floor":9,"key":"Nunchaku"}],"event_choices":[{"damage_healed":0,"gold_gain":0,"player_choice":"0 cards matched","damage_taken":0,"max_hp_gain":0,"max_hp_loss":0,"event_name":"Match and Keep!","floor":19,"gold_loss":0,"cards_obtained":[]}],"is_beta":false,"boss_relics":[{"not_picked":["Snecko Eye","Orrery"],"picked":"Velvet Choker"}],"items_purged_floors":[4],"is_endless":false,"potions_floor_spawned":[3,6,12,14,16,22,24],"killed_by":"Snake Plant","ascension_level":20}