{"gold_per_floor":[119,44,56,131,158,158,177,177,177,207,207,234,234,259,259,259],"floor_reached":16,"playtime":362,"items_purged":[],"score":232,"play_id":"0346e170-9b4a-49ca-a077-49ecaddf470b","local_time":"20190302010928","is_ascension_mode":true,"campfire_choices":[{"data":"Beam Cell","floor":6,"key":"SMITH"},{"data":"Neutralize","floor":8,"key":"SMITH"},{"floor":11,"key":"REST"},{"data":"Havoc","floor":15,"key":"SMITH"}],"neow_cost":"","seed_source_timestamp":0,"circlet_count":0,"master_deck":["AscendersBane","Defend_G","Defend_G","Defend_G","Defend_G","Defend_G","Strike_G","Strike_G","Strike_G","Strike_G","Strike_G","Survivor","Neutralize+1","Injury","Beam Cell+1","Shockwave","Anger","Havoc+1","Reaper","Well Laid Plans"],"relics":["Ring of the Snake","PrismaticShard","Calling Bell","Blood Vial","Pear","StoneCalendar","Bag of Marbles","Ornamental Fan","Sundial","Ancient Tea Set","Matryoshka"],"potions_floor_usage":[10,16],"damage_taken":[{"damage":4,"enemies":"2 Louse","floor":1,"turns":5},{"damage":4,"enemies":"Jaw Worm","floor":3,"turns":4},{"damage":9,"enemies":"Small Slimes","floor":7,"turns":3},{"damage":14,"enemies":"3 Sentries","floor":10,"turns":7},{"damage":45,"enemies":"Gremlin Nob","floor":12,"turns":5},{"damage":16,"enemies":"Lagavulin","floor":14,"turns":7},{"damage":32,"enemies":"Hexaghost","floor":16,"turns":10}],"seed_played":"-7047493970112913983","potions_obtained":[{"floor":7,"key":"PowerPotion"},{"floor":14,"key":"Regen Potion"}],"is_trial":true,"path_per_floor":["M","?","M","?","T","R","M","R","T","E","R","E","?","E","R","B"],"character_chosen":"THE_SILENT","items_purchased":[],"campfire_rested":1,"item_purchase_floors":[],"current_hp_per_floor":[67,67,65,54,54,54,47,47,47,35,57,14,14,6,6,0],"gold":259,"neow_bonus":"","is_prod":false,"is_daily":false,"chose_seed":false,"campfire_upgraded":3,"win_rate":0,"timestamp":1551456568,"path_taken":["M","?","M","?","?","R","M","R","T","E","R","E","?","E","R","BOSS"],"build_version":"2019-01-23","purchased_purges":0,"victory":false,"max_hp_per_floor":[76,76,76,76,76,76,76,76,76,76,76,76,76,76,76,76],"card_choices":[{"not_picked":["Leap","Enlightenment"],"picked":"Beam Cell","floor":1},{"not_picked":["Defragment","Outmaneuver"],"picked":"Shockwave","floor":3},{"not_picked":["Clothesline","Steam"],"picked":"Anger","floor":7},{"not_picked":["Perfected Strike","Leap"],"picked":"Havoc","floor":10},{"not_picked":["Cold Snap","Prepared"],"picked":"Reaper","floor":12},{"not_picked":["Ghostly Armor","Go for the Eyes"],"picked":"Well Laid Plans","floor":14}],"player_experience":4442780,"relics_obtained":[{"floor":0,"key":"Blood Vial"},{"floor":0,"key":"Pear"},{"floor":0,"key":"StoneCalendar"},{"floor":5,"key":"Bag of Marbles"},{"floor":9,"key":"Ornamental Fan"},{"floor":10,"key":"Sundial"},{"floor":12,"key":"Ancient Tea Set"},{"floor":14,"key":"Matryoshka"}],"event_choices":[{"cards_removed":["Regret"],"damage_healed":0,"gold_gain":0,"player_choice":"Card Removal","damage_taken":0,"max_hp_gain":0,"max_hp_loss":0,"event_name":"The Cleric","floor":2,"gold_loss":75},{"damage_healed":0,"gold_gain":75,"player_choice":"Gather Gold","damage_taken":11,"max_hp_gain":0,"max_hp_loss":0,"event_name":"World of Goop","floor":4,"gold_loss":0},{"cards_removed":["Injury"],"damage_healed":0,"gold_gain":0,"player_choice":"Forget","damage_taken":0,"max_hp_gain":0,"max_hp_loss":0,"event_name":"Living Wall","floor":13,"gold_loss":0}],"is_beta":false,"boss_relics":[],"items_purged_floors":[],"is_endless":false,"potions_floor_spawned":[7,14],"killed_by":"Hexaghost","ascension_level":20}