{"gold_per_floor":[18,18,18,18,35,35,64,64,64,64,81,98,116,135,135,211,211,225,245,245,264,264,264,290,290,290,290,307,307,56,85,85,160,160,171,189,189,208,221,221,237,237,284,300,300,250,30,40,40,40],"floor_reached":51,"playtime":3041,"items_purged":["Strike_R"],"score":1179,"play_id":"024e4a3b-3b71-493d-8d4c-ba13cf87ce9a","local_time":"20190312131228","is_ascension_mode":true,"campfire_choices":[{"data":"Exhume","floor":6.0,"key":"SMITH"},{"data":"Bash","floor":8.0,"key":"SMITH"},{"data":"Clothesline","floor":10.0,"key":"SMITH"},{"data":"Disarm","floor":15.0,"key":"SMITH"},{"data":"Immolate","floor":23.0,"key":"SMITH"},{"data":"Intimidate","floor":25.0,"key":"SMITH"},{"data":"True Grit","floor":27.0,"key":"SMITH"},{"floor":29.0,"key":"REST"},{"data":"Impervious","floor":32.0,"key":"SMITH"},{"floor":40,"key":"REST"},{"data":"Limit Break","floor":45,"key":"SMITH"},{"data":"Offering","floor":49,"key":"SMITH"}],"neow_cost":"NO_GOLD","seed_source_timestamp":459573182862728,"circlet_count":0,"master_deck":["AscendersBane","Strike_R","Strike_R","Strike_R","Strike_R","Defend_R","Defend_R","Defend_R","Defend_R","Bash+1","Feed","Shrug It Off+1","Offering+1","Exhume+1","Clothesline+1","Blood for Blood","True Grit+1","Disarm+1","Ghostly Armor","Immolate+1","Dual Wield+1","Flex+1","Ghostly","Ghostly","Ghostly","Headbutt","Intimidate+1","Impervious+1","Limit Break+1","Parasite"],"special_seed":0,"relics":["Burning Blood","Happy Flower","Centennial Puzzle","Art of War","Eternal Feather","Lantern","Mango","Busted Crown","Orichalcum","ClockworkSouvenir"],"potions_floor_usage":[33,37,38,50,50],"damage_taken":[{"damage":8.0,"enemies":"2 Louse","floor":1.0,"turns":4.0},{"damage":6.0,"enemies":"Cultist","floor":5.0,"turns":3.0},{"damage":29.0,"enemies":"Lagavulin","floor":7.0,"turns":6.0},{"damage":7.0,"enemies":"Small Slimes","floor":11.0,"turns":3.0},{"damage":7.0,"enemies":"3 Louse","floor":12.0,"turns":5.0},{"damage":24.0,"enemies":"Lots of Slimes","floor":13.0,"turns":4.0},{"damage":18.0,"enemies":"Large Slime","floor":14.0,"turns":7.0},{"damage":26.0,"enemies":"The Guardian","floor":16.0,"turns":17.0},{"damage":17.0,"enemies":"Shell Parasite","floor":18.0,"turns":10.0},{"damage":23.0,"enemies":"Chosen","floor":19.0,"turns":7.0},{"damage":5.0,"enemies":"Shelled Parasite and Fungi","floor":21.0,"turns":9.0},{"damage":18.0,"enemies":"Gremlin Leader","floor":24.0,"turns":9.0},{"damage":39.0,"enemies":"Chosen and Byrds","floor":28.0,"turns":8.0},{"damage":12.0,"enemies":"Slavers","floor":31.0,"turns":14.0},{"damage":69,"enemies":"Automaton","floor":33,"turns":13},{"damage":10,"enemies":"3 Darklings","floor":35,"turns":4},{"damage":15,"enemies":"Orb Walker","floor":36,"turns":6},{"damage":0,"enemies":"Writhing Mass","floor":37,"turns":1},{"damage":23,"enemies":"Maw","floor":38,"turns":11},{"damage":8,"enemies":"Jaw Worm Horde","floor":39,"turns":4},{"damage":6,"enemies":"Writhing Mass","floor":41,"turns":9},{"damage":25,"enemies":"4 Shapes","floor":44,"turns":9},{"damage":1,"enemies":"Spire Growth","floor":48,"turns":7},{"damage":53,"enemies":"Donu and Deca","floor":50,"turns":8}],"seed_played":"-3743896712860230290","potions_obtained":[{"floor":5.0,"key":"GamblersBrew"},{"floor":12.0,"key":"PowerPotion"},{"floor":16.0,"key":"SmokeBomb"},{"floor":33,"key":"Dexterity Potion"},{"floor":41,"key":"Energy Potion"},{"floor":44,"key":"Dexterity Potion"}],"is_trial":false,"path_per_floor":["M","?","$","T","M","R","E","R","T","R","M","M","M","M","R","B",null,"M","M","?","M","?","R","E","R","T","R","M","R","$","E","R","B",null,"M","M","M","M","M","R","M","?","T","M","R","?","$","M","R","B",null],"character_chosen":"IRONCLAD","items_purchased":["Impervious","ClockworkSouvenir"],"campfire_rested":2,"item_purchase_floors":[30,47],"current_hp_per_floor":[69,69,69,69,72,72,49,49,49,49,51,53,41,35,35,18,81,73,59,54,57,57,57,45,57,57,57,27,60,60,71,77,14,61,57,51,57,40,41,83,83,83,83,70,88,88,88,89,89,45],"gold":40,"neow_bonus":"THREE_RARE_CARDS","is_prod":false,"is_daily":false,"chose_seed":false,"campfire_upgraded":10,"win_rate":0,"timestamp":1552363948,"path_taken":["M","?","$","?","M","R","E","R","T","R","M","M","?","M","R","BOSS","M","M","?","M","?","R","E","R","T","R","M","R","$","E","R","BOSS","M","M","M","M","M","R","M","?","T","M","R","?","$","?","R","BOSS"],"build_version":"2019-01-23","purchased_purges":1,"victory":true,"max_hp_per_floor":[78,78,78,78,81,81,81,81,81,81,84,87,93,99,99,102,102,105,108,54,57,57,57,57,57,57,57,60,60,60,77,77,77,77,77,80,80,80,83,83,83,83,83,89,89,89,89,89,89,92],"card_choices":[{"not_picked":["Offering","Dark Embrace"],"picked":"Feed","floor":0.0},{"not_picked":["Perfected Strike","Iron Wave"],"picked":"Shrug It Off","floor":1.0},{"not_picked":["Perfected Strike","Fire Breathing"],"picked":"Exhume","floor":5.0},{"not_picked":["Warcry","Twin Strike"],"picked":"Clothesline","floor":7.0},{"not_picked":["Flex","Havoc"],"picked":"Blood for Blood","floor":11.0},{"not_picked":["Perfected Strike","Cleave"],"picked":"True Grit","floor":12.0},{"not_picked":["Barricade","Warcry"],"picked":"Disarm","floor":13.0},{"not_picked":["Pommel Strike","Burning Pact"],"picked":"Ghostly Armor","floor":14.0},{"not_picked":["Double Tap","Impervious"],"picked":"Immolate","floor":16.0},{"not_picked":["Hemokinesis","Armaments"],"picked":"Dual Wield+1","floor":18.0},{"not_picked":["Sentinel","Burning Pact"],"picked":"Flex+1","floor":19.0},{"not_picked":["Anger","True Grit"],"picked":"Headbutt","floor":21.0},{"not_picked":["Reckless Charge","Rampage"],"picked":"Metallicize+1","floor":24.0},{"not_picked":["Body Slam+1","Power Through","Wild Strike"],"picked":"SKIP","floor":28.0},{"not_picked":["Clash+1","Heavy Blade","Clothesline"],"picked":"SKIP","floor":31.0},{"not_picked":["Feed","Fiend Fire"],"picked":"Limit Break","floor":33},{"not_picked":["Wild Strike"],"picked":"SKIP","floor":35},{"not_picked":["Clothesline"],"picked":"SKIP","floor":36},{"not_picked":["Anger"],"picked":"SKIP","floor":38},{"not_picked":["Clash"],"picked":"SKIP","floor":39},{"not_picked":["Dual Wield"],"picked":"SKIP","floor":41},{"not_picked":["Twin Strike"],"picked":"SKIP","floor":44},{"not_picked":["Bloodletting"],"picked":"SKIP","floor":48}],"player_experience":681881,"relics_obtained":[{"floor":4.0,"key":"Happy Flower"},{"floor":7.0,"key":"Centennial Puzzle"},{"floor":9.0,"key":"Art of War"},{"floor":26.0,"key":"Lantern"},{"floor":31.0,"key":"Mango"},{"floor":43,"key":"Orichalcum"}],"event_choices":[{"damage_healed":0.0,"max_hp_gain":0.0,"max_hp_loss":0.0,"gold_gain":0.0,"event_name":"Match and Keep!","player_choice":"1 cards matched","floor":2.0,"gold_loss":0.0,"damage_taken":0.0,"cards_obtained":["Offering"]},{"damage_healed":0.0,"max_hp_gain":0.0,"max_hp_loss":54.0,"gold_gain":0.0,"event_name":"Ghosts","player_choice":"Became a Ghost","floor":20.0,"gold_loss":0.0,"damage_taken":0.0,"cards_obtained":["Ghostly","Ghostly","Ghostly"]},{"damage_healed":0.0,"max_hp_gain":0.0,"max_hp_loss":0.0,"gold_gain":0.0,"event_name":"The Library","player_choice":"Read","floor":22.0,"gold_loss":0.0,"damage_taken":0.0,"cards_obtained":["Intimidate"]},{"cards_removed":["Metallicize"],"damage_healed":0,"gold_gain":0,"player_choice":"Removed Power","damage_taken":0,"max_hp_gain":0,"max_hp_loss":0,"event_name":"Falling","floor":42,"gold_loss":0},{"damage_healed":0,"gold_gain":0,"player_choice":"Upgrade","damage_taken":0,"max_hp_gain":0,"max_hp_loss":0,"event_name":"Designer","floor":46,"gold_loss":50,"cards_upgraded":["Shrug It Off"]}],"is_beta":false,"boss_relics":[{"not_picked":["Astrolabe","Philosopher\u0027s Stone"],"picked":"Eternal Feather"},{"not_picked":["Calling Bell","Runic Cube"],"picked":"Busted Crown"}],"items_purged_floors":[30],"is_endless":false,"potions_floor_spawned":[5,12,16,18,28,33,37,41,44],"ascension_level":16}