{"gold_per_floor":[109,124,141,156,156,190,205,155,155,167,254,266,258,282,294,402,414,444,456,468,469,501,539,551],"floor_reached":24,"playtime":1635,"items_purged":[],"score":218,"play_id":"6b5f1eae-610a-4d6d-8ebb-f99b45303431","local_time":"20181231100517","is_ascension_mode":false,"campfire_choices":[{"data":"Spot Weakness","floor":10,"key":"SMITH"},{"floor":12,"key":"REST"},{"data":"Feel No Pain","floor":15,"key":"SMITH"}],"neow_cost":"NONE","seed_source_timestamp":2025932936900,"circlet_count":0,"master_deck":["Strike_R","Strike_R","Strike_R","Strike_R","Strike_R","Defend_R","Defend_R","Defend_R","Bash","Inflame","Shrug It Off","Spot Weakness+1","Shrug It Off","Feel No Pain+1","Intimidate","Spot Weakness","Seeing Red","Seeing Red","Heavy Blade","Shrug It Off","Seeing Red","Clothesline+1"],"relics":["Burning Blood","Red Skull","MawBank","Orrery","Nloth\u0027s Gift","Question Card"],"potions_floor_usage":[16,22,23,23],"damage_taken":[{"damage":1,"enemies":"Cultist","floor":1,"turns":3},{"damage":13,"enemies":"Jaw Worm","floor":2,"turns":4},{"damage":0,"enemies":"Small Slimes","floor":3,"turns":4},{"damage":9,"enemies":"2 Fungi Beasts","floor":4,"turns":3},{"damage":40,"enemies":"3 Sentries","floor":6,"turns":9},{"damage":17,"enemies":"Exordium Thugs","floor":7,"turns":5},{"damage":4,"enemies":"Blue Slaver","floor":14,"turns":4},{"damage":26,"enemies":"Slime Boss","floor":16,"turns":13},{"damage":10,"enemies":"Chosen","floor":18,"turns":6},{"damage":21,"enemies":"2 Thieves","floor":21,"turns":4},{"damage":34,"enemies":"Snecko","floor":22,"turns":7},{"damage":22,"enemies":"Book of Stabbing","floor":23,"turns":6},{"damage":12,"enemies":"3 Cultists","floor":24,"turns":3}],"seed_played":"4118972573882523219","potions_obtained":[{"floor":2,"key":"Dexterity Potion"},{"floor":3,"key":"Weak Potion"},{"floor":13,"key":"Fire Potion"},{"floor":22,"key":"FearPotion"}],"is_trial":false,"path_per_floor":["M","M","M","M","?","E","M","?","T","R","?","R","?","M","R","B",null,"M","?","?","M","M","E","M"],"character_chosen":"IRONCLAD","items_purchased":[],"campfire_rested":1,"item_purchase_floors":[],"current_hp_per_floor":[88,81,87,84,77,43,32,32,32,32,21,47,47,49,49,29,88,84,67,67,52,24,8,0],"gold":551,"neow_bonus":"TEN_PERCENT_HP_BONUS","is_prod":false,"is_daily":false,"chose_seed":false,"campfire_upgraded":2,"win_rate":0,"timestamp":1546247117,"path_taken":["M","M","M","M","?","E","M","?","T","R","?","R","?","M","R","BOSS","M","?","?","M","M","E","M"],"build_version":"2018-12-20","purchased_purges":0,"victory":false,"max_hp_per_floor":[88,88,88,88,88,88,88,88,88,88,88,88,88,88,88,88,88,88,93,93,93,93,93,93],"card_choices":[{"not_picked":["Clothesline","Evolve"],"picked":"Inflame","floor":1},{"not_picked":["Cleave","True Grit"],"picked":"Shrug It Off","floor":2},{"not_picked":["Havoc","Armaments"],"picked":"Spot Weakness","floor":3},{"not_picked":["Power Through","Anger"],"picked":"Shrug It Off","floor":4},{"not_picked":["Armaments","Thunderclap"],"picked":"Feel No Pain","floor":6},{"not_picked":["Anger","Thunderclap","Hemokinesis"],"picked":"SKIP","floor":7},{"not_picked":["Exhume","Thunderclap"],"picked":"Intimidate","floor":14},{"not_picked":["Pommel Strike","Havoc"],"picked":"Spot Weakness","floor":17},{"not_picked":["Wild Strike","Uppercut"],"picked":"Seeing Red","floor":17},{"not_picked":["True Grit","Body Slam"],"picked":"Seeing Red","floor":17},{"not_picked":["Evolve","Clothesline"],"picked":"Heavy Blade","floor":17},{"not_picked":["Flame Barrier","Dropkick"],"picked":"Shrug It Off","floor":17},{"not_picked":["Anger","Rampage"],"picked":"Seeing Red","floor":18},{"not_picked":["Sword Boomerang","Fire Breathing","Havoc+1"],"picked":"SKIP","floor":21},{"not_picked":["Carnage","Infernal Blade+1"],"picked":"Clothesline+1","floor":22},{"not_picked":["Offering","Combust","Bludgeon"],"picked":"SKIP","floor":23}],"player_experience":212663,"relics_obtained":[{"floor":6,"key":"Red Skull"},{"floor":9,"key":"MawBank"},{"floor":23,"key":"Question Card"}],"event_choices":[{"damage_healed":0,"gold_gain":0,"player_choice":"Success","damage_taken":7,"relics_obtained":["Art of War"],"max_hp_gain":0,"max_hp_loss":0,"event_name":"Scrap Ooze","floor":5,"gold_loss":0},{"cards_removed":["Defend_R"],"damage_healed":0,"gold_gain":0,"player_choice":"Card Removal","damage_taken":0,"max_hp_gain":0,"max_hp_loss":0,"event_name":"The Cleric","floor":8,"gold_loss":50},{"damage_healed":0,"gold_gain":75,"player_choice":"Gather Gold","damage_taken":11,"max_hp_gain":0,"max_hp_loss":0,"event_name":"World of Goop","floor":11,"gold_loss":0},{"damage_healed":0,"gold_gain":0,"player_choice":"Bought 1 Potion","damage_taken":0,"max_hp_gain":0,"max_hp_loss":0,"event_name":"The Woman in Blue","floor":13,"gold_loss":0},{"damage_healed":0,"gold_gain":0,"player_choice":"Shed Blood","damage_taken":22,"max_hp_gain":5,"max_hp_loss":0,"event_name":"Forgotten Altar","floor":19,"gold_loss":0},{"damage_healed":0,"gold_gain":0,"player_choice":"Traded Relic","damage_taken":0,"relics_obtained":["Nloth\u0027s Gift"],"max_hp_gain":0,"max_hp_loss":0,"event_name":"N\u0027loth","floor":20,"relics_lost":["Art of War"],"gold_loss":0}],"is_beta":false,"boss_relics":[{"not_picked":["Cursed Key","Philosopher\u0027s Stone"],"picked":"Orrery"}],"items_purged_floors":[],"is_endless":false,"potions_floor_spawned":[2,3,22],"killed_by":"3 Cultists","ascension_level":0}