{"gold_per_floor":[118,136,136,146,71,71,71,71,71,86,86,86,86,148,148,244,244,257,257,277,287,305,305,305],"floor_reached":24,"playtime":1097,"items_purged":["Strike_R"],"score":276,"play_id":"df90b819-2341-494d-8ff9-3006b71e3002","local_time":"20190220222242","is_ascension_mode":true,"campfire_choices":[{"data":"Armaments","floor":6,"key":"SMITH"},{"data":"Corruption","floor":8,"key":"SMITH"},{"data":"Whirlwind","floor":11,"key":"SMITH"},{"data":"Searing Blow","floor":13,"key":"SMITH"},{"data":"Searing Blow+1","floor":15,"key":"SMITH"},{"floor":23,"key":"REST"}],"neow_cost":"NONE","seed_source_timestamp":351698243510830,"circlet_count":0,"master_deck":["Strike_R","Strike_R","Strike_R","Defend_R","Defend_R","Defend_R","Defend_R","Bash","Whirlwind+1","Heavy Blade","Inflame","Armaments+1","Searing Blow+2","Ghostly Armor","Corruption+1","Second Wind","Shrug It Off","Barricade","Warcry+1","Shrug It Off+1"],"relics":["Orrery","Pen Nib","Pantograph","Tiny Chest","Busted Crown","Smiling Mask"],"potions_floor_usage":[14,16,22],"damage_taken":[{"damage":5,"enemies":"Small Slimes","floor":1,"turns":3},{"damage":5,"enemies":"2 Louse","floor":2,"turns":3},{"damage":1,"enemies":"Cultist","floor":4,"turns":3},{"damage":9,"enemies":"Red Slaver","floor":10,"turns":4},{"damage":32,"enemies":"Lagavulin","floor":14,"turns":8},{"damage":55,"enemies":"The Guardian","floor":16,"turns":10},{"damage":19,"enemies":"Chosen","floor":18,"turns":5},{"damage":0,"enemies":"3 Byrds","floor":20,"turns":2},{"damage":27,"enemies":"Snake Plant","floor":21,"turns":6},{"damage":0,"enemies":"3 Cultists","floor":22,"turns":2},{"damage":38,"enemies":"Slavers","floor":24,"turns":3}],"seed_played":"-4933741338619262130","potions_obtained":[{"floor":1,"key":"Swift Potion"},{"floor":2,"key":"Regen Potion"},{"floor":20,"key":"Explosive Potion"}],"is_trial":false,"path_per_floor":["M","M","?","M","$","R","?","R","T","M","R","$","R","E","R","B",null,"M","T","M","M","M","R","E"],"character_chosen":"IRONCLAD","items_purchased":[],"campfire_rested":1,"item_purchase_floors":[],"current_hp_per_floor":[75,70,58,57,57,57,57,57,57,48,48,48,48,31,31,1,60,41,41,41,14,14,38,0],"gold":305,"neow_bonus":"BOSS_RELIC","is_prod":false,"is_daily":false,"chose_seed":false,"campfire_upgraded":5,"win_rate":0,"timestamp":1550668962,"path_taken":["M","M","?","M","$","R","?","R","T","?","R","?","R","E","R","BOSS","M","?","?","M","M","R","E"],"build_version":"2019-01-23","purchased_purges":1,"victory":false,"max_hp_per_floor":[80,80,80,80,80,80,80,80,80,80,80,80,80,80,80,80,80,80,80,80,80,80,80,80],"card_choices":[{"not_picked":["True Grit","Clash"],"picked":"Whirlwind","floor":0},{"not_picked":["Flex","Inflame"],"picked":"Heavy Blade","floor":0},{"not_picked":["Havoc","Twin Strike"],"picked":"Inflame","floor":0},{"not_picked":["True Grit","Hemokinesis"],"picked":"Armaments","floor":0},{"not_picked":["Havoc","Burning Pact"],"picked":"Searing Blow","floor":0},{"not_picked":["Anger","Blood for Blood"],"picked":"Ghostly Armor","floor":1},{"not_picked":["Twin Strike","Pommel Strike","Brutality"],"picked":"SKIP","floor":2},{"not_picked":["Clothesline","Sword Boomerang"],"picked":"Corruption","floor":4},{"not_picked":["Twin Strike","Ghostly Armor","Thunderclap"],"picked":"SKIP","floor":10},{"not_picked":["Heavy Blade","Feed"],"picked":"Shrug It Off","floor":14},{"not_picked":["Immolate","Reaper"],"picked":"Barricade","floor":16},{"not_picked":[],"picked":"Warcry+1","floor":18},{"not_picked":["Ghostly Armor"],"picked":"SKIP","floor":20},{"not_picked":["Headbutt"],"picked":"SKIP","floor":21},{"not_picked":[],"picked":"Shrug It Off+1","floor":22}],"player_experience":157785,"relics_obtained":[{"floor":9,"key":"Pantograph"},{"floor":14,"key":"Tiny Chest"},{"floor":19,"key":"Smiling Mask"}],"event_choices":[{"damage_healed":0,"gold_gain":0,"player_choice":"Success","damage_taken":12,"relics_obtained":["Pen Nib"],"max_hp_gain":0,"max_hp_loss":0,"event_name":"Scrap Ooze","floor":3,"gold_loss":0},{"damage_healed":0,"gold_gain":0,"cards_transformed":["Strike_R"],"player_choice":"Transformed","damage_taken":0,"max_hp_gain":0,"max_hp_loss":0,"event_name":"Transmorgrifier","floor":7,"gold_loss":0,"cards_obtained":["Second Wind"]}],"is_beta":false,"boss_relics":[{"not_picked":["Snecko Eye","Astrolabe"],"picked":"Busted Crown"}],"items_purged_floors":[5],"is_endless":false,"potions_floor_spawned":[1,2,20],"killed_by":"Slavers","ascension_level":5}