{"gold_per_floor":[119,133,50,50,67,102,125,158,158,187,337,337,347,379,379,457,457,474,399,399,415,20,51,51,68,92,138,150,193,222,254,266,349,361,392,131,143,159,159,159,172,207,276,301,319,351,364,464,464,464,464,464,464,84,109,109],"floor_reached":57,"playtime":2969,"items_purged":["Normality","Normality","Writhe"],"score":3135,"play_id":"a4cae76f-1873-4602-9448-a0d2efc2b2bf","local_time":"20190211015407","daily_mods":["Diverse"],"is_ascension_mode":true,"campfire_choices":[{"data":"Jack Of All Trades","floor":12.0,"key":"SMITH"},{"data":"Second Wind","floor":15.0,"key":"SMITH"},{"floor":24.0,"key":"REST"},{"data":"Crippling Poison","floor":32.0,"key":"SMITH"},{"floor":40.0,"key":"RECALL"},{"floor":49.0,"key":"REST"},{"floor":53.0,"key":"REST"}],"neow_cost":"","seed_source_timestamp":0,"circlet_count":0,"master_deck":["AscendersBane","Strike_R","Strike_R","Defend_R","Defend_R","Defend_R","Defend_R","Bash","Cleave+1","Wild Strike+1","Die Die Die+1","Swift Strike+1","Go for the Eyes+1","Impervious","Jack Of All Trades+1","Ghostly Armor","Second Wind+1","Immolate+1","Chill","Hemokinesis+1","Bandage Up","Panache","Conserve Battery","Malaise","Glass Knife+1","Tempest","Madness","Crippling Poison+1","Pommel Strike+1","Die Die Die+1","Hologram","Apotheosis","Bandage Up","Deflect+1","Prepared+1","Acrobatics+1","Shrug It Off+1","Aggregate","Dual Wield","Discovery","Endless Agony+1","Tempest+1"],"special_seed":0,"relics":["Burning Blood","PrismaticShard","Calling Bell","Omamori","Molten Egg 2","Dead Branch","WarpedTongs","Oddly Smooth Stone","Odd Mushroom","Magic Flower","Shuriken","Happy Flower","Orichalcum","Sozu","Pocketwatch","MawBank","Red Skull","Gremlin Horn","Fusion Hammer","Ancient Tea Set","Vajra","Charon\u0027s Ashes","Anchor","Bag of Preparation"],"potions_floor_usage":[],"damage_taken":[{"damage":9.0,"enemies":"2 Louse","floor":1.0,"turns":3.0},{"damage":1.0,"enemies":"Cultist","floor":2.0,"turns":3.0},{"damage":6.0,"enemies":"Small Slimes","floor":5.0,"turns":2.0},{"damage":5.0,"enemies":"3 Sentries","floor":6.0,"turns":3.0},{"damage":16.0,"enemies":"The Mushroom Lair","floor":7.0,"turns":3.0},{"damage":2.0,"enemies":"Gremlin Nob","floor":8.0,"turns":3.0},{"damage":8.0,"enemies":"Lagavulin","floor":10.0,"turns":7.0},{"damage":9.0,"enemies":"Exordium Wildlife","floor":13.0,"turns":5.0},{"damage":0.0,"enemies":"3 Sentries","floor":14.0,"turns":3.0},{"damage":35.0,"enemies":"The Guardian","floor":16.0,"turns":8.0},{"damage":17.0,"enemies":"Shell Parasite","floor":18.0,"turns":5.0},{"damage":0.0,"enemies":"Chosen","floor":21.0,"turns":4.0},{"damage":19.0,"enemies":"Book of Stabbing","floor":23.0,"turns":5.0},{"damage":0.0,"enemies":"3 Cultists","floor":25.0,"turns":2.0},{"damage":20.0,"enemies":"Slavers","floor":27.0,"turns":2.0},{"damage":2.0,"enemies":"Gremlin Leader","floor":29.0,"turns":4.0},{"damage":3.0,"enemies":"Centurion and Healer","floor":30.0,"turns":4.0},{"damage":0.0,"enemies":"Shelled Parasite and Fungi","floor":31.0,"turns":2.0},{"damage":9.0,"enemies":"Champ","floor":33.0,"turns":5.0},{"damage":0.0,"enemies":"Orb Walker","floor":35.0,"turns":2.0},{"damage":4.0,"enemies":"3 Darklings","floor":37.0,"turns":3.0},{"damage":0.0,"enemies":"Transient","floor":38.0,"turns":6.0},{"damage":21.0,"enemies":"Writhing Mass","floor":41.0,"turns":6.0},{"damage":0.0,"enemies":"Reptomancer","floor":42.0,"turns":5.0},{"damage":35.0,"enemies":"Giant Head","floor":44.0,"turns":7.0},{"damage":10.0,"enemies":"Jaw Worm Horde","floor":45.0,"turns":5.0},{"damage":15.0,"enemies":"Reptomancer","floor":46.0,"turns":4.0},{"damage":0.0,"enemies":"3 Darklings","floor":47.0,"turns":2.0},{"damage":2.0,"enemies":"Mind Bloom Boss Battle","floor":48.0,"turns":3.0},{"damage":58.0,"enemies":"Time Eater","floor":50.0,"turns":10.0},{"damage":20.0,"enemies":"Donu and Deca","floor":51.0,"turns":5.0},{"damage":44.0,"enemies":"Shield and Spear","floor":55.0,"turns":9.0},{"damage":67,"enemies":"The Heart","floor":56,"turns":6}],"seed_played":"4849917919199664982","potions_obtained":[{"floor":2.0,"key":"Poison Potion"},{"floor":10.0,"key":"SkillPotion"},{"floor":14.0,"key":"BloodPotion"}],"is_trial":true,"path_per_floor":["M","M","$","?","M","E","?","E","T","E","?","R","M","E","R","B",null,"M","$","?","M","$","E","R","M","T","E","?","E","M","M","R","B",null,"M","$","M","M","?","R","M","E","T","E","M","E","M","?","R","B","B",null,"R","$","E","B",null],"character_chosen":"IRONCLAD","items_purchased":["Die Die Die+1","Bandage Up","Panache","Apotheosis","Bandage Up","Anchor","Endless Agony+1"],"campfire_rested":3,"item_purchase_floors":[3,22,22,36,36,54,54],"current_hp_per_floor":[65,70,70,70,70,71,61,65,65,66,66,66,66,75,75,49,69,61,61,40,49,49,48,72,80,80,75,75,80,80,80,80,80,80,80,80,80,80,80,80,77,80,80,63,77,76,80,80,80,52,50,73,80,80,63,29],"gold":109,"neow_bonus":"","is_prod":false,"is_daily":false,"chose_seed":false,"campfire_upgraded":3,"win_rate":0,"timestamp":1549817647,"path_taken":["M","M","$","?","?","E","?","E","T","E","?","R","M","E","R","BOSS","M","$","?","M","$","E","R","M","T","E","?","E","?","M","R","BOSS","M","$","M","M","?","R","M","E","T","E","M","E","M","?","R","BOSS","BOSS","R","$","E","BOSS"],"build_version":"2019-01-23","purchased_purges":3,"victory":true,"max_hp_per_floor":[75,75,75,75,75,75,75,75,75,75,75,75,75,75,75,75,75,75,75,80,80,80,80,80,80,80,80,80,80,80,80,80,80,80,80,80,80,80,80,80,80,80,80,80,80,80,80,80,80,80,80,80,80,80,80,80],"card_choices":[{"not_picked":["Underhanded Strike+1","Acrobatics"],"picked":"Cleave+1","floor":1.0},{"not_picked":["Scrape+1","Rebound+1"],"picked":"Wild Strike+1","floor":2.0},{"not_picked":["Escape Plan","Underhanded Strike+1"],"picked":"Swift Strike+1","floor":5.0},{"not_picked":["Sword Boomerang+1","Anger+1","Chaos"],"picked":"SKIP","floor":6.0},{"not_picked":["Blur","Anger+1"],"picked":"Go for the Eyes+1","floor":7.0},{"not_picked":["Coolheaded","Hologram"],"picked":"Impervious","floor":8.0},{"not_picked":["Conserve Battery","Redo"],"picked":"Jack Of All Trades","floor":10.0},{"not_picked":["Cold Snap+1","Deep Breath"],"picked":"Ghostly Armor","floor":13.0},{"not_picked":["Discovery","Slice+1"],"picked":"Second Wind","floor":14.0},{"not_picked":["All For One+1","Master of Strategy"],"picked":"Immolate+1","floor":16.0},{"not_picked":["Hello World","Warcry"],"picked":"Chill","floor":18.0},{"not_picked":["Bane+1","Outmaneuver"],"picked":"Hemokinesis+1","floor":21.0},{"not_picked":["Accuracy","Lockon+1","Capacitor"],"picked":"SKIP","floor":23.0},{"not_picked":["Skim","Heavy Blade+1"],"picked":"Conserve Battery","floor":25.0},{"not_picked":["Acrobatics","Gash+1"],"picked":"Malaise","floor":27.0},{"not_picked":["Coolheaded","Headbutt+1"],"picked":"Madness","floor":29.0},{"not_picked":["Gash+1","Body Slam+1"],"picked":"Crippling Poison","floor":30.0},{"not_picked":["Compile Driver+1","Quick Slash+1"],"picked":"Pommel Strike+1","floor":31.0},{"not_picked":["Night Terror","Tools of the Trade"],"picked":"Die Die Die+1","floor":33.0},{"not_picked":["Deadly Poison","Ball Lightning+1"],"picked":"Hologram","floor":35.0},{"not_picked":["Pommel Strike+1","Dodge and Roll"],"picked":"Deflect+1","floor":37.0},{"not_picked":["Twin Strike+1","Perfected Strike+1"],"picked":"Prepared+1","floor":38.0},{"not_picked":["Reflex","Barrage+1","Streamline+1"],"picked":"SKIP","floor":41.0},{"not_picked":["Sentinel","Turbo","Reflex"],"picked":"SKIP","floor":42.0},{"not_picked":["Streamline+1","Glass Knife+1"],"picked":"Acrobatics+1","floor":44.0},{"not_picked":["Pommel Strike+1","Hologram"],"picked":"Shrug It Off+1","floor":45.0},{"not_picked":["Armaments","Clothesline+1"],"picked":"Aggregate","floor":46.0},{"not_picked":["Underhanded Strike+1","Iron Wave+1"],"picked":"Dual Wield","floor":47.0},{"not_picked":["Clothesline+1","Shrug It Off"],"picked":"Discovery","floor":48.0},{"not_picked":["Deadly Poison","Ball Lightning+1"],"picked":"Tempest+1","floor":55.0}],"player_experience":4254143,"relics_obtained":[{"floor":0.0,"key":"Omamori"},{"floor":0.0,"key":"Molten Egg 2"},{"floor":0.0,"key":"Dead Branch"},{"floor":6.0,"key":"Oddly Smooth Stone"},{"floor":7.0,"key":"Odd Mushroom"},{"floor":8.0,"key":"Magic Flower"},{"floor":9.0,"key":"Shuriken"},{"floor":10.0,"key":"Happy Flower"},{"floor":14.0,"key":"Orichalcum"},{"floor":23.0,"key":"Pocketwatch"},{"floor":26.0,"key":"MawBank"},{"floor":27.0,"key":"Red Skull"},{"floor":29.0,"key":"Gremlin Horn"},{"floor":44.0,"key":"Ancient Tea Set"},{"floor":46.0,"key":"Vajra"},{"floor":48.0,"key":"Charon\u0027s Ashes"},{"floor":55.0,"key":"Bag of Preparation"}],"event_choices":[{"damage_healed":0.0,"max_hp_gain":0.0,"max_hp_loss":0.0,"gold_gain":0.0,"event_name":"Accursed Blacksmith","player_choice":"Rummage","floor":4.0,"gold_loss":0.0,"damage_taken":0.0,"relics_obtained":["WarpedTongs"],"cards_obtained":["Pain"]},{"damage_healed":0.0,"max_hp_gain":0.0,"max_hp_loss":0.0,"gold_gain":0.0,"event_name":"Mushrooms","player_choice":"Fought Mushrooms","floor":7.0,"gold_loss":0.0,"damage_taken":0.0},{"damage_healed":0.0,"max_hp_gain":0.0,"max_hp_loss":0.0,"gold_gain":150.0,"event_name":"Liars Game","player_choice":"AGREE","floor":11.0,"gold_loss":0.0,"damage_taken":0.0,"cards_obtained":["Doubt"]},{"damage_healed":0.0,"max_hp_gain":5.0,"max_hp_loss":0.0,"gold_gain":0.0,"event_name":"Forgotten Altar","player_choice":"Shed Blood","floor":20.0,"gold_loss":0.0,"damage_taken":26.0},{"damage_healed":0.0,"max_hp_gain":0.0,"max_hp_loss":0.0,"gold_gain":0.0,"cards_transformed":["Strike_R","Strike_R"],"event_name":"Drug Dealer","player_choice":"Became Test Subject","floor":28.0,"gold_loss":0.0,"damage_taken":0.0,"cards_obtained":["Glass Knife","Tempest"]},{"cards_removed":["Strike_R"],"damage_healed":0.0,"max_hp_gain":0.0,"max_hp_loss":0.0,"gold_gain":0.0,"event_name":"Falling","player_choice":"Removed Attack","floor":39.0,"gold_loss":0.0,"damage_taken":0.0},{"damage_healed":0.0,"max_hp_gain":0.0,"max_hp_loss":0.0,"gold_gain":0.0,"event_name":"MindBloom","player_choice":"Fight","floor":48.0,"gold_loss":0.0,"damage_taken":0.0}],"is_beta":false,"boss_relics":[{"not_picked":["Cursed Key","Eternal Feather"],"picked":"Sozu"},{"not_picked":["Tiny House","Runic Dome"],"picked":"Fusion Hammer"}],"items_purged_floors":[19,22,54],"is_endless":false,"potions_floor_spawned":[2,10,14,16,23,25,31,33,35,38,44,45,46],"ascension_level":20}