{"gold_per_floor":[111,124,124,138,28,28,57,70,94,106,129,141,118,149,161,173],"floor_reached":16,"playtime":658,"items_purged":["Strike_R"],"score":148,"play_id":"7a6e042a-c49b-44c1-9ec0-31d35534e763","local_time":"20190301221643","is_ascension_mode":true,"campfire_choices":[{"floor":6.0,"key":"REST"},{"data":"Flex","floor":10.0,"key":"SMITH"},{"data":"Seeing Red","floor":15.0,"key":"SMITH"}],"neow_cost":"NONE","seed_source_timestamp":1129335150662176,"circlet_count":0,"master_deck":["Strike_R","Strike_R","Strike_R","Strike_R","Defend_R","Defend_R","Defend_R","Defend_R","Bash","Offering+1","Body Slam+1","Bloodletting","Seeing Red+1","Reckless Charge","Flex+1"],"special_seed":0,"relics":["Burning Blood","Regal Pillow","MawBank"],"potions_floor_usage":[16,16,16],"damage_taken":[{"damage":12.0,"enemies":"Jaw Worm","floor":1.0,"turns":2.0},{"damage":11.0,"enemies":"2 Louse","floor":2.0,"turns":3.0},{"damage":12.0,"enemies":"Small Slimes","floor":4.0,"turns":4.0},{"damage":13.0,"enemies":"Gremlin Nob","floor":7.0,"turns":3.0},{"damage":13.0,"enemies":"Exordium Wildlife","floor":8.0,"turns":4.0},{"damage":16.0,"enemies":"Gremlin Gang","floor":11.0,"turns":5.0},{"damage":8.0,"enemies":"3 Louse","floor":14.0,"turns":3.0},{"damage":60,"enemies":"Slime Boss","floor":16,"turns":8}],"seed_played":"-2131435505131521084","potions_obtained":[{"floor":1.0,"key":"Block Potion"},{"floor":2.0,"key":"PowerPotion"},{"floor":7.0,"key":"Strength Potion"},{"floor":8.0,"key":"Fire Potion"},{"floor":14.0,"key":"GamblersBrew"}],"is_trial":false,"path_per_floor":["M","M","?","M","$","R","E","M","T","R","M","$","?","M","R","B"],"character_chosen":"IRONCLAD","items_purchased":["Reckless Charge"],"campfire_rested":1,"item_purchase_floors":[5],"current_hp_per_floor":[66,61,45,39,39,63,56,49,49,49,39,39,59,57,57,0],"gold":173,"neow_bonus":"ONE_RANDOM_RARE_CARD","is_prod":false,"is_daily":false,"chose_seed":false,"campfire_upgraded":2,"win_rate":0,"timestamp":1551446203,"path_taken":["M","M","?","M","$","R","E","M","T","R","M","$","?","M","R","BOSS"],"build_version":"2019-01-23","purchased_purges":1,"victory":false,"max_hp_per_floor":[80,80,80,80,80,80,80,80,80,80,80,80,80,80,80,80],"card_choices":[{"not_picked":["Disarm","Cleave"],"picked":"Body Slam","floor":1.0},{"not_picked":["Disarm","Clash"],"picked":"Bloodletting","floor":2.0},{"not_picked":["Clothesline","Thunderclap"],"picked":"Seeing Red","floor":4.0},{"not_picked":["Uppercut","Havoc"],"picked":"Flex","floor":7.0},{"not_picked":["Combust","True Grit","Cleave"],"picked":"SKIP","floor":8.0},{"not_picked":["Pommel Strike","Warcry","Headbutt"],"picked":"SKIP","floor":11.0},{"not_picked":["Havoc","Pummel","True Grit"],"picked":"SKIP","floor":14.0}],"player_experience":218570,"relics_obtained":[{"floor":7.0,"key":"Regal Pillow"},{"floor":9.0,"key":"MawBank"}],"event_choices":[{"damage_healed":0.0,"max_hp_gain":0.0,"max_hp_loss":0.0,"gold_gain":0.0,"event_name":"Shining Light","player_choice":"Entered Light","floor":3.0,"gold_loss":0.0,"damage_taken":16.0,"cards_upgraded":["Body Slam","Offering"]},{"damage_healed":20.0,"max_hp_gain":0.0,"max_hp_loss":0.0,"gold_gain":0.0,"event_name":"The Cleric","player_choice":"Healed","floor":13.0,"gold_loss":35.0,"damage_taken":0.0}],"is_beta":false,"boss_relics":[],"items_purged_floors":[5],"is_endless":false,"potions_floor_spawned":[1,2,7,8,14],"killed_by":"Slime Boss","ascension_level":9}