{"gold_per_floor":[112,30,30,30,43,68,18,33,33,365,365,365,365,394,394,493,493,418,437,189,189,189,189],"floor_reached":23,"playtime":1127,"items_purged":["Strike_R","Strike_R"],"score":308,"play_id":"2eaca9b4-0fb3-4dca-8b9e-cc5a4ee7d444","local_time":"20190225224902","is_ascension_mode":true,"campfire_choices":[{"data":"Seeing Red","floor":13,"key":"SMITH"},{"data":"Bash","floor":15,"key":"SMITH"}],"neow_cost":"NONE","seed_source_timestamp":785258520236272,"circlet_count":0,"master_deck":["Strike_R+1","Strike_R","Defend_R","Defend_R","Defend_R","Defend_R","Bash+1","Evolve","Wild Strike+1","Ghostly Armor","Seeing Red+1","Reaper","Power Through","Demon Form","Shrug It Off+1"],"relics":["Black Blood","NeowsBlessing","Smiling Mask","Unceasing Top","Paper Frog","Turnip","Old Coin","Lantern","Medical Kit","Champion Belt"],"potions_floor_usage":[16,16,18,23],"damage_taken":[{"damage":0,"enemies":"2 Louse","floor":1,"turns":1},{"damage":0,"enemies":"Jaw Worm","floor":5,"turns":1},{"damage":0,"enemies":"Lagavulin","floor":6,"turns":1},{"damage":6,"enemies":"Cultist","floor":8,"turns":3},{"damage":24,"enemies":"Gremlin Nob","floor":10,"turns":4},{"damage":20,"enemies":"3 Sentries","floor":14,"turns":9},{"damage":37,"enemies":"Hexaghost","floor":16,"turns":13},{"damage":10,"enemies":"2 Thieves","floor":18,"turns":5},{"damage":27,"enemies":"Spheric Guardian","floor":19,"turns":8},{"damage":61,"enemies":"Gremlin Leader","floor":23,"turns":8}],"seed_played":"-6871779393097668258","potions_obtained":[{"floor":6,"key":"Weak Potion"},{"floor":8,"key":"SpeedPotion"},{"floor":10,"key":"SpeedPotion"},{"floor":19,"key":"SkillPotion"}],"is_trial":false,"path_per_floor":["M","$","?","T","M","E","$","M","T","E","?","?","R","E","R","B",null,"M","M","$","?","?","E"],"character_chosen":"IRONCLAD","items_purchased":["Evolve","Medical Kit"],"campfire_rested":0,"item_purchase_floors":[2,20],"current_hp_per_floor":[78,78,75,75,80,80,80,80,80,62,46,39,39,37,37,10,63,63,46,46,46,46,0],"gold":189,"neow_bonus":"THREE_ENEMY_KILL","is_prod":false,"is_daily":false,"chose_seed":false,"campfire_upgraded":2,"win_rate":0,"timestamp":1551102542,"path_taken":["M","$","?","?","M","E","$","?","T","E","?","?","R","E","R","BOSS","M","M","$","?","?","E"],"build_version":"2019-01-23","purchased_purges":2,"victory":false,"max_hp_per_floor":[80,80,80,80,80,80,80,80,80,80,80,80,80,80,80,80,80,80,80,80,80,80,80],"card_choices":[{"not_picked":["True Grit","Clothesline","Disarm"],"picked":"SKIP","floor":1},{"not_picked":["Battle Trance","Uppercut"],"picked":"Wild Strike","floor":5},{"not_picked":["Heavy Blade","Cleave"],"picked":"Ghostly Armor","floor":6},{"not_picked":["Corruption","Battle Trance"],"picked":"Seeing Red","floor":8},{"not_picked":["Fire Breathing","Bludgeon"],"picked":"Reaper","floor":10},{"not_picked":["Blood for Blood","Armaments"],"picked":"Power Through","floor":14},{"not_picked":["Brutality","Berserk"],"picked":"Demon Form","floor":16},{"not_picked":["Pommel Strike","Iron Wave+1","Blood for Blood+1"],"picked":"SKIP","floor":18},{"not_picked":["Twin Strike","Body Slam"],"picked":"Shrug It Off+1","floor":19}],"player_experience":188911,"relics_obtained":[{"floor":4,"key":"Unceasing Top"},{"floor":6,"key":"Paper Frog"},{"floor":9,"key":"Turnip"},{"floor":10,"key":"Old Coin"},{"floor":14,"key":"Lantern"}],"event_choices":[{"damage_healed":0,"gold_gain":0,"player_choice":"Success","damage_taken":3,"relics_obtained":["Smiling Mask"],"max_hp_gain":0,"max_hp_loss":0,"event_name":"Scrap Ooze","floor":3,"gold_loss":0},{"damage_healed":0,"gold_gain":0,"player_choice":"Entered Light","damage_taken":16,"max_hp_gain":0,"max_hp_loss":0,"event_name":"Shining Light","floor":11,"gold_loss":0,"cards_upgraded":["Wild Strike","Strike_R"]},{"cards_removed":["Strike_R"],"damage_healed":0,"gold_gain":0,"player_choice":"Card Removal","damage_taken":7,"max_hp_gain":0,"max_hp_loss":0,"event_name":"Golden Wing","floor":12,"gold_loss":0},{"damage_healed":0,"gold_gain":0,"player_choice":"Opened","damage_taken":0,"relics_obtained":["Champion Belt"],"max_hp_gain":0,"max_hp_loss":0,"event_name":"The Mausoleum","floor":21,"gold_loss":0},{"damage_healed":0,"gold_gain":0,"player_choice":"Ignored","damage_taken":0,"max_hp_gain":0,"max_hp_loss":0,"event_name":"Vampires","floor":22,"gold_loss":0}],"is_beta":false,"boss_relics":[{"not_picked":["Philosopher\u0027s Stone","Snecko Eye"],"picked":"Black Blood"}],"items_purged_floors":[7,20],"is_endless":false,"potions_floor_spawned":[6,8,10,19],"killed_by":"Gremlin Leader","ascension_level":7}