{"gold_per_floor":[112,112,130,141,101,101,117,117,166,166,184,217,217,243,255,255,331,331,331,331,331,331,193,193,193],"floor_reached":25,"playtime":692,"items_purged":["Strike_R"],"score":422,"play_id":"58ea4d83-e737-46ad-bcf0-a4664875ca5e","local_time":"20190208014604","is_ascension_mode":true,"campfire_choices":[{"data":"Uppercut","floor":6,"key":"SMITH"},{"data":"Wild Strike","floor":8,"key":"SMITH"},{"floor":13,"key":"REST"},{"data":"Flex","floor":16,"key":"SMITH"},{"data":"Body Slam","floor":24,"key":"SMITH"}],"neow_cost":"NONE","seed_source_timestamp":715885565595700,"circlet_count":0,"master_deck":["AscendersBane","Strike_R","Strike_R","Defend_R","Defend_R","Defend_R","Defend_R","Bash","Anger","Shrug It Off","Uppercut+1","Impervious","Thunderclap","Wild Strike+1","Twin Strike","Carnage","Flex+1","Spot Weakness","Reaper","Armaments+1","Body Slam+1","Impervious","Entrench"],"relics":["Burning Blood","Oddly Smooth Stone","Boot","Smiling Mask","Ectoplasm"],"potions_floor_usage":[14,14,17,19],"damage_taken":[{"damage":7,"enemies":"Jaw Worm","floor":1,"turns":3},{"damage":2,"enemies":"Small Slimes","floor":3,"turns":4},{"damage":0,"enemies":"Cultist","floor":4,"turns":3},{"damage":1,"enemies":"Looter","floor":5,"turns":4},{"damage":2,"enemies":"Blue Slaver","floor":7,"turns":5},{"damage":20,"enemies":"Large Slime","floor":11,"turns":4},{"damage":33,"enemies":"3 Sentries","floor":12,"turns":8},{"damage":6,"enemies":"Lagavulin","floor":14,"turns":6},{"damage":7,"enemies":"3 Louse","floor":15,"turns":3},{"damage":43,"enemies":"The Guardian","floor":17,"turns":12},{"damage":22,"enemies":"Shell Parasite","floor":19,"turns":4},{"damage":11,"enemies":"Spheric Guardian","floor":21,"turns":4},{"damage":72,"enemies":"Gremlin Leader","floor":25,"turns":5}],"seed_played":"-8294833311950186125","potions_obtained":[{"floor":7,"key":"Dexterity Potion"},{"floor":11,"key":"SpeedPotion"},{"floor":12,"key":"Swift Potion"},{"floor":14,"key":"FearPotion"},{"floor":17,"key":"Explosive Potion"}],"is_trial":false,"path_per_floor":["M","?","M","M","M","R","M","R","T","T","M","E","R","E","M","R","B",null,"M","?","M","?","$","R","E"],"character_chosen":"IRONCLAD","items_purchased":["Entrench"],"campfire_rested":1,"item_purchase_floors":[23],"current_hp_per_floor":[67,60,64,70,75,75,75,75,75,75,61,34,56,56,55,55,18,61,57,57,52,52,52,52,0],"gold":193,"neow_bonus":"THREE_CARDS","is_prod":false,"is_daily":false,"chose_seed":false,"campfire_upgraded":4,"win_rate":0,"timestamp":1549557964,"path_taken":["M","?","M","M","M","R","M","R","T","M","E","R","E","M","R","BOSS","M","?","M","?","$","R","E"],"build_version":"2019-01-23","purchased_purges":1,"victory":false,"max_hp_per_floor":[75,75,75,75,75,75,75,75,75,75,75,75,75,75,75,75,75,75,75,75,75,75,75,75,75],"card_choices":[{"not_picked":["Cleave","Clash"],"picked":"Anger","floor":0},{"not_picked":["Anger","Cleave"],"picked":"Shrug It Off","floor":1},{"not_picked":["Fire Breathing","Shrug It Off"],"picked":"Uppercut","floor":3},{"not_picked":["Searing Blow","Armaments"],"picked":"Impervious","floor":4},{"not_picked":["Armaments","Intimidate"],"picked":"Thunderclap","floor":5},{"not_picked":["Flex","Heavy Blade"],"picked":"Wild Strike","floor":7},{"not_picked":["Hemokinesis","Pommel Strike"],"picked":"Twin Strike","floor":11},{"not_picked":["Juggernaut","Twin Strike"],"picked":"Carnage","floor":12},{"not_picked":["Wild Strike","Shrug It Off"],"picked":"Flex","floor":14},{"not_picked":["Iron Wave","Pommel Strike"],"picked":"Spot Weakness","floor":15},{"not_picked":["Offering","Double Tap"],"picked":"Reaper","floor":17},{"not_picked":["Flex","Havoc"],"picked":"Armaments+1","floor":19},{"not_picked":["Perfected Strike","Heavy Blade"],"picked":"Body Slam","floor":21}],"player_experience":4221425,"relics_obtained":[{"floor":9,"key":"Oddly Smooth Stone"},{"floor":12,"key":"Boot"},{"floor":14,"key":"Smiling Mask"}],"event_choices":[{"cards_removed":["Strike_R"],"damage_healed":0,"gold_gain":0,"player_choice":"Card Removal","damage_taken":7,"max_hp_gain":0,"max_hp_loss":0,"event_name":"Golden Wing","floor":2,"gold_loss":0},{"damage_healed":0,"gold_gain":0,"player_choice":"Ignored","damage_taken":0,"max_hp_gain":0,"max_hp_loss":0,"event_name":"The Mausoleum","floor":20,"gold_loss":0},{"damage_healed":0,"gold_gain":0,"cards_transformed":["Strike_R"],"player_choice":"Transformed","damage_taken":0,"max_hp_gain":0,"max_hp_loss":0,"event_name":"Transmorgrifier","floor":22,"gold_loss":0,"cards_obtained":["Impervious"]}],"is_beta":false,"boss_relics":[{"not_picked":["Coffee Dripper","Mark of Pain"],"picked":"Ectoplasm"}],"items_purged_floors":[23],"is_endless":false,"potions_floor_spawned":[7,11,12,14,17],"killed_by":"Gremlin Leader","ascension_level":20}