{"gold_per_floor":[12,12,25,25,43,75,75,90,90,90,125,142,142,174,174,251,251,271,287,287,50,68,68,88,88],"floor_reached":25,"playtime":1064,"items_purged":[],"score":424,"play_id":"7ffb417a-b717-46d2-a2e9-256c59a5c016","local_time":"20190315231457","is_ascension_mode":true,"campfire_choices":[{"floor":7.0,"key":"REST"},{"floor":13.0,"key":"REST"},{"floor":15.0,"key":"REST"},{"floor":23.0,"key":"REST"}],"neow_cost":"NO_GOLD","seed_source_timestamp":90690861642292,"circlet_count":0,"master_deck":["AscendersBane","Strike_R","Strike_R","Strike_R","Strike_R","Strike_R","Defend_R","Defend_R","Defend_R","Defend_R","Bash","Limit Break+1","Heavy Blade","Evolve","Whirlwind","Spot Weakness","Power Through","Disarm","Barricade","Inflame","Feed","Clothesline+1","Second Wind"],"special_seed":0,"relics":["Burning Blood","Ornamental Fan","Incense Burner","Thread and Needle","Meat on the Bone","Sozu"],"potions_floor_usage":[],"damage_taken":[{"damage":2.0,"enemies":"Cultist","floor":1.0,"turns":4.0},{"damage":12.0,"enemies":"Jaw Worm","floor":3.0,"turns":3.0},{"damage":3.0,"enemies":"2 Louse","floor":5.0,"turns":3.0},{"damage":56.0,"enemies":"Gremlin Nob","floor":6.0,"turns":5.0},{"damage":0.0,"enemies":"Lots of Slimes","floor":8.0,"turns":1.0},{"damage":35.0,"enemies":"3 Sentries","floor":11.0,"turns":6.0},{"damage":6.0,"enemies":"Large Slime","floor":12.0,"turns":5.0},{"damage":19.0,"enemies":"Lagavulin","floor":14.0,"turns":9.0},{"damage":25.0,"enemies":"Hexaghost","floor":16.0,"turns":10.0},{"damage":17.0,"enemies":"Spheric Guardian","floor":18.0,"turns":4.0},{"damage":11.0,"enemies":"2 Thieves","floor":19.0,"turns":3.0},{"damage":40.0,"enemies":"Centurion and Healer","floor":22.0,"turns":6.0},{"damage":47.0,"enemies":"Shelled Parasite and Fungi","floor":24.0,"turns":6.0},{"damage":28,"enemies":"Snake Plant","floor":25,"turns":3}],"seed_played":"5271173072357661181","potions_obtained":[{"floor":3.0,"key":"GamblersBrew"},{"floor":11.0,"key":"FearPotion"},{"floor":12.0,"key":"Energy Potion"},{"floor":14.0,"key":"Fire Potion"}],"is_trial":false,"path_per_floor":["M","$","M","?","M","E","R","M","T","?","E","M","R","E","R","B",null,"M","M","?","$","M","R","M","M"],"character_chosen":"IRONCLAD","items_purchased":["Inflame","Feed"],"campfire_rested":4,"item_purchase_floors":[21,21],"current_hp_per_floor":[72,72,66,66,69,19,41,47,47,47,18,18,40,27,49,42,67,56,51,51,51,29,51,25,0],"gold":88,"neow_bonus":"THREE_RARE_CARDS","is_prod":false,"is_daily":false,"chose_seed":false,"campfire_upgraded":0,"win_rate":0,"timestamp":1552659297,"path_taken":["M","$","M","?","M","E","R","M","T","?","E","?","R","E","R","BOSS","M","M","?","$","M","R","M","M"],"build_version":"2019-01-23","purchased_purges":0,"victory":false,"max_hp_per_floor":[75,75,75,75,75,75,75,75,75,75,75,75,75,75,75,75,75,75,75,75,75,75,75,78,78],"card_choices":[{"not_picked":["Impervious","Barricade"],"picked":"Limit Break","floor":0.0},{"not_picked":["Shrug It Off","Fire Breathing"],"picked":"Heavy Blade","floor":1.0},{"not_picked":["Havoc","Second Wind"],"picked":"Evolve","floor":3.0},{"not_picked":["Havoc","Iron Wave"],"picked":"Whirlwind","floor":5.0},{"not_picked":["Iron Wave","Power Through"],"picked":"Spot Weakness","floor":6.0},{"not_picked":["Hemokinesis","Perfected Strike"],"picked":"Power Through","floor":8.0},{"not_picked":["Whirlwind","Perfected Strike"],"picked":"Disarm","floor":11.0},{"not_picked":["Clash","Headbutt","True Grit"],"picked":"SKIP","floor":12.0},{"not_picked":["Cleave","True Grit","Evolve"],"picked":"SKIP","floor":14.0},{"not_picked":["Double Tap","Berserk"],"picked":"Barricade","floor":16.0},{"not_picked":["Iron Wave","Evolve","Cleave"],"picked":"SKIP","floor":18.0},{"not_picked":["Anger","Perfected Strike","Infernal Blade"],"picked":"SKIP","floor":19.0},{"not_picked":["Thunderclap","Dark Embrace"],"picked":"Clothesline+1","floor":22.0},{"not_picked":["Warcry","Sword Boomerang"],"picked":"Second Wind","floor":24.0}],"player_experience":339368,"relics_obtained":[{"floor":6.0,"key":"Ornamental Fan"},{"floor":9.0,"key":"Incense Burner"},{"floor":11.0,"key":"Thread and Needle"},{"floor":14.0,"key":"Meat on the Bone"}],"event_choices":[{"damage_healed":0.0,"max_hp_gain":0.0,"max_hp_loss":0.0,"gold_gain":0.0,"event_name":"Living Wall","player_choice":"Grow","floor":4.0,"gold_loss":0.0,"damage_taken":0.0,"cards_upgraded":["Limit Break"]},{"damage_healed":0.0,"max_hp_gain":0.0,"max_hp_loss":0.0,"gold_gain":0.0,"event_name":"Liars Game","player_choice":"Ignored","floor":10.0,"gold_loss":0.0,"damage_taken":0.0},{"damage_healed":0.0,"max_hp_gain":0.0,"max_hp_loss":0.0,"gold_gain":0.0,"event_name":"Vampires","player_choice":"Ignored","floor":20.0,"gold_loss":0.0,"damage_taken":0.0}],"is_beta":false,"boss_relics":[{"not_picked":["Ectoplasm","Velvet Choker"],"picked":"Sozu"}],"items_purged_floors":[],"is_endless":false,"potions_floor_spawned":[3,11,12,14,18,22],"killed_by":"Snake Plant","ascension_level":18}