{"gold_per_floor":[18,28,38,56,68,100,100,127,127,155,167,182,182,197,197,269,269,280,280,10,30,30,55,55,65,65,79,79,89,89,105,105,179,179,189,205,218,236,249,249,283,302,302,302,402,448,156,168,168,168,168,168,168,13,38,38],"floor_reached":57,"playtime":2846,"items_purged":["Strike_B","Defend_B"],"score":2714,"play_id":"1bedd9a7-0190-4a66-ad5f-53738c94ba20","local_time":"20190202023200","is_ascension_mode":true,"campfire_choices":[{"floor":7,"key":"REST"},{"data":"Go for the Eyes","floor":13,"key":"SMITH"},{"data":"Consume","floor":15,"key":"SMITH"},{"floor":24,"key":"REST"},{"floor":28,"key":"REST"},{"floor":30,"key":"REST"},{"data":"Defragment","floor":32,"key":"SMITH"},{"floor":40,"key":"RECALL"},{"data":"Biased Cognition","floor":44,"key":"SMITH"},{"data":"Seek","floor":49,"key":"SMITH"},{"data":"Hologram","floor":53,"key":"SMITH"}],"neow_cost":"NO_GOLD","seed_source_timestamp":198069507489900,"circlet_count":0,"master_deck":["AscendersBane","Strike_B+1","Strike_B+1","Defend_B","Defend_B","Zap","Dualcast","Rebound","Compile Driver","Turbo","Rip and Tear","Hello World","Rip and Tear","Auto Shields","Go for the Eyes+1","Conserve Battery","Cold Snap","Consume+1","Biased Cognition+1","Hologram+1","Leap","Hello World","Hologram","Chill+1","Defragment+1","Glacier","Seek+1","Loop+1","Ball Lightning+1","Coolheaded+1","Cold Snap","FTL+1","Glacier","Barrage","Self Repair","Turbo+1"],"relics":["Cracked Core","Bird Faced Urn","Vajra","Whetstone","Kunai","Shuriken","Empty Cage","OrangePellets","Orichalcum","DataDisk","Inserter","Pear","Prayer Wheel","Incense Burner","Bag of Marbles"],"potions_floor_usage":[5,6,10,12,16,18,23,33,33,41,46,48,50,56,56],"damage_taken":[{"damage":5,"enemies":"Small Slimes","floor":1,"turns":3},{"damage":1,"enemies":"2 Louse","floor":2,"turns":3},{"damage":1,"enemies":"Cultist","floor":3,"turns":3},{"damage":11,"enemies":"Blue Slaver","floor":4,"turns":4},{"damage":6,"enemies":"3 Louse","floor":5,"turns":2},{"damage":18,"enemies":"Lagavulin","floor":6,"turns":7},{"damage":8,"enemies":"Gremlin Nob","floor":8,"turns":3},{"damage":10,"enemies":"3 Sentries","floor":10,"turns":5},{"damage":4,"enemies":"2 Fungi Beasts","floor":11,"turns":3},{"damage":8,"enemies":"Exordium Thugs","floor":12,"turns":3},{"damage":0,"enemies":"Exordium Wildlife","floor":14,"turns":2},{"damage":17,"enemies":"Slime Boss","floor":16,"turns":7},{"damage":12,"enemies":"3 Byrds","floor":18,"turns":2},{"damage":25,"enemies":"Shell Parasite","floor":21,"turns":7},{"damage":11,"enemies":"Gremlin Leader","floor":23,"turns":6},{"damage":10,"enemies":"Snecko","floor":25,"turns":6},{"damage":27,"enemies":"Cultist and Chosen","floor":27,"turns":5},{"damage":19,"enemies":"Shelled Parasite and Fungi","floor":29,"turns":7},{"damage":3,"enemies":"3 Cultists","floor":31,"turns":6},{"damage":20,"enemies":"Automaton","floor":33,"turns":10},{"damage":0,"enemies":"3 Shapes","floor":35,"turns":6},{"damage":19,"enemies":"3 Darklings","floor":36,"turns":8},{"damage":5,"enemies":"Transient","floor":37,"turns":6},{"damage":0,"enemies":"Spire Growth","floor":38,"turns":5},{"damage":0,"enemies":"3 Darklings","floor":39,"turns":7},{"damage":14,"enemies":"Giant Head","floor":41,"turns":14},{"damage":36,"enemies":"Jaw Worm Horde","floor":42,"turns":7},{"damage":8,"enemies":"Mind Bloom Boss Battle","floor":45,"turns":9},{"damage":6,"enemies":"2 Orb Walkers","floor":46,"turns":8},{"damage":0,"enemies":"Sphere and 2 Shapes","floor":48,"turns":7},{"damage":0,"enemies":"Awakened One","floor":50,"turns":17},{"damage":13,"enemies":"Donu and Deca","floor":51,"turns":16},{"damage":1,"enemies":"Shield and Spear","floor":55,"turns":11},{"damage":67,"enemies":"The Heart","floor":56,"turns":11}],"seed_played":"6017123182024031042","potions_obtained":[{"floor":1,"key":"Block Potion"},{"floor":4,"key":"SteroidPotion"},{"floor":5,"key":"Explosive Potion"},{"floor":8,"key":"Poison Potion"},{"floor":11,"key":"Strength Potion"},{"floor":14,"key":"LiquidBronze"},{"floor":16,"key":"FocusPotion"},{"floor":29,"key":"FocusPotion"},{"floor":31,"key":"SpeedPotion"},{"floor":33,"key":"FocusPotion"},{"floor":36,"key":"FocusPotion"},{"floor":41,"key":"Ancient Potion"},{"floor":42,"key":"Energy Potion"},{"floor":46,"key":"SkillPotion"},{"floor":55,"key":"Poison Potion"}],"is_trial":false,"path_per_floor":["M","M","M","M","M","E","R","E","T","E","M","M","R","M","R","B",null,"M","?","$","M","?","E","R","M","T","M","R","M","R","M","R","B",null,"M","M","M","M","M","R","E","M","T","R","?","?","$","M","R","B","B",null,"R","$","E","B",null],"character_chosen":"DEFECT","items_purchased":["OrangePellets","Fire Potion","Glacier","Barrage","Regen Potion","Swift Potion"],"campfire_rested":4,"item_purchase_floors":[20,20,47,47,47,54],"current_hp_per_floor":[59,58,57,46,40,24,45,39,39,31,29,23,23,25,25,10,56,48,48,48,27,27,20,41,37,37,16,37,24,45,50,50,38,63,71,58,61,67,71,71,75,43,43,43,45,47,47,70,70,78,81,81,81,81,81,33],"gold":38,"neow_bonus":"ONE_RARE_RELIC","is_prod":false,"is_daily":false,"chose_seed":false,"campfire_upgraded":6,"win_rate":0,"timestamp":1549042320,"path_taken":["M","M","M","M","M","E","R","E","T","E","M","M","R","M","R","BOSS","M","?","$","M","?","E","R","M","T","?","R","M","R","M","R","BOSS","M","M","M","M","M","R","E","M","T","R","?","?","$","M","R","BOSS","BOSS","R","$","E","BOSS"],"build_version":"2019-01-23","purchased_purges":2,"victory":true,"max_hp_per_floor":[71,71,71,71,71,71,71,71,71,71,71,71,71,71,71,71,71,71,71,71,71,71,71,71,71,71,71,71,71,71,71,71,71,71,71,71,71,71,71,71,81,81,81,81,81,81,81,81,81,81,81,81,81,81,81,81],"card_choices":[{"not_picked":["Steam","Conserve Battery"],"picked":"Rebound","floor":1},{"not_picked":["Stack","Fusion"],"picked":"Compile Driver","floor":2},{"not_picked":["Steam","Skim"],"picked":"Turbo","floor":3},{"not_picked":["Beam Cell","Hello World"],"picked":"Rip and Tear","floor":4},{"not_picked":["Steam","Recycle"],"picked":"Hello World","floor":5},{"not_picked":["Auto Shields","Steam"],"picked":"Rip and Tear","floor":6},{"not_picked":["Blizzard","Thunder Strike"],"picked":"Auto Shields","floor":8},{"not_picked":["Hologram","Undo"],"picked":"Go for the Eyes","floor":10},{"not_picked":["Compile Driver","Loop"],"picked":"Conserve Battery","floor":11},{"not_picked":["Stack","Sweeping Beam"],"picked":"Cold Snap","floor":12},{"not_picked":["Doom and Gloom","Ball Lightning"],"picked":"Consume","floor":14},{"not_picked":["Thunder Strike","Amplify"],"picked":"Biased Cognition","floor":16},{"not_picked":["Compile Driver","Stack"],"picked":"Hologram","floor":18},{"not_picked":["Tempest","Sunder"],"picked":"Leap","floor":21},{"not_picked":["Darkness","Multi-Cast"],"picked":"Hello World","floor":23},{"not_picked":["Barrage+1","Steam"],"picked":"Hologram","floor":25},{"not_picked":["Undo","Beam Cell"],"picked":"Chill+1","floor":27},{"not_picked":["Conserve Battery","Streamline"],"picked":"Defragment","floor":29},{"not_picked":["Gash+1","Rip and Tear"],"picked":"Glacier","floor":31},{"not_picked":["Machine Learning","Meteor Strike"],"picked":"Seek","floor":33},{"not_picked":["Lockon","Conserve Battery","Cold Snap"],"picked":"SKIP","floor":35},{"not_picked":["Conserve Battery","Streamline"],"picked":"Loop+1","floor":36},{"not_picked":["Heatsinks","Melter"],"picked":"Ball Lightning+1","floor":37},{"not_picked":["Auto Shields","Streamline"],"picked":"Coolheaded+1","floor":38},{"not_picked":["Hologram","Redo","Blizzard"],"picked":"SKIP","floor":39},{"not_picked":["Scrape","Conserve Battery","Undo"],"picked":"SKIP","floor":41},{"not_picked":["Sunder+1","Rebound+1","Redo"],"picked":"SKIP","floor":42},{"not_picked":["Consume","Sweeping Beam"],"picked":"Cold Snap","floor":45},{"not_picked":["Stack+1","Compile Driver"],"picked":"FTL+1","floor":46},{"not_picked":["Auto Shields","All For One"],"picked":"Self Repair","floor":48},{"not_picked":["Auto Shields+1","Compile Driver"],"picked":"Turbo+1","floor":48},{"not_picked":["Ball Lightning","Streamline","Reprogram"],"picked":"SKIP","floor":55}],"player_experience":4186725,"relics_obtained":[{"floor":6,"key":"Vajra"},{"floor":8,"key":"Whetstone"},{"floor":9,"key":"Kunai"},{"floor":10,"key":"Shuriken"},{"floor":23,"key":"Orichalcum"},{"floor":26,"key":"DataDisk"},{"floor":41,"key":"Pear"},{"floor":45,"key":"Prayer Wheel"},{"floor":46,"key":"Incense Burner"},{"floor":55,"key":"Bag of Marbles"}],"event_choices":[{"damage_healed":0,"gold_gain":0,"player_choice":"Ignored","damage_taken":0,"max_hp_gain":0,"max_hp_loss":0,"event_name":"Cursed Tome","floor":19,"gold_loss":0},{"damage_healed":0,"gold_gain":0,"player_choice":"0 cards matched","damage_taken":0,"max_hp_gain":0,"max_hp_loss":0,"event_name":"Match and Keep!","floor":22,"gold_loss":0,"cards_obtained":[]},{"damage_healed":0,"gold_gain":0,"player_choice":"Fight","damage_taken":0,"max_hp_gain":0,"max_hp_loss":0,"event_name":"MindBloom","floor":45,"gold_loss":0},{"damage_healed":0,"gold_gain":0,"player_choice":"Fight","damage_taken":0,"max_hp_gain":0,"max_hp_loss":0,"event_name":"Mysterious Sphere","floor":46,"gold_loss":0}],"is_beta":false,"boss_relics":[{"not_picked":["Lizard Tail","White Beast Statue"],"picked":"Empty Cage"},{"not_picked":["Cursed Key","Nuclear Battery"],"picked":"Inserter"}],"items_purged_floors":[47,54],"is_endless":false,"potions_floor_spawned":[1,4,5,8,11,14,16,29,31,33,36,38,41,42,46,55],"ascension_level":20}