{"gold_per_floor":[117,67,67,82,82,117,134,134,213,226,252,315,329,347,347,452,452,463,129,129,144,157,157,170,170,197,197,214,229,229,229,229,330,330,347,361,17,32,42,42,42,62,62,38,38,138,138,154,154,154,154,154,43,73,73],"floor_reached":55,"playtime":5203,"items_purged":["Defend_R"],"score":761,"play_id":"7263e1e8-0ca8-4e91-92b8-3a4060303ed7","local_time":"20190102185540","is_ascension_mode":false,"campfire_choices":[{"floor":8,"key":"RECALL"},{"data":"Searing Blow","floor":15,"key":"SMITH"},{"floor":23,"key":"REST"},{"data":"Body Slam","floor":27,"key":"SMITH"},{"data":"Searing Blow+1","floor":30,"key":"SMITH"},{"floor":32,"key":"REST"},{"floor":40,"key":"REST"},{"floor":45,"key":"REST"},{"floor":47,"key":"REST"},{"data":"Juggernaut","floor":49,"key":"SMITH"},{"data":"Barricade","floor":52,"key":"SMITH"}],"neow_cost":"NONE","seed_source_timestamp":860983451800,"circlet_count":0,"master_deck":["Strike_R","Strike_R","Strike_R+1","Strike_R","Defend_R","Bash","Shrug It Off","Shrug It Off+1","Shrug It Off","Feed","Shrug It Off","Pummel","Iron Wave","Shrug It Off","Searing Blow+2","Feed","Body Slam+1","Shrug It Off","Purity","Flex+1","Seeing Red+1","Pummel","Shrug It Off+1","Spot Weakness+1","Corruption","Barricade+1","Seeing Red+1","Pummel+1","Juggernaut+1","Body Slam+1","Reckless Charge+1","Warcry+1","Infernal Blade+1","Metallicize","Havoc+1","Ghostly Armor+1","Shrug It Off+1","Armaments+1","Inflame+1","Madness+1","Madness+1","Seeing Red+1","Armaments+1","Havoc+1","Warcry+1","Pummel+1","Inflame","Disarm+1"],"relics":["Burning Blood","NeowsBlessing","Dead Branch","Mummified Hand","Prayer Wheel","Bag of Preparation","Empty Cage","Red Skull","Toxic Egg 2","Lantern","Lizard Tail","Shuriken","Gremlin Horn","Thread and Needle","Kunai"],"potions_floor_usage":[11,12,16,16,29,33,33,38,50,54,55],"damage_taken":[{"damage":0,"enemies":"Small Slimes","floor":1,"turns":1},{"damage":0,"enemies":"Jaw Worm","floor":4,"turns":1},{"damage":0,"enemies":"3 Sentries","floor":6,"turns":1},{"damage":0,"enemies":"2 Louse","floor":7,"turns":2},{"damage":10,"enemies":"Looter","floor":10,"turns":3},{"damage":21,"enemies":"Lagavulin","floor":11,"turns":8},{"damage":8,"enemies":"3 Sentries","floor":12,"turns":10},{"damage":2,"enemies":"Large Slime","floor":13,"turns":8},{"damage":3,"enemies":"Gremlin Gang","floor":14,"turns":7},{"damage":58,"enemies":"Slime Boss","floor":16,"turns":12},{"damage":53,"enemies":"Spheric Guardian","floor":18,"turns":14},{"damage":0,"enemies":"Chosen","floor":21,"turns":3},{"damage":29,"enemies":"Snecko","floor":22,"turns":8},{"damage":10,"enemies":"Shelled Parasite and Fungi","floor":24,"turns":3},{"damage":5,"enemies":"Chosen and Byrds","floor":28,"turns":4},{"damage":12,"enemies":"Centurion and Healer","floor":29,"turns":5},{"damage":48,"enemies":"Collector","floor":33,"turns":9},{"damage":18,"enemies":"Orb Walker","floor":35,"turns":4},{"damage":25,"enemies":"3 Darklings","floor":36,"turns":6},{"damage":51,"enemies":"Writhing Mass","floor":38,"turns":5},{"damage":0,"enemies":"Transient","floor":39,"turns":5},{"damage":0,"enemies":"Sphere and 2 Shapes","floor":42,"turns":3},{"damage":12,"enemies":"Mind Bloom Boss Battle","floor":46,"turns":6},{"damage":0,"enemies":"Jaw Worm Horde","floor":48,"turns":2},{"damage":41,"enemies":"Time Eater","floor":50,"turns":7},{"damage":48,"enemies":"Shield and Spear","floor":54,"turns":3},{"damage":103,"enemies":"The Heart","floor":55,"turns":6}],"seed_played":"-3537386142478898947","potions_obtained":[{"floor":4,"key":"Swift Potion"},{"floor":10,"key":"EssenceOfSteel"},{"floor":11,"key":"Energy Potion"},{"floor":14,"key":"Ancient Potion"},{"floor":16,"key":"Fire Potion"},{"floor":21,"key":"Fire Potion"},{"floor":22,"key":"BloodPotion"},{"floor":36,"key":"BloodPotion"},{"floor":46,"key":"Poison Potion"},{"floor":48,"key":"AttackPotion"},{"floor":54,"key":"SkillPotion"}],"is_trial":false,"path_per_floor":["M","?","T","M","?","E","M","R","T","M","E","?","M","M","R","B",null,"M","$","?","M","M","R","M","?","T","R","M","M","R","?","R","B",null,"M","M","$","M","M","R","?","M","T","$","R","?","R","M","R","B",null,"R","$","E","B"],"character_chosen":"IRONCLAD","items_purchased":["Shrug It Off","Red Skull","Purity","Metallicize","Shuriken","Havoc+1","Armaments+1","Inflame","Disarm+1"],"campfire_rested":5,"item_purchase_floors":[19,19,19,37,37,37,44,53,53],"current_hp_per_floor":[80,80,80,80,64,70,76,76,76,72,57,55,59,65,65,13,83,36,36,36,45,22,47,43,43,43,43,47,49,49,41,67,25,89,77,58,58,21,27,53,42,48,48,48,74,68,89,89,89,54,89,89,89,47,0],"gold":73,"neow_bonus":"THREE_ENEMY_KILL","is_prod":false,"is_daily":false,"chose_seed":false,"campfire_upgraded":5,"win_rate":0,"timestamp":1546451740,"path_taken":["M","?","?","?","?","E","M","R","T","M","E","?","M","M","R","BOSS","M","$","?","M","M","R","M","?","T","R","M","?","R","?","R","BOSS","M","?","$","M","M","R","?","M","T","$","R","?","R","M","R","BOSS","R","$","E","BOSS"],"build_version":"2018-12-20","purchased_purges":1,"victory":false,"max_hp_per_floor":[80,80,80,80,80,80,80,80,80,80,80,80,80,83,83,83,83,83,83,83,86,86,86,86,86,86,86,89,89,89,89,89,89,89,89,89,89,89,89,89,89,89,89,89,89,89,89,89,89,89,89,89,89,89,89],"card_choices":[{"not_picked":["True Grit","Pommel Strike"],"picked":"Shrug It Off","floor":1},{"not_picked":["Headbutt","Shockwave"],"picked":"Shrug It Off","floor":4},{"not_picked":["Cleave","Wild Strike"],"picked":"Shrug It Off","floor":6},{"not_picked":["Shockwave","Thunderclap"],"picked":"Feed","floor":7},{"not_picked":["Warcry","Rampage"],"picked":"Shrug It Off","floor":10},{"not_picked":["Twin Strike","Clash"],"picked":"Pummel","floor":11},{"not_picked":["Sword Boomerang","Warcry"],"picked":"Iron Wave","floor":12},{"not_picked":["Blood for Blood","Sword Boomerang"],"picked":"Shrug It Off","floor":13},{"not_picked":["True Grit","Flex","Headbutt"],"picked":"SKIP","floor":13},{"not_picked":["Immolate","Headbutt"],"picked":"Searing Blow","floor":14},{"not_picked":["Clash","Pommel Strike","Anger"],"picked":"SKIP","floor":14},{"not_picked":["Offering","Bludgeon"],"picked":"Feed","floor":16},{"not_picked":["Carnage+1","Battle Trance+1"],"picked":"Body Slam","floor":18},{"not_picked":["Evolve","Uppercut","Pommel Strike"],"picked":"SKIP","floor":18},{"not_picked":["Perfected Strike+1","Clash"],"picked":"Flex+1","floor":21},{"not_picked":["Hemokinesis","Clash","Clothesline"],"picked":"SKIP","floor":21},{"not_picked":["Clash","Flex+1"],"picked":"Seeing Red+1","floor":22},{"not_picked":["Evolve","Clothesline"],"picked":"Pummel","floor":22},{"not_picked":["Twin Strike","Perfected Strike"],"picked":"Shrug It Off+1","floor":24},{"not_picked":["Fire Breathing","Anger"],"picked":"Spot Weakness+1","floor":24},{"not_picked":["Intimidate+1","Iron Wave"],"picked":"Corruption","floor":28},{"not_picked":["Corruption","Rampage"],"picked":"Barricade","floor":28},{"not_picked":["Pummel","Blood for Blood"],"picked":"Seeing Red+1","floor":29},{"not_picked":["Pummel+1","Havoc+1","Sword Boomerang"],"picked":"SKIP","floor":29},{"not_picked":["Havoc+1","Sword Boomerang"],"picked":"Pummel+1","floor":29},{"not_picked":["Impervious+1","Berserk"],"picked":"Juggernaut","floor":33},{"not_picked":["Flame Barrier+1","Havoc+1"],"picked":"Body Slam+1","floor":35},{"not_picked":["Infernal Blade+1","Sword Boomerang"],"picked":"Reckless Charge+1","floor":35},{"not_picked":["Twin Strike+1","Iron Wave"],"picked":"Warcry+1","floor":36},{"not_picked":["Rupture+1","Clash"],"picked":"Infernal Blade+1","floor":36},{"not_picked":["Flex+1","Uppercut"],"picked":"Ghostly Armor+1","floor":38},{"not_picked":["Cleave+1","Flex+1"],"picked":"Shrug It Off+1","floor":38},{"not_picked":["Cleave+1","Flame Barrier+1"],"picked":"Armaments+1","floor":39},{"not_picked":["Havoc+1","Inflame+1","Power Through+1"],"picked":"SKIP","floor":39},{"not_picked":["Havoc+1","Power Through+1"],"picked":"Inflame+1","floor":39},{"not_picked":["Clothesline","Burning Pact+1"],"picked":"Seeing Red+1","floor":42},{"not_picked":["Juggernaut","Body Slam","Headbutt"],"picked":"SKIP","floor":42},{"not_picked":["Thunderclap","True Grit+1"],"picked":"Havoc+1","floor":46},{"not_picked":["Fire Breathing+1","Clothesline"],"picked":"Warcry+1","floor":48},{"not_picked":["Heavy Blade","Reckless Charge"],"picked":"Pummel+1","floor":48},{"not_picked":["Bludgeon","Uppercut+1","Dark Embrace"],"picked":"SKIP","floor":54}],"player_experience":234896,"relics_obtained":[{"floor":6,"key":"Dead Branch"},{"floor":9,"key":"Mummified Hand"},{"floor":11,"key":"Prayer Wheel"},{"floor":12,"key":"Bag of Preparation"},{"floor":26,"key":"Lantern"},{"floor":43,"key":"Gremlin Horn"},{"floor":46,"key":"Thread and Needle"},{"floor":54,"key":"Kunai"}],"event_choices":[{"cards_removed":["Defend_R"],"damage_healed":0,"gold_gain":0,"player_choice":"Card Removal","damage_taken":0,"max_hp_gain":0,"max_hp_loss":0,"event_name":"The Cleric","floor":2,"gold_loss":50},{"damage_healed":0,"gold_gain":0,"player_choice":"Entered Light","damage_taken":16,"max_hp_gain":0,"max_hp_loss":0,"event_name":"Shining Light","floor":5,"gold_loss":0,"cards_upgraded":["Strike_R","Shrug It Off"]},{"damage_healed":0,"gold_gain":0,"player_choice":"Searched \u00272\u0027 times","damage_taken":0,"max_hp_gain":0,"max_hp_loss":0,"event_name":"Dead Adventurer","floor":12,"gold_loss":0},{"damage_healed":0,"gold_gain":0,"player_choice":"Opened","damage_taken":0,"relics_obtained":["Toxic Egg 2"],"max_hp_gain":0,"max_hp_loss":0,"event_name":"The Mausoleum","floor":20,"gold_loss":0},{"damage_healed":0,"gold_gain":0,"player_choice":"Ignored","damage_taken":0,"max_hp_gain":0,"max_hp_loss":0,"event_name":"N\u0027loth","floor":25,"gold_loss":0},{"damage_healed":0,"gold_gain":0,"player_choice":"","damage_taken":8,"max_hp_gain":0,"max_hp_loss":0,"event_name":"Knowing Skull","floor":31,"potions_obtained":[],"gold_loss":0,"cards_obtained":[]},{"damage_healed":0,"gold_gain":0,"player_choice":"Embrace Madness","damage_taken":11,"max_hp_gain":0,"max_hp_loss":0,"event_name":"Winding Halls","floor":41,"gold_loss":0,"cards_obtained":["Madness","Madness"]},{"damage_healed":0,"gold_gain":0,"player_choice":"Fight","damage_taken":0,"max_hp_gain":0,"max_hp_loss":0,"event_name":"MindBloom","floor":46,"gold_loss":0}],"is_beta":false,"boss_relics":[{"not_picked":["Velvet Choker","Mark of Pain"],"picked":"Empty Cage"},{"not_picked":["Pandora\u0027s Box","Eternal Feather"],"picked":"Lizard Tail"}],"items_purged_floors":[19],"is_endless":false,"potions_floor_spawned":[4,10,11,14,16,21,22,28,36,46,48,54],"killed_by":"The Heart","ascension_level":0}