{"gold_per_floor":[109,129,129,139,155,155,181,181,235,235],"floor_reached":10,"playtime":424,"items_purged":[],"score":136,"play_id":"9007277d-855c-40e4-a57c-9b0d32863a1e","local_time":"20190313014038","is_ascension_mode":true,"campfire_choices":[{"data":"Neutralize","floor":6,"key":"SMITH"},{"floor":8,"key":"REST"}],"neow_cost":"NONE","seed_source_timestamp":461154317814400,"circlet_count":0,"master_deck":["AscendersBane","Defend_G","Defend_G","Defend_G","Defend_G","Strike_G","Strike_G","Strike_G","Strike_G","Strike_G","Survivor","Neutralize+1","Heel Hook","Sucker Punch","Backstab","Backflip","Malaise"],"relics":["Ring of the Snake","Pantograph","Anchor"],"potions_floor_usage":[5],"damage_taken":[{"damage":10,"enemies":"Small Slimes","floor":1,"turns":7},{"damage":8,"enemies":"Jaw Worm","floor":2,"turns":5},{"damage":0,"enemies":"Cultist","floor":4,"turns":3},{"damage":0,"enemies":"3 Louse","floor":5,"turns":2},{"damage":24,"enemies":"Gremlin Nob","floor":7,"turns":4},{"damage":40,"enemies":"Lagavulin","floor":10,"turns":11}],"seed_played":"-6972664888809920521","potions_obtained":[{"floor":2,"key":"Fire Potion"},{"floor":7,"key":"Weak Potion"}],"is_trial":false,"path_per_floor":["M","M","?","M","M","R","E","R","T","E"],"character_chosen":"THE_SILENT","items_purchased":[],"campfire_rested":1,"item_purchase_floors":[],"current_hp_per_floor":[49,41,41,41,41,41,17,36,36,0],"gold":235,"neow_bonus":"REMOVE_CARD","is_prod":false,"is_daily":false,"chose_seed":false,"campfire_upgraded":1,"win_rate":0,"timestamp":1552408838,"path_taken":["M","M","?","M","M","R","E","R","T","E"],"build_version":"2019-01-23","purchased_purges":0,"victory":false,"max_hp_per_floor":[66,66,66,66,66,66,66,66,66,66],"card_choices":[{"not_picked":["Quick Slash","Sucker Punch"],"picked":"Heel Hook","floor":1},{"not_picked":["Flying Knee","Noxious Fumes"],"picked":"Sucker Punch","floor":2},{"not_picked":["Bane","Dagger Throw"],"picked":"Backstab","floor":4},{"not_picked":["Catalyst","Acrobatics"],"picked":"Backflip","floor":5},{"not_picked":["Cloak And Dagger","Dodge and Roll"],"picked":"Malaise","floor":7}],"player_experience":4524833,"relics_obtained":[{"floor":7,"key":"Pantograph"},{"floor":9,"key":"Anchor"}],"event_choices":[{"damage_healed":0,"gold_gain":0,"player_choice":"Ignored","damage_taken":0,"max_hp_gain":0,"max_hp_loss":0,"event_name":"Liars Game","floor":3,"gold_loss":0}],"is_beta":false,"boss_relics":[],"items_purged_floors":[],"is_endless":false,"potions_floor_spawned":[2,7],"killed_by":"Lagavulin","ascension_level":20}