{"gold_per_floor":[214,214,227,227,2,12,45,45,123,137,150,179,191,204,204,307,307,292,302,202,202,202,236,31,57,57,57,57,57],"floor_reached":29,"playtime":2226,"items_purged":["Pain","Strike_R","Strike_R"],"score":273,"play_id":"3d791a14-46cc-4c5b-b6c8-42c3ab90f76a","local_time":"20190213121521","is_ascension_mode":false,"campfire_choices":[{"data":"Armaments","floor":8.0,"key":"SMITH"},{"data":"Second Wind","floor":15.0,"key":"SMITH"},{"data":"Dark Embrace","floor":27,"key":"SMITH"}],"neow_cost":"NONE","seed_source_timestamp":7343342359271,"circlet_count":0,"master_deck":["Strike_R","Strike_R","Defend_R","Defend_R","Defend_R+1","Defend_R+1","Bash","Armaments+1","Whirlwind","Inflame","Bloodletting","Rampage","Dark Embrace+1","Shrug It Off","Metallicize","Intimidate","Second Wind+1","Offering","Inflame","Dual Wield","Power Through"],"special_seed":0,"relics":["Burning Blood","WarpedTongs","Happy Flower","Self Forming Clay","Ancient Tea Set","Mark of Pain","MutagenicStrength","PreservedInsect","Bronze Scales","Pantograph"],"potions_floor_usage":[],"damage_taken":[{"damage":2.0,"enemies":"2 Louse","floor":1.0,"turns":4.0},{"damage":0.0,"enemies":"Jaw Worm","floor":3.0,"turns":4.0},{"damage":1.0,"enemies":"Cultist","floor":6.0,"turns":4.0},{"damage":17.0,"enemies":"Lagavulin","floor":7.0,"turns":6.0},{"damage":0.0,"enemies":"Lots of Slimes","floor":10.0,"turns":1.0},{"damage":10.0,"enemies":"2 Fungi Beasts","floor":11.0,"turns":2.0},{"damage":14.0,"enemies":"3 Sentries","floor":12.0,"turns":9.0},{"damage":3.0,"enemies":"Blue Slaver","floor":13.0,"turns":5.0},{"damage":3.0,"enemies":"Large Slime","floor":14.0,"turns":4.0},{"damage":30.0,"enemies":"Slime Boss","floor":16.0,"turns":12.0},{"damage":25.0,"enemies":"2 Thieves","floor":18.0,"turns":4.0},{"damage":10.0,"enemies":"Shell Parasite","floor":19.0,"turns":5.0},{"damage":40.0,"enemies":"Book of Stabbing","floor":23.0,"turns":5.0},{"damage":12,"enemies":"Slavers","floor":25,"turns":4},{"damage":2,"enemies":"Cultist and Chosen","floor":29,"turns":4}],"seed_played":"-9167120831439070586","potions_obtained":[{"floor":6.0,"key":"EssenceOfSteel"},{"floor":10.0,"key":"EssenceOfSteel"},{"floor":14.0,"key":"Poison Potion"},{"floor":19.0,"key":"Swift Potion"},{"floor":23.0,"key":"Strength Potion"}],"is_trial":false,"path_per_floor":["M","?","M","?","$","M","E","R","T","M","M","E","M","M","R","B",null,"M","M","$","?","?","E","$","E","T","R","?","M"],"character_chosen":"IRONCLAD","items_purchased":["Inflame","Bloodletting","Power Through"],"campfire_rested":0,"item_purchase_floors":[5,5,24],"current_hp_per_floor":[80,64,70,70,70,75,64,64,64,70,66,58,61,64,64,40,80,61,57,57,57,57,23,23,17,17,17,1,0],"gold":57,"neow_bonus":"HUNDRED_GOLD","is_prod":false,"is_daily":false,"chose_seed":false,"campfire_upgraded":3,"win_rate":0,"timestamp":1550027721,"path_taken":["M","?","M","?","$","?","E","R","T","M","M","E","M","M","R","BOSS","M","M","?","?","?","E","$","E","T","R","?","M"],"build_version":"2019-01-23","purchased_purges":3,"victory":false,"max_hp_per_floor":[80,80,80,80,80,80,80,80,80,80,80,80,80,80,80,80,80,80,80,80,80,80,80,80,80,80,80,80,80],"card_choices":[{"not_picked":["Perfected Strike","Shrug It Off"],"picked":"Armaments","floor":1.0},{"not_picked":["Wild Strike","Uppercut"],"picked":"Whirlwind","floor":3.0},{"not_picked":["Wild Strike","Shrug It Off"],"picked":"Rampage","floor":6.0},{"not_picked":["Cleave","Pommel Strike"],"picked":"Dark Embrace","floor":7.0},{"not_picked":["Cleave","Clash"],"picked":"Shrug It Off","floor":10.0},{"not_picked":["Heavy Blade","Body Slam"],"picked":"Metallicize","floor":11.0},{"not_picked":["Corruption","Rage"],"picked":"Intimidate","floor":12.0},{"not_picked":["Pommel Strike","Wild Strike"],"picked":"Second Wind","floor":13.0},{"not_picked":["Wild Strike","Corruption","Cleave"],"picked":"SKIP","floor":14.0},{"not_picked":["Feed","Fiend Fire"],"picked":"Offering","floor":16.0},{"not_picked":["Rage","Cleave","Warcry"],"picked":"SKIP","floor":18.0},{"not_picked":["Armaments","Wild Strike"],"picked":"Inflame","floor":19.0},{"not_picked":["Thunderclap","Pummel"],"picked":"Dual Wield","floor":23.0},{"not_picked":["Impervious","Sever Soul+1","Flex"],"picked":"SKIP","floor":25}],"player_experience":61022,"relics_obtained":[{"floor":7.0,"key":"Happy Flower"},{"floor":9.0,"key":"Self Forming Clay"},{"floor":12.0,"key":"Ancient Tea Set"},{"floor":23.0,"key":"PreservedInsect"},{"floor":25,"key":"Bronze Scales"},{"floor":26,"key":"Pantograph"}],"event_choices":[{"damage_healed":0.0,"max_hp_gain":0.0,"max_hp_loss":0.0,"gold_gain":0.0,"event_name":"Shining Light","player_choice":"Entered Light","floor":2.0,"gold_loss":0.0,"damage_taken":16.0,"cards_upgraded":["Defend_R","Defend_R"]},{"damage_healed":0.0,"max_hp_gain":0.0,"max_hp_loss":0.0,"gold_gain":0.0,"event_name":"Accursed Blacksmith","player_choice":"Rummage","floor":4.0,"gold_loss":0.0,"damage_taken":0.0,"relics_obtained":["WarpedTongs"],"cards_obtained":["Pain"]},{"cards_removed":["Strike_R"],"damage_healed":0.0,"max_hp_gain":0.0,"max_hp_loss":0.0,"gold_gain":0.0,"event_name":"Back to Basics","player_choice":"Elegance","floor":21.0,"gold_loss":0.0,"damage_taken":0.0},{"damage_healed":0.0,"max_hp_gain":0.0,"max_hp_loss":0.0,"gold_gain":0.0,"event_name":"Drug Dealer","player_choice":"Inject Mutagens","floor":22.0,"gold_loss":0.0,"damage_taken":0.0,"relics_obtained":["MutagenicStrength"]},{"damage_healed":0,"gold_gain":0,"player_choice":"Obtained Book","damage_taken":16,"max_hp_gain":0,"max_hp_loss":0,"event_name":"Cursed Tome","floor":28,"gold_loss":0}],"is_beta":false,"boss_relics":[{"not_picked":["Velvet Choker","Philosopher\u0027s Stone"],"picked":"Mark of Pain"}],"items_purged_floors":[5,20,24],"is_endless":false,"potions_floor_spawned":[6,10,14,19,23],"killed_by":"Cultist and Chosen","ascension_level":0}