{"gold_per_floor":[17,30,44,9,23,52,24,47,59,99,125,137,181,212,224,311,323,347,379,404,516,548,560,603,627,639,97,97,109,141,141,141,216,216,236,253,253,271,371,371,421,447,472,472,485,499,92,117,117,117,117,117,117,7,33,33],"floor_reached":56,"playtime":2989,"items_purged":["Strike_G","Writhe","Bane"],"score":2077,"play_id":"45ac9293-a7db-422c-a2e2-6ef4db6fd1bf","local_time":"20190227002656","is_ascension_mode":true,"campfire_choices":[{"floor":12.0,"key":"REST"},{"data":"Deadly Poison","floor":15.0,"key":"SMITH"},{"floor":23.0,"key":"REST"},{"floor":28.0,"key":"REST"},{"data":"Catalyst","floor":32.0,"key":"SMITH"},{"floor":40.0,"key":"RECALL"},{"data":"Neutralize","floor":44.0,"key":"SMITH"},{"data":"After Image","floor":49.0,"key":"SMITH"},{"data":"Leg Sweep","floor":53.0,"key":"SMITH"}],"neow_cost":"NO_GOLD","seed_source_timestamp":1070932008029999,"circlet_count":0,"master_deck":["AscendersBane","Defend_G","Defend_G","Defend_G","Defend_G","Survivor","Neutralize+1","Cloak And Dagger+1","Poisoned Stab","Glass Knife","Backflip","PiercingWail+1","Unload","Unload","Deadly Poison+1","Corpse Explosion","Quick Slash+1","Dash","Dodge and Roll","Catalyst+1","Footwork","PiercingWail","Bouncing Flask","Footwork+1","Dodge and Roll","Escape Plan","Dagger Throw","After Image+1","Footwork+1","Blur+1","Envenom+1","Escape Plan","Dodge and Roll+1","PiercingWail","Leg Sweep+1","Footwork","Caltrops","Malaise"],"special_seed":0,"relics":["Ring of the Snake","MawBank","Potion Belt","War Paint","Mercury Hourglass","Cursed Key","FossilizedHelix","Ninja Scroll","The Specimen","TwistedFunnel","Red Mask","Astrolabe","Calipers","Boot","Membership Card","Pear","Blood Vial","Letter Opener"],"potions_floor_usage":[56],"damage_taken":[{"damage":4.0,"enemies":"Small Slimes","floor":1.0,"turns":5.0},{"damage":0.0,"enemies":"Cultist","floor":2.0,"turns":4.0},{"damage":0.0,"enemies":"2 Louse","floor":3.0,"turns":2.0},{"damage":23.0,"enemies":"Exordium Thugs","floor":5.0,"turns":7.0},{"damage":22.0,"enemies":"Lagavulin","floor":6.0,"turns":6.0},{"damage":4.0,"enemies":"2 Fungi Beasts","floor":8.0,"turns":3.0},{"damage":4.0,"enemies":"Gremlin Nob","floor":10.0,"turns":4.0},{"damage":5.0,"enemies":"Large Slime","floor":11.0,"turns":6.0},{"damage":7.0,"enemies":"3 Sentries","floor":13.0,"turns":9.0},{"damage":0.0,"enemies":"Looter","floor":14.0,"turns":3.0},{"damage":21.0,"enemies":"Hexaghost","floor":16.0,"turns":9.0},{"damage":2.0,"enemies":"Chosen","floor":18.0,"turns":3.0},{"damage":12.0,"enemies":"3 Byrds","floor":19.0,"turns":2.0},{"damage":10.0,"enemies":"Snecko","floor":20.0,"turns":5.0},{"damage":15.0,"enemies":"Colosseum Slavers","floor":21.0,"turns":4.0},{"damage":1.0,"enemies":"Colosseum Nobs","floor":21.0,"turns":4.0},{"damage":0.0,"enemies":"3 Cultists","floor":22.0,"turns":2.0},{"damage":0.0,"enemies":"Gremlin Leader","floor":24.0,"turns":5.0},{"damage":30.0,"enemies":"Shelled Parasite and Fungi","floor":25.0,"turns":5.0},{"damage":8.0,"enemies":"Snake Plant","floor":29.0,"turns":4.0},{"damage":0.0,"enemies":"Masked Bandits","floor":30.0,"turns":2.0},{"damage":31.0,"enemies":"Automaton","floor":33.0,"turns":9.0},{"damage":0.0,"enemies":"3 Darklings","floor":35.0,"turns":5.0},{"damage":0.0,"enemies":"3 Shapes","floor":36.0,"turns":4.0},{"damage":0.0,"enemies":"Spire Growth","floor":38.0,"turns":4.0},{"damage":0.0,"enemies":"Mind Bloom Boss Battle","floor":39.0,"turns":7.0},{"damage":0.0,"enemies":"Nemesis","floor":42.0,"turns":9.0},{"damage":4.0,"enemies":"Writhing Mass","floor":45.0,"turns":9.0},{"damage":0.0,"enemies":"4 Shapes","floor":46.0,"turns":1.0},{"damage":4.0,"enemies":"Giant Head","floor":48.0,"turns":10.0},{"damage":12.0,"enemies":"Awakened One","floor":50.0,"turns":26.0},{"damage":16.0,"enemies":"Time Eater","floor":51.0,"turns":22.0},{"damage":21.0,"enemies":"Shield and Spear","floor":55.0,"turns":9.0},{"damage":57,"enemies":"The Heart","floor":56,"turns":11}],"seed_played":"-6110412033489842205","potions_obtained":[{"floor":3.0,"key":"SkillPotion"},{"floor":5.0,"key":"Weak Potion"},{"floor":6.0,"key":"Dexterity Potion"},{"floor":7.0,"key":"GhostInAJar"},{"floor":7.0,"key":"EntropicBrew"},{"floor":13.0,"key":"Fire Potion"},{"floor":16.0,"key":"FearPotion"},{"floor":19.0,"key":"SteroidPotion"},{"floor":20.0,"key":"Poison Potion"},{"floor":22.0,"key":"GamblersBrew"},{"floor":25.0,"key":"GamblersBrew"},{"floor":29.0,"key":"AttackPotion"},{"floor":33.0,"key":"Dexterity Potion"},{"floor":35.0,"key":"Poison Potion"},{"floor":36.0,"key":"Block Potion"},{"floor":42.0,"key":"Swift Potion"},{"floor":46.0,"key":"SpeedPotion"}],"is_trial":false,"path_per_floor":["M","M","M","?","M","E","?","M","T","E","M","R","E","M","R","B",null,"M","M","M","?","M","R","E","M","T","$","R","M","?","?","R","B",null,"M","M","?","M","?","R","?","E","T","R","M","M","$","E","R","B","B",null,"R","$","E","B"],"character_chosen":"THE_SILENT","items_purchased":["TwistedFunnel","Footwork","Regen Potion","PiercingWail","Bouncing Flask","Membership Card","Pear","Energy Potion","Caltrops"],"campfire_rested":3,"item_purchase_floors":[27,27,27,27,27,47,47,54,54],"current_hp_per_floor":[67,67,67,67,44,22,22,18,18,14,9,32,25,25,25,4,60,58,46,36,20,20,43,43,13,13,13,36,42,42,42,42,11,61,61,61,61,61,61,61,61,61,61,61,57,57,67,63,63,53,39,73,73,73,54,0],"gold":33,"neow_bonus":"TWENTY_PERCENT_HP_BONUS","is_prod":false,"is_daily":false,"chose_seed":false,"campfire_upgraded":5,"win_rate":0,"timestamp":1551194816,"path_taken":["M","M","M","?","M","E","?","M","T","E","?","R","E","M","R","BOSS","M","?","M","?","M","R","E","M","T","?","R","M","?","?","R","BOSS","M","M","?","M","?","R","?","E","T","R","M","M","$","E","R","BOSS","BOSS","R","$","E","BOSS"],"build_version":"2019-01-23","purchased_purges":3,"victory":false,"max_hp_per_floor":[78,78,78,78,78,78,78,78,78,78,78,78,78,78,78,78,78,78,78,78,78,78,78,78,78,78,78,78,78,78,78,78,78,78,78,78,74,74,74,74,74,74,74,74,74,74,84,84,84,84,84,84,84,84,84,84],"card_choices":[{"not_picked":["Outmaneuver","Flechettes"],"picked":"Cloak And Dagger","floor":1.0},{"not_picked":["Footwork","PiercingWail"],"picked":"Poisoned Stab","floor":2.0},{"not_picked":["Blade Dance","Infinite Blades"],"picked":"Bane","floor":3.0},{"not_picked":["Dagger Spray","Dash"],"picked":"Glass Knife","floor":5.0},{"not_picked":["Blade Dance","Eviscerate"],"picked":"Backflip","floor":6.0},{"not_picked":["Eviscerate","Outmaneuver"],"picked":"PiercingWail","floor":8.0},{"not_picked":["Outmaneuver","Well Laid Plans"],"picked":"Unload","floor":10.0},{"not_picked":["Bane","Cloak And Dagger","Prepared"],"picked":"SKIP","floor":11.0},{"not_picked":["Deflect","Grand Finale"],"picked":"Unload","floor":13.0},{"not_picked":["Tactician","Reflex"],"picked":"Deadly Poison","floor":14.0},{"not_picked":["Envenom","After Image"],"picked":"Corpse Explosion","floor":16.0},{"not_picked":["Sucker Punch","PiercingWail"],"picked":"Quick Slash+1","floor":18.0},{"not_picked":["Slice","Acrobatics"],"picked":"Dash","floor":19.0},{"not_picked":["Calculated Gamble","Setup"],"picked":"Dodge and Roll","floor":20.0},{"not_picked":["Outmaneuver","Riddle With Holes","Dodge and Roll"],"picked":"SKIP","floor":22.0},{"not_picked":["Heel Hook","Slice","Acrobatics"],"picked":"SKIP","floor":24.0},{"not_picked":["Cloak And Dagger","Dodge and Roll"],"picked":"Catalyst","floor":25.0},{"not_picked":["Infinite Blades","Dash"],"picked":"Footwork+1","floor":29.0},{"not_picked":["Dagger Spray","Dagger Throw"],"picked":"Dodge and Roll","floor":30.0},{"not_picked":["Bullet Time","Tools of the Trade"],"picked":"After Image","floor":33.0},{"not_picked":["Bouncing Flask+1","Masterful Stab"],"picked":"Escape Plan","floor":35.0},{"not_picked":["Blade Dance","Poisoned Stab","Concentrate+1"],"picked":"SKIP","floor":36.0},{"not_picked":["Reflex","Flying Knee"],"picked":"Dodge and Roll+1","floor":38.0},{"not_picked":["Heel Hook+1","Slice"],"picked":"PiercingWail","floor":39.0},{"not_picked":["Footwork","Poisoned Stab"],"picked":"Leg Sweep","floor":42.0},{"not_picked":["Slice+1","Acrobatics"],"picked":"Footwork","floor":45.0},{"not_picked":["Escape Plan","Envenom","Flying Knee"],"picked":"SKIP","floor":46.0},{"not_picked":["Unload","Grand Finale","Underhanded Strike+1"],"picked":"SKIP","floor":48.0},{"not_picked":["Dash","Flying Knee"],"picked":"Malaise","floor":55.0}],"player_experience":4402271,"relics_obtained":[{"floor":6.0,"key":"MawBank"},{"floor":9.0,"key":"Potion Belt"},{"floor":10.0,"key":"War Paint"},{"floor":13.0,"key":"Mercury Hourglass"},{"floor":21.0,"key":"FossilizedHelix"},{"floor":21.0,"key":"Ninja Scroll"},{"floor":24.0,"key":"The Specimen"},{"floor":30.0,"key":"Red Mask"},{"floor":39.0,"key":"Calipers"},{"floor":42.0,"key":"Boot"},{"floor":48.0,"key":"Blood Vial"},{"floor":55.0,"key":"Letter Opener"}],"event_choices":[{"damage_healed":0.0,"max_hp_gain":0.0,"max_hp_loss":0.0,"gold_gain":0.0,"event_name":"World of Goop","player_choice":"Left Gold","floor":4.0,"gold_loss":35.0,"damage_taken":0.0},{"damage_healed":0.0,"max_hp_gain":0.0,"max_hp_loss":0.0,"gold_gain":0.0,"event_name":"The Woman in Blue","player_choice":"Bought 3 Potions","floor":7.0,"gold_loss":0.0,"damage_taken":0.0},{"damage_healed":0.0,"max_hp_gain":0.0,"max_hp_loss":0.0,"gold_gain":0.0,"event_name":"Colosseum","player_choice":"Fight","floor":21.0,"gold_loss":0.0,"damage_taken":0.0},{"damage_healed":0.0,"max_hp_gain":0.0,"max_hp_loss":0.0,"gold_gain":0.0,"event_name":"Colosseum","player_choice":"Fought Nobs","floor":21.0,"gold_loss":0.0,"damage_taken":0.0},{"damage_healed":0.0,"max_hp_gain":0.0,"max_hp_loss":0.0,"gold_gain":0.0,"event_name":"Masked Bandits","player_choice":"Fought Bandits","floor":30.0,"gold_loss":0.0,"damage_taken":0.0},{"damage_healed":0.0,"max_hp_gain":0.0,"max_hp_loss":0.0,"gold_gain":0.0,"cards_transformed":["Strike_G","Strike_G"],"event_name":"Drug Dealer","player_choice":"Became Test Subject","floor":31.0,"gold_loss":0.0,"damage_taken":0.0,"cards_obtained":["Escape Plan","Dagger Throw"]},{"damage_healed":0.0,"max_hp_gain":0.0,"max_hp_loss":4.0,"gold_gain":0.0,"event_name":"Winding Halls","player_choice":"Max HP","floor":37.0,"gold_loss":0.0,"damage_taken":0.0},{"damage_healed":0.0,"max_hp_gain":0.0,"max_hp_loss":0.0,"gold_gain":0.0,"event_name":"MindBloom","player_choice":"Fight","floor":39.0,"gold_loss":0.0,"damage_taken":0.0},{"damage_healed":0.0,"max_hp_gain":0.0,"max_hp_loss":0.0,"gold_gain":50.0,"event_name":"Golden Shrine","player_choice":"Pray","floor":41.0,"gold_loss":0.0,"damage_taken":0.0}],"is_beta":false,"boss_relics":[{"not_picked":["Philosopher\u0027s Stone","Ring of the Serpent"],"picked":"Cursed Key"},{"not_picked":["Fusion Hammer","Sozu"],"picked":"Astrolabe"}],"items_purged_floors":[27,47,54],"is_endless":false,"potions_floor_spawned":[3,5,6,8,13,16,19,20,22,25,29,33,35,36,42,46],"killed_by":"The Heart","ascension_level":20}