{"gold_per_floor":[15,30,30,30,42,42,77,93,116,127,147,147,175,186,186,260,260,270,58,58,58,8,8,42,42,69,83,33,50,60,10,10,10],"floor_reached":33,"playtime":959,"items_purged":["Defend_G","Strike_G","Strike_G","Strike_G"],"score":654,"play_id":"b43ec4cf-975f-45ca-b06e-7b8ef3418022","local_time":"20190215023332","is_ascension_mode":true,"campfire_choices":[{"floor":6,"key":"RECALL"},{"floor":12,"key":"REST"},{"floor":15,"key":"REST"},{"floor":23,"key":"REST"},{"floor":25,"key":"REST"},{"floor":32,"key":"REST"}],"neow_cost":"NO_GOLD","seed_source_timestamp":43924168274800,"circlet_count":0,"master_deck":["AscendersBane","Defend_G","Defend_G","Defend_G","Defend_G","Strike_G","Survivor","Neutralize","Apotheosis+1","Madness","Flying Knee","Deadly Poison","Quick Slash","PiercingWail","Predator","Deflect","Crippling Poison","Crippling Poison","Escape Plan","Phantasmal Killer","Adrenaline","Blur","Noxious Fumes"],"relics":["Ring of the Snake","Vajra","Strawberry","Smiling Mask","Sozu","Bag of Marbles"],"potions_floor_usage":[13,14,16,24],"damage_taken":[{"damage":0,"enemies":"Cultist","floor":1,"turns":4},{"damage":4,"enemies":"2 Louse","floor":2,"turns":4},{"damage":0,"enemies":"Small Slimes","floor":5,"turns":2},{"damage":12,"enemies":"Lagavulin","floor":7,"turns":9},{"damage":4,"enemies":"3 Louse","floor":8,"turns":2},{"damage":0,"enemies":"2 Fungi Beasts","floor":10,"turns":3},{"damage":1,"enemies":"Blue Slaver","floor":11,"turns":3},{"damage":38,"enemies":"Gremlin Nob","floor":13,"turns":5},{"damage":0,"enemies":"Gremlin Gang","floor":14,"turns":2},{"damage":0,"enemies":"Slime Boss","floor":16,"turns":4},{"damage":10,"enemies":"Shell Parasite","floor":18,"turns":4},{"damage":69,"enemies":"Slavers","floor":24,"turns":7},{"damage":7,"enemies":"Spheric Guardian","floor":27,"turns":4},{"damage":6,"enemies":"Snake Plant","floor":29,"turns":4},{"damage":0,"enemies":"Chosen and Byrds","floor":30,"turns":4},{"damage":40,"enemies":"Champ","floor":33,"turns":13}],"seed_played":"-976149693443169838","potions_obtained":[{"floor":2,"key":"Block Potion"},{"floor":5,"key":"Explosive Potion"},{"floor":13,"key":"Weak Potion"},{"floor":14,"key":"SteroidPotion"}],"is_trial":false,"path_per_floor":["M","M","?","?","M","R","E","M","T","M","M","R","E","M","R","B",null,"M","$","?","?","$","R","E","R","T","M","$","M","M","$","R","B"],"character_chosen":"THE_SILENT","items_purchased":["Blur","Noxious Fumes"],"campfire_rested":5,"item_purchase_floors":[19,19],"current_hp_per_floor":[59,55,55,55,55,55,43,39,46,46,45,66,28,28,49,49,67,57,57,57,57,57,73,4,25,25,18,18,12,12,12,33,0],"gold":10,"neow_bonus":"RANDOM_COLORLESS_2","is_prod":false,"is_daily":false,"chose_seed":false,"campfire_upgraded":0,"win_rate":0,"timestamp":1550165612,"path_taken":["M","?","?","?","M","R","E","?","T","M","M","R","E","M","R","BOSS","M","$","?","?","?","R","E","R","T","?","$","M","M","$","R","BOSS"],"build_version":"2019-01-23","purchased_purges":4,"victory":false,"max_hp_per_floor":[66,66,66,66,66,66,66,66,73,73,73,73,73,73,73,73,73,73,73,73,73,73,73,73,73,73,73,73,73,73,73,73,73],"card_choices":[{"not_picked":["Quick Slash","Bouncing Flask"],"picked":"Flying Knee","floor":1},{"not_picked":["Finisher","Footwork"],"picked":"Deadly Poison","floor":2},{"not_picked":["Dagger Throw","Bane"],"picked":"PiercingWail","floor":5},{"not_picked":["Deflect","Deadly Poison"],"picked":"Predator","floor":7},{"not_picked":["Bane","Cloak And Dagger"],"picked":"Deflect","floor":8},{"not_picked":["Leg Sweep","PiercingWail"],"picked":"Crippling Poison","floor":10},{"not_picked":["Quick Slash","Dagger Throw"],"picked":"Crippling Poison","floor":11},{"not_picked":["Quick Slash","Choke"],"picked":"Escape Plan","floor":13},{"not_picked":["Escape Plan","Slice"],"picked":"Phantasmal Killer","floor":14},{"not_picked":["Venomology","Envenom"],"picked":"Adrenaline","floor":16},{"not_picked":["PiercingWail","Caltrops","Poisoned Stab"],"picked":"SKIP","floor":18},{"not_picked":["Prepared","Choke","Slice"],"picked":"SKIP","floor":24},{"not_picked":["Deadly Poison+1","Prepared","Bullet Time"],"picked":"SKIP","floor":27},{"not_picked":["Prepared","Deflect","Heel Hook"],"picked":"SKIP","floor":29},{"not_picked":["Flying Knee","Quick Slash","Accuracy"],"picked":"SKIP","floor":30}],"player_experience":4302033,"relics_obtained":[{"floor":7,"key":"Vajra"},{"floor":9,"key":"Strawberry"},{"floor":13,"key":"Smiling Mask"},{"floor":24,"key":"Bag of Marbles"}],"event_choices":[{"damage_healed":0,"gold_gain":0,"cards_transformed":["Strike_G"],"player_choice":"Change","damage_taken":0,"max_hp_gain":0,"max_hp_loss":0,"event_name":"Living Wall","floor":3,"gold_loss":0,"cards_obtained":["Quick Slash"]},{"damage_healed":0,"gold_gain":0,"player_choice":"Forge","damage_taken":0,"max_hp_gain":0,"max_hp_loss":0,"event_name":"Accursed Blacksmith","floor":4,"gold_loss":0,"cards_upgraded":["Apotheosis"]},{"damage_healed":0,"gold_gain":0,"player_choice":"Ignored","damage_taken":0,"max_hp_gain":0,"max_hp_loss":0,"event_name":"Beggar","floor":20,"gold_loss":0},{"damage_healed":0,"gold_gain":0,"player_choice":"Ignored","damage_taken":0,"max_hp_gain":0,"max_hp_loss":0,"event_name":"Ghosts","floor":21,"gold_loss":0}],"is_beta":false,"boss_relics":[{"not_picked":["WristBlade","Empty Cage"],"picked":"Sozu"}],"items_purged_floors":[19,22,28,31],"is_endless":false,"potions_floor_spawned":[2,5,8,11,13,14,18,24],"killed_by":"Champ","ascension_level":20}