{"gold_per_floor":[109,20,20,20,20,54,80,120,185,227,259,271,283,307,319,409,421,444,469,481,504,535,547,577,600,660,672,27,27,44,58,58,134,134,150,150,161,175,17,49,49,82,153,153,153,153,178,191,191,191,191,191,191,26,26],"floor_reached":55,"playtime":2445,"items_purged":["Strike_G"],"score":2004,"play_id":"14cc98e9-b3c0-472c-9f0b-ec6c31d5d800","local_time":"20190305011458","is_ascension_mode":true,"campfire_choices":[{"data":"Neutralize","floor":13.0,"key":"SMITH"},{"data":"Dash","floor":15.0,"key":"SMITH"},{"floor":23.0,"key":"REST"},{"floor":27.0,"key":"REST"},{"data":"After Image","floor":32.0,"key":"SMITH"},{"floor":41.0,"key":"RECALL"},{"data":"Apotheosis","floor":44.0,"key":"SMITH"},{"data":"Noxious Fumes","floor":46.0,"key":"SMITH"},{"floor":49.0,"key":"REST"},{"floor":53.0,"key":"REST"}],"neow_cost":"NONE","seed_source_timestamp":1592844695482400,"circlet_count":0,"master_deck":["AscendersBane","Defend_G","Defend_G","Defend_G","Defend_G","Defend_G","Strike_G","Strike_G","Strike_G","Strike_G+1","Survivor","Neutralize+1","Dagger Spray","All Out Attack","Dash+1","Slice","Predator","Prepared","Dash+1","After Image+1","Backstab","Backstab","Leg Sweep","Noxious Fumes","Backstab","Bullet Time","Blade Dance","Cloak And Dagger+1","Apotheosis+1","Noxious Fumes+1","Crippling Poison","Deflect","Cloak And Dagger","Blade Dance","Well Laid Plans+1","Dodge and Roll+1","Malaise","Pain","Backflip","Caltrops"],"special_seed":0,"relics":["Ring of the Snake","NeowsBlessing","Oddly Smooth Stone","MawBank","Strawberry","Whetstone","Regal Pillow","Orrery","Kunai","Bag of Preparation","Ornamental Fan","Cursed Key","Du-Vu Doll","Torii","Smiling Mask"],"potions_floor_usage":[55],"damage_taken":[{"damage":0.0,"enemies":"Cultist","floor":1.0,"turns":1.0},{"damage":0.0,"enemies":"Lagavulin","floor":6.0,"turns":1.0},{"damage":0.0,"enemies":"Small Slimes","floor":7.0,"turns":1.0},{"damage":20.0,"enemies":"Gremlin Nob","floor":8.0,"turns":5.0},{"damage":34.0,"enemies":"Lagavulin","floor":10.0,"turns":7.0},{"damage":0.0,"enemies":"Jaw Worm","floor":11.0,"turns":3.0},{"damage":0.0,"enemies":"Exordium Thugs","floor":14.0,"turns":3.0},{"damage":44.0,"enemies":"The Guardian","floor":16.0,"turns":16.0},{"damage":16.0,"enemies":"2 Thieves","floor":18.0,"turns":4.0},{"damage":0.0,"enemies":"3 Byrds","floor":19.0,"turns":3.0},{"damage":11.0,"enemies":"Snecko","floor":21.0,"turns":7.0},{"damage":14.0,"enemies":"Snake Plant","floor":22.0,"turns":5.0},{"damage":55.0,"enemies":"Chosen and Byrds","floor":24.0,"turns":7.0},{"damage":9.0,"enemies":"3 Cultists","floor":25.0,"turns":7.0},{"damage":0.0,"enemies":"Snecko","floor":30.0,"turns":5.0},{"damage":4.0,"enemies":"Snake Plant","floor":31.0,"turns":7.0},{"damage":40.0,"enemies":"Collector","floor":33.0,"turns":13.0},{"damage":0.0,"enemies":"3 Darklings","floor":35.0,"turns":5.0},{"damage":0.0,"enemies":"Orb Walker","floor":37.0,"turns":4.0},{"damage":18.0,"enemies":"Jaw Worm Horde","floor":38.0,"turns":4.0},{"damage":4.0,"enemies":"Nemesis","floor":40.0,"turns":11.0},{"damage":9.0,"enemies":"Giant Head","floor":42.0,"turns":12.0},{"damage":1.0,"enemies":"Nemesis","floor":47.0,"turns":9.0},{"damage":13.0,"enemies":"Transient","floor":48.0,"turns":6.0},{"damage":33.0,"enemies":"Time Eater","floor":50.0,"turns":16.0},{"damage":37.0,"enemies":"Donu and Deca","floor":51.0,"turns":15.0},{"damage":94,"enemies":"Shield and Spear","floor":55,"turns":7}],"seed_played":"-6324858070645623410","potions_obtained":[{"floor":1.0,"key":"SpeedPotion"},{"floor":7.0,"key":"GhostInAJar"},{"floor":11.0,"key":"Fire Potion"},{"floor":16.0,"key":"Weak Potion"},{"floor":18.0,"key":"AttackPotion"},{"floor":19.0,"key":"PowerPotion"},{"floor":24.0,"key":"Ancient Potion"},{"floor":25.0,"key":"Strength Potion"},{"floor":35.0,"key":"Regen Potion"},{"floor":37.0,"key":"GhostInAJar"}],"is_trial":false,"path_per_floor":["M","$","?","$","$","E","M","E","T","E","M","?","R","M","R","B",null,"M","M","T","M","M","R","M","M","T","R","$","?","M","M","R","B",null,"M","?","M","M","$","E","R","E","T","R","?","R","E","M","R","B","B",null,"R","$","E"],"character_chosen":"THE_SILENT","items_purchased":["All Out Attack","Ornamental Fan","Apotheosis","Noxious Fumes","Crippling Poison","Deflect","Regen Potion","LiquidBronze","Regen Potion"],"campfire_rested":4,"item_purchase_floors":[2,28,28,28,28,28,39,54,54],"current_hp_per_floor":[59,59,54,54,54,54,54,41,41,7,7,83,83,83,83,39,72,56,56,56,45,31,70,15,6,6,45,45,45,45,41,41,1,63,63,63,63,59,59,70,70,61,61,61,61,61,60,47,79,46,9,62,79,79,0],"gold":26,"neow_bonus":"THREE_ENEMY_KILL","is_prod":false,"is_daily":false,"chose_seed":false,"campfire_upgraded":5,"win_rate":0,"timestamp":1551716098,"path_taken":["M","?","?","?","$","E","?","E","T","E","M","?","R","M","R","BOSS","M","M","?","M","M","R","M","M","T","R","$","?","M","?","R","BOSS","M","?","M","M","$","E","R","E","T","R","?","R","E","?","R","BOSS","BOSS","R","$","E"],"build_version":"2019-01-23","purchased_purges":1,"victory":false,"max_hp_per_floor":[66,66,66,66,66,66,66,73,73,73,73,83,83,83,83,83,83,83,83,83,83,83,83,83,83,83,83,83,83,83,83,83,83,83,83,79,79,79,79,79,79,79,79,79,79,79,79,79,79,79,79,79,79,79,79],"card_choices":[{"not_picked":["Endless Agony","Concentrate"],"picked":"Dagger Spray","floor":1.0},{"not_picked":["Calculated Gamble","Backstab"],"picked":"Dash","floor":6.0},{"not_picked":["Expertise","Deflect"],"picked":"Slice","floor":7.0},{"not_picked":["Storm of Steel","Poisoned Stab"],"picked":"Grand Finale","floor":8.0},{"not_picked":["Caltrops","Quick Slash"],"picked":"Predator","floor":10.0},{"not_picked":["Leg Sweep","Blade Dance"],"picked":"Prepared","floor":11.0},{"not_picked":["Slice","PiercingWail"],"picked":"Dash","floor":14.0},{"not_picked":["Tools of the Trade","Doppelganger"],"picked":"After Image","floor":16.0},{"not_picked":["Dodge and Roll","Poisoned Stab"],"picked":"Backstab","floor":17.0},{"not_picked":["Flying Knee","Endless Agony"],"picked":"Backstab","floor":17.0},{"not_picked":["Flying Knee","Bane"],"picked":"Leg Sweep","floor":17.0},{"not_picked":["Dagger Spray","Setup"],"picked":"Noxious Fumes","floor":17.0},{"not_picked":["Dodge and Roll","Underhanded Strike"],"picked":"Backstab","floor":18.0},{"not_picked":["Choke","Eviscerate"],"picked":"Bullet Time","floor":19.0},{"not_picked":["Underhanded Strike","Masterful Stab+1"],"picked":"Blade Dance","floor":21.0},{"not_picked":["Dagger Throw","Flying Knee"],"picked":"Cloak And Dagger+1","floor":22.0},{"not_picked":["Accuracy","Flying Knee","Concentrate"],"picked":"SKIP","floor":24.0},{"not_picked":["Blade Dance","Slice","Tactician"],"picked":"SKIP","floor":25.0},{"not_picked":["Slice","Calculated Gamble"],"picked":"Cloak And Dagger","floor":30.0},{"not_picked":["Unload","Bane"],"picked":"Blade Dance","floor":31.0},{"not_picked":["Blade Dance+1","Setup","Choke"],"picked":"SKIP","floor":35.0},{"not_picked":["Dodge and Roll","Crippling Poison"],"picked":"Well Laid Plans+1","floor":37.0},{"not_picked":["Dash+1","Flying Knee","Underhanded Strike"],"picked":"SKIP","floor":38.0},{"not_picked":["Deadly Poison","Acrobatics"],"picked":"Dodge and Roll+1","floor":40.0},{"not_picked":["PiercingWail","Choke+1"],"picked":"Malaise","floor":42.0},{"not_picked":["Bane","Dagger Spray"],"picked":"Backflip","floor":47.0},{"not_picked":["Deadly Poison","Predator+1"],"picked":"Caltrops","floor":48.0}],"player_experience":4466019,"relics_obtained":[{"floor":6.0,"key":"MawBank"},{"floor":8.0,"key":"Strawberry"},{"floor":9.0,"key":"Whetstone"},{"floor":10.0,"key":"Regal Pillow"},{"floor":20.0,"key":"Kunai"},{"floor":26.0,"key":"Bag of Preparation"},{"floor":40.0,"key":"Du-Vu Doll"},{"floor":42.0,"key":"Torii"},{"floor":47.0,"key":"Smiling Mask"}],"event_choices":[{"damage_healed":0.0,"max_hp_gain":0.0,"max_hp_loss":0.0,"gold_gain":0.0,"event_name":"Scrap Ooze","player_choice":"Success","floor":3.0,"gold_loss":0.0,"damage_taken":5.0,"relics_obtained":["Oddly Smooth Stone"]},{"cards_removed":["Grand Finale"],"damage_healed":66.0,"max_hp_gain":10.0,"max_hp_loss":0.0,"gold_gain":0.0,"event_name":"Bonfire Elementals","player_choice":"Offered Rare","floor":12.0,"gold_loss":0.0,"damage_taken":0.0},{"damage_healed":0.0,"max_hp_gain":0.0,"max_hp_loss":0.0,"gold_gain":0.0,"event_name":"Cursed Tome","player_choice":"Ignored","floor":29.0,"gold_loss":0.0,"damage_taken":0.0},{"damage_healed":0.0,"max_hp_gain":0.0,"max_hp_loss":4.0,"gold_gain":0.0,"event_name":"Winding Halls","player_choice":"Max HP","floor":36.0,"gold_loss":0.0,"damage_taken":0.0},{"damage_healed":0.0,"max_hp_gain":0.0,"max_hp_loss":0.0,"gold_gain":0.0,"event_name":"SensoryStone","player_choice":"Memory 1","floor":45.0,"gold_loss":0.0,"damage_taken":0.0}],"is_beta":false,"boss_relics":[{"not_picked":["Philosopher\u0027s Stone","HoveringKite"],"picked":"Orrery"},{"not_picked":["Eternal Feather","Busted Crown"],"picked":"Cursed Key"}],"items_purged_floors":[39],"is_endless":false,"potions_floor_spawned":[1,7,11,16,18,19,24,25,35,37],"killed_by":"Shield and Spear","ascension_level":20}