{"gold_per_floor":[110,120,120,90,109,109,139,150,150,160,171,188,188,188,188,262,262,262,262,51,51,51,51,51,51,51,51,51,51,51,23,23,23],"floor_reached":33,"playtime":1222,"items_purged":[],"score":678,"play_id":"f7e97e11-f759-4935-bdfa-b47cf671f67e","local_time":"20190318200739","is_ascension_mode":true,"campfire_choices":[{"data":"Bash","floor":6,"key":"SMITH"},{"floor":15,"key":"REST"},{"data":"Whirlwind","floor":23,"key":"SMITH"},{"floor":32,"key":"REST"}],"neow_cost":"NONE","seed_source_timestamp":1004743035766365,"circlet_count":0,"master_deck":["AscendersBane","Strike_R","Strike_R","Strike_R","Strike_R","Strike_R+1","Defend_R","Defend_R","Defend_R","Defend_R","Bash+1","Offering","Perfected Strike+1","Metallicize","Metallicize","Uppercut+1","Double Tap","Shrug It Off","Whirlwind+1","Disarm","J.A.X.","Shrug It Off","Shockwave","Offering","Armaments"],"relics":["Burning Blood","Mercury Hourglass","Mummified Hand","Ectoplasm","Pear","Vajra","Dodecahedron","Red Mask"],"potions_floor_usage":[16,16,24,27,27,33],"damage_taken":[{"damage":12,"enemies":"Cultist","floor":1,"turns":4},{"damage":11,"enemies":"2 Louse","floor":2,"turns":3},{"damage":6,"enemies":"Small Slimes","floor":5,"turns":3},{"damage":10,"enemies":"Gremlin Nob","floor":7,"turns":3},{"damage":2,"enemies":"3 Louse","floor":8,"turns":4},{"damage":1,"enemies":"2 Fungi Beasts","floor":10,"turns":2},{"damage":8,"enemies":"Exordium Thugs","floor":11,"turns":3},{"damage":7,"enemies":"Lots of Slimes","floor":12,"turns":3},{"damage":6,"enemies":"Slime Boss","floor":16,"turns":5},{"damage":3,"enemies":"Spheric Guardian","floor":18,"turns":3},{"damage":6,"enemies":"Chosen","floor":21,"turns":3},{"damage":27,"enemies":"Gremlin Leader","floor":24,"turns":4},{"damage":18,"enemies":"Snake Plant","floor":25,"turns":2},{"damage":18,"enemies":"Book of Stabbing","floor":27,"turns":4},{"damage":8,"enemies":"Masked Bandits","floor":28,"turns":3},{"damage":9,"enemies":"3 Cultists","floor":29,"turns":3},{"damage":27,"enemies":"Cultist and Chosen","floor":30,"turns":5},{"damage":51,"enemies":"Collector","floor":33,"turns":8}],"seed_played":"1653185734376472572","potions_obtained":[{"floor":2,"key":"Energy Potion"},{"floor":4,"key":"Fire Potion"},{"floor":16,"key":"Energy Potion"},{"floor":18,"key":"EssenceOfSteel"},{"floor":25,"key":"Regen Potion"},{"floor":30,"key":"Explosive Potion"}],"is_trial":false,"path_per_floor":["M","M","?","?","M","R","E","M","T","M","M","M","?","?","R","B",null,"M","?","$","M","?","R","E","M","T","E","?","M","M","$","R","B"],"character_chosen":"IRONCLAD","items_purchased":["Shrug It Off","Whirlwind","Disarm","Armaments"],"campfire_rested":2,"item_purchase_floors":[20,20,20,31],"current_hp_per_floor":[62,57,34,34,34,34,30,34,34,39,37,36,36,36,58,58,71,74,74,74,74,74,74,63,51,51,51,49,46,25,25,50,0],"gold":23,"neow_bonus":"ONE_RANDOM_RARE_CARD","is_prod":false,"is_daily":false,"chose_seed":false,"campfire_upgraded":2,"win_rate":0,"timestamp":1552907259,"path_taken":["M","?","?","?","M","R","E","M","T","M","?","M","?","?","R","BOSS","M","?","$","?","?","R","E","M","T","E","?","M","?","?","R","BOSS"],"build_version":"2019-01-23","purchased_purges":0,"victory":false,"max_hp_per_floor":[75,75,75,75,75,75,75,75,75,75,75,75,75,75,75,75,75,75,75,75,75,75,75,85,85,85,85,85,85,85,85,85,85],"card_choices":[{"not_picked":["Thunderclap","Havoc","Heavy Blade"],"picked":"SKIP","floor":1},{"not_picked":["Twin Strike","Second Wind"],"picked":"Perfected Strike","floor":2},{"not_picked":["Sentinel","Warcry","Infernal Blade"],"picked":"SKIP","floor":5},{"not_picked":["Wild Strike","Dual Wield"],"picked":"Metallicize","floor":7},{"not_picked":["True Grit","Dual Wield"],"picked":"Headbutt","floor":8},{"not_picked":["Havoc","Carnage","Blood for Blood"],"picked":"SKIP","floor":10},{"not_picked":["Sword Boomerang","Fiend Fire"],"picked":"Metallicize","floor":11},{"not_picked":["Anger","Clothesline"],"picked":"Uppercut","floor":12},{"not_picked":["Exhume","Berserk"],"picked":"Double Tap","floor":16},{"not_picked":["Thunderclap","Intimidate","Cleave"],"picked":"SKIP","floor":18},{"not_picked":["Headbutt","Armaments","Anger"],"picked":"SKIP","floor":21},{"not_picked":["Thunderclap","Inflame"],"picked":"Shrug It Off","floor":24},{"not_picked":["Whirlwind","Sever Soul","Sword Boomerang"],"picked":"SKIP","floor":25},{"not_picked":["Thunderclap","Bloodletting"],"picked":"Shockwave","floor":27},{"not_picked":["Thunderclap+1","Anger"],"picked":"Offering","floor":28},{"not_picked":["Headbutt","Cleave","True Grit"],"picked":"SKIP","floor":29},{"not_picked":["Headbutt","Cleave","True Grit"],"picked":"SKIP","floor":29},{"not_picked":["Heavy Blade","Twin Strike","Shockwave"],"picked":"SKIP","floor":30}],"player_experience":742556,"relics_obtained":[{"floor":7,"key":"Mercury Hourglass"},{"floor":9,"key":"Mummified Hand"},{"floor":24,"key":"Pear"},{"floor":26,"key":"Vajra"},{"floor":27,"key":"Dodecahedron"},{"floor":28,"key":"Red Mask"}],"event_choices":[{"damage_healed":0,"gold_gain":0,"player_choice":"Entered Light","damage_taken":23,"max_hp_gain":0,"max_hp_loss":0,"event_name":"Shining Light","floor":3,"gold_loss":0,"cards_upgraded":["Perfected Strike","Strike_R"]},{"damage_healed":0,"gold_gain":0,"player_choice":"Bought 2 Potions","damage_taken":0,"max_hp_gain":0,"max_hp_loss":0,"event_name":"The Woman in Blue","floor":4,"gold_loss":0},{"damage_healed":0,"gold_gain":0,"player_choice":"Grow","damage_taken":0,"max_hp_gain":0,"max_hp_loss":0,"event_name":"Living Wall","floor":13,"gold_loss":0,"cards_upgraded":["Uppercut"]},{"damage_healed":0,"gold_gain":0,"player_choice":"Ignored","damage_taken":0,"max_hp_gain":0,"max_hp_loss":0,"event_name":"Liars Game","floor":14,"gold_loss":0},{"cards_removed":["Headbutt"],"damage_healed":0,"gold_gain":0,"player_choice":"Purged","damage_taken":0,"max_hp_gain":0,"max_hp_loss":0,"event_name":"Purifier","floor":19,"gold_loss":0},{"damage_healed":0,"gold_gain":0,"player_choice":"Obtain J.A.X.","damage_taken":0,"max_hp_gain":0,"max_hp_loss":0,"event_name":"Drug Dealer","floor":22,"gold_loss":0,"cards_obtained":["J.A.X."]},{"damage_healed":0,"gold_gain":0,"player_choice":"Fought Bandits","damage_taken":0,"max_hp_gain":0,"max_hp_loss":0,"event_name":"Masked Bandits","floor":28,"gold_loss":0}],"is_beta":false,"boss_relics":[{"not_picked":["Black Blood","Fusion Hammer"],"picked":"Ectoplasm"}],"items_purged_floors":[],"is_endless":false,"potions_floor_spawned":[2,10,11,12,16,18,21,25,30],"killed_by":"Collector","ascension_level":20}