{"gold_per_floor":[219,230,180,29,43,70,145,159,159,188,188,200,200,215,215,319,319,304,315,315,332,247,247,282,282,305,230,241,241,166,195,195,300,300,315,315,332,345,357,357,382,17,17,67,98,98,109,137,137,137,137,137,15,45,45],"floor_reached":56,"playtime":3426,"items_purged":["Shame","Decay"],"score":1898,"play_id":"1f8e107f-4b77-42b3-9b30-8d9a0141b89a","local_time":"20190102013002","is_ascension_mode":true,"campfire_choices":[{"data":"Inflame","floor":11,"key":"SMITH"},{"data":"Armaments","floor":13,"key":"SMITH"},{"data":"Evolve","floor":15,"key":"SMITH"},{"floor":23,"key":"REST"},{"floor":29,"key":"REST"},{"data":"Burning Pact","floor":32,"key":"SMITH"},{"data":"Limit Break","floor":40,"key":"SMITH"},{"floor":46,"key":"RECALL"},{"data":"Recycle","floor":49,"key":"SMITH"},{"floor":52,"key":"REST"}],"neow_cost":"NONE","seed_source_timestamp":0,"circlet_count":0,"master_deck":["AscendersBane","Strike_R","Strike_R+1","Strike_R","Strike_R+1","Defend_R","Defend_R","Defend_R+1","Defend_R","Bash","Evolve+1","Inflame+1","Armaments+1","Metallicize","Power Through+1","Reaper","Heavy Blade","Inflame","Offering+1","Inflame","Anger","Brutality","Burning Pact+1","Limit Break+1","Whirlwind","Flex+1","Body Slam+1","True Grit+1","Power Through","Crippling Poison+1","Finesse","Recycle+1","Hello World+1","Offering","Shrug It Off","Corruption+1"],"special_seed":0,"relics":["Burning Blood","Potion Belt","Whetstone","Shuriken","Thread and Needle","Calling Bell","Anchor","Ornamental Fan","Ginger","Mummified Hand","Paper Frog","Self Forming Clay","Blood Vial","Pen Nib","Sozu","War Paint","PrismaticShard","Ice Cream","Calipers","Pear","Boot"],"potions_floor_usage":[16,16,18,21,24,31,44,55],"damage_taken":[{"damage":8.0,"enemies":"Jaw Worm","floor":1.0,"turns":6.0},{"damage":1.0,"enemies":"2 Louse","floor":2.0,"turns":3.0},{"damage":10.0,"enemies":"Small Slimes","floor":5.0,"turns":4.0},{"damage":30.0,"enemies":"Gremlin Nob","floor":6.0,"turns":4.0},{"damage":11.0,"enemies":"Red Slaver","floor":8.0,"turns":6.0},{"damage":22,"enemies":"Lagavulin","floor":10,"turns":8},{"damage":0,"enemies":"2 Fungi Beasts","floor":12,"turns":5},{"damage":3,"enemies":"Blue Slaver","floor":14,"turns":5},{"damage":44,"enemies":"Hexaghost","floor":16,"turns":9},{"damage":10,"enemies":"2 Thieves","floor":18,"turns":4},{"damage":70,"enemies":"3 Byrds","floor":19,"turns":8},{"damage":21,"enemies":"Cultist and Chosen","floor":21,"turns":6},{"damage":41,"enemies":"Book of Stabbing","floor":24,"turns":5},{"damage":17,"enemies":"Snake Plant","floor":28,"turns":5},{"damage":9,"enemies":"Slavers","floor":31,"turns":4},{"damage":70,"enemies":"Champ","floor":33,"turns":8},{"damage":10,"enemies":"Orb Walker","floor":35,"turns":4},{"damage":10,"enemies":"3 Darklings","floor":37,"turns":4},{"damage":46,"enemies":"Jaw Worm Horde","floor":38,"turns":5},{"damage":30,"enemies":"Sphere and 2 Shapes","floor":39,"turns":5},{"damage":31,"enemies":"Reptomancer","floor":41,"turns":6},{"damage":69,"enemies":"2 Orb Walkers","floor":44,"turns":7},{"damage":6,"enemies":"Giant Head","floor":45,"turns":5},{"damage":9,"enemies":"Spire Growth","floor":47,"turns":4},{"damage":45,"enemies":"Nemesis","floor":48,"turns":7},{"damage":61,"enemies":"Time Eater","floor":50,"turns":6},{"damage":62,"enemies":"Shield and Spear","floor":54,"turns":6},{"damage":40,"enemies":"The Heart","floor":55,"turns":7}],"seed_played":"-7000559895981872977","potions_obtained":[{"floor":1.0,"key":"EntropicBrew"},{"floor":10,"key":"GamblersBrew"},{"floor":12,"key":"BloodPotion"},{"floor":19,"key":"Block Potion"},{"floor":28,"key":"Explosive Potion"},{"floor":33,"key":"Ancient Potion"}],"is_trial":false,"path_per_floor":["M","M","?","$","M","M","E","?","M","T","E","R","M","R","M","R","B",null,"M","M","?","M","?","R","E","T","T","$","M","R","?","E","R","B",null,"M","?","M","M","M","R","E","$","T","?","E","R","M","E","R","B",null,"R","$","E","B",null],"character_chosen":"IRONCLAD","items_purchased":["Potion Belt","PrismaticShard","Power Through","Offering","Shrug It Off"],"campfire_rested":3,"item_purchase_floors":[4,42,42,53,53],"current_hp_per_floor":[70,75,75,75,71,47,36,39,39,23,23,36,36,46,46,30,68,78,29,29,44,44,68,41,41,41,41,38,62,62,75,75,41,70,68,68,80,80,80,80,80,80,80,46,80,80,77,76,76,23,73,90,90,90,77],"gold":45,"neow_bonus":"HUNDRED_GOLD","is_prod":false,"is_daily":false,"chose_seed":false,"campfire_upgraded":6,"win_rate":0,"timestamp":1546360202,"path_taken":["M","M","?","?","M","E","?","M","T","E","R","M","R","M","R","BOSS","M","M","?","?","?","R","E","?","T","$","M","R","?","E","R","BOSS","M","?","?","M","M","R","E","$","T","?","E","R","M","E","R","BOSS","R","$","E","BOSS"],"build_version":"2018-12-20","purchased_purges":2,"victory":true,"max_hp_per_floor":[80,80,80,80,80,80,80,80,80,80,80,80,80,80,80,80,80,80,80,80,80,80,80,80,80,80,80,80,80,80,80,80,80,80,80,80,80,80,80,80,80,80,80,80,80,80,80,90,90,90,90,90,90,90,90],"card_choices":[{"not_picked":["Anger","Iron Wave"],"picked":"Evolve","floor":1.0},{"not_picked":["Anger","Carnage"],"picked":"Inflame","floor":2.0},{"not_picked":["Thunderclap","Cleave"],"picked":"Armaments","floor":5.0},{"not_picked":["Flame Barrier","Pommel Strike"],"picked":"Metallicize","floor":6.0},{"not_picked":["Clothesline","Ghostly Armor"],"picked":"Power Through","floor":8.0},{"not_picked":["Hemokinesis","Headbutt"],"picked":"Reaper","floor":10},{"not_picked":["Clash","Twin Strike"],"picked":"Heavy Blade","floor":12},{"not_picked":["Rampage","Entrench"],"picked":"Inflame","floor":14},{"not_picked":["Dark Embrace","Impervious"],"picked":"Offering","floor":16},{"not_picked":["Twin Strike","Headbutt"],"picked":"Inflame","floor":18},{"not_picked":["Iron Wave","Ghostly Armor"],"picked":"Anger","floor":24},{"not_picked":["Combust","Pommel Strike"],"picked":"Brutality","floor":28},{"not_picked":["Rampage","Sentinel"],"picked":"Burning Pact","floor":31},{"not_picked":["Fiend Fire","Reaper"],"picked":"Limit Break","floor":33},{"not_picked":["Twin Strike+1","Flame Barrier"],"picked":"Whirlwind","floor":35},{"not_picked":["Twin Strike","Feel No Pain+1"],"picked":"Flex+1","floor":37},{"not_picked":["Warcry","Thunderclap"],"picked":"Body Slam+1","floor":38},{"not_picked":["Uppercut","Flex+1"],"picked":"True Grit+1","floor":41},{"not_picked":["Havoc","Rampage"],"picked":"Crippling Poison+1","floor":44},{"not_picked":["Blizzard+1","PanicButton+1"],"picked":"Finesse","floor":45},{"not_picked":["Flechettes+1","Sword Boomerang+1"],"picked":"Recycle","floor":47},{"not_picked":["Streamline+1","Escape Plan"],"picked":"Hello World+1","floor":48},{"not_picked":["Barrage","Redo+1"],"picked":"Corruption+1","floor":54}],"player_experience":3964075,"relics_obtained":[{"floor":6.0,"key":"Whetstone"},{"floor":9,"key":"Shuriken"},{"floor":10,"key":"Thread and Needle"},{"floor":17,"key":"Anchor"},{"floor":17,"key":"Ornamental Fan"},{"floor":17,"key":"Ginger"},{"floor":24,"key":"Paper Frog"},{"floor":25,"key":"Self Forming Clay"},{"floor":26,"key":"Blood Vial"},{"floor":31,"key":"Pen Nib"},{"floor":41,"key":"War Paint"},{"floor":44,"key":"Ice Cream"},{"floor":45,"key":"Calipers"},{"floor":48,"key":"Pear"},{"floor":54,"key":"Boot"}],"event_choices":[{"cards_removed":["Strike_R"],"damage_healed":0.0,"max_hp_gain":0.0,"max_hp_loss":0.0,"gold_gain":0.0,"event_name":"The Cleric","player_choice":"Card Removal","floor":3.0,"gold_loss":50.0,"damage_taken":0.0},{"damage_healed":0.0,"max_hp_gain":0.0,"max_hp_loss":0.0,"gold_gain":75.0,"event_name":"World of Goop","player_choice":"Gather Gold","floor":7.0,"gold_loss":0.0,"damage_taken":11.0},{"damage_healed":0,"gold_gain":0,"player_choice":"Upgraded","damage_taken":0,"max_hp_gain":0,"max_hp_loss":0,"event_name":"Upgrade Shrine","floor":20,"gold_loss":0,"cards_upgraded":["Offering"]},{"damage_healed":0,"gold_gain":0,"player_choice":"Obtained Relic","damage_taken":0,"relics_obtained":["Mummified Hand"],"max_hp_gain":0,"max_hp_loss":0,"event_name":"Addict","floor":22,"gold_loss":85},{"cards_removed":["Writhe"],"damage_healed":0,"gold_gain":0,"player_choice":"Gave Gold","damage_taken":0,"max_hp_gain":0,"max_hp_loss":0,"event_name":"Beggar","floor":30,"gold_loss":75},{"damage_healed":0,"gold_gain":0,"player_choice":"Ignored","damage_taken":0,"max_hp_gain":0,"max_hp_loss":0,"event_name":"SecretPortal","floor":36,"gold_loss":0},{"damage_healed":0,"gold_gain":0,"player_choice":"Fight","damage_taken":0,"max_hp_gain":0,"max_hp_loss":0,"event_name":"Mysterious Sphere","floor":44,"gold_loss":0}],"is_beta":false,"boss_relics":[{"not_picked":["Orrery","Pandora\u0027s Box"],"picked":"Calling Bell"},{"not_picked":["Black Blood","Eternal Feather"],"picked":"Sozu"}],"items_purged_floors":[27,42],"is_endless":false,"potions_floor_spawned":[1,10,12,19,28,33,38,41,44,47,54],"ascension_level":10}