{"gold_per_floor":[111,130,205,205,215,249,249,261,261,291,303,303,317,1,1,99,99,109,209,209,60,73,73,73,87,87,87,113,113,141,153,153,255,255,270,270,230,148,160,160,171,171,196,196,40,40,40,40,40,40],"floor_reached":51,"playtime":3022,"items_purged":[],"score":891,"play_id":"3c8f479a-386d-405b-a287-eb611cd19190","local_time":"20190127114335","is_ascension_mode":true,"campfire_choices":[{"floor":7,"key":"REST"},{"floor":15,"key":"REST"},{"floor":23,"key":"REST"},{"floor":27,"key":"DIG"},{"floor":29,"key":"DIG"},{"floor":32,"key":"DIG"},{"floor":40,"key":"DIG"},{"floor":42,"key":"DIG"},{"floor":44,"key":"DIG"},{"floor":46,"key":"DIG"},{"floor":49,"key":"DIG"}],"neow_cost":"NONE","seed_source_timestamp":552253832800,"circlet_count":0,"master_deck":["Strike_B","Strike_B","Strike_B","Strike_B","Defend_B","Defend_B","Defend_B","Defend_B","Zap","Dualcast+1","Gash","Chill","Cold Snap","Barrage","Fusion","Echo Form","Storm","Conserve Battery","Cold Snap","White Noise","Rainbow","Doom and Gloom+1","Aggregate+1","Doom and Gloom","Meteor Strike","Rainbow","Streamline","Sunder+1","Creative AI","Skim","Hologram","Defragment+1","All For One","Streamline","Capacitor","Storm+1","Doom and Gloom+1","Creative AI","Static Discharge+1"],"relics":["Cracked Core","Prayer Wheel","Mercury Hourglass","Letter Opener","Dodecahedron","Question Card","Snecko Eye","Dead Branch","Sundial","MutagenicStrength","Shuriken","Shovel","Mummified Hand","Meat on the Bone","Bottled Lightning","Bottled Flame","Ancient Tea Set","Nuclear Battery","The Courier","Happy Flower","Juzu Bracelet","Cables","Lee\u0027s Waffle","Gremlin Horn","Pear"],"potions_floor_usage":[10,16,18,19,28,33,33,41,47],"damage_taken":[{"damage":4,"enemies":"Small Slimes","floor":1,"turns":3},{"damage":2,"enemies":"Jaw Worm","floor":2,"turns":3},{"damage":1,"enemies":"Cultist","floor":5,"turns":3},{"damage":28,"enemies":"Lagavulin","floor":6,"turns":7},{"damage":8,"enemies":"Exordium Thugs","floor":8,"turns":4},{"damage":7,"enemies":"Gremlin Nob","floor":10,"turns":4},{"damage":9,"enemies":"Looter","floor":11,"turns":3},{"damage":9,"enemies":"Blue Slaver","floor":13,"turns":3},{"damage":36,"enemies":"Hexaghost","floor":16,"turns":8},{"damage":2,"enemies":"3 Byrds","floor":18,"turns":3},{"damage":25,"enemies":"Colosseum Slavers","floor":19,"turns":3},{"damage":16,"enemies":"Colosseum Nobs","floor":19,"turns":3},{"damage":1,"enemies":"Chosen","floor":22,"turns":3},{"damage":0,"enemies":"Sentry and Sphere","floor":25,"turns":3},{"damage":15,"enemies":"Book of Stabbing","floor":28,"turns":3},{"damage":0,"enemies":"Slavers","floor":30,"turns":2},{"damage":7,"enemies":"Chosen and Byrds","floor":31,"turns":2},{"damage":10,"enemies":"Automaton","floor":33,"turns":4},{"damage":7,"enemies":"3 Darklings","floor":35,"turns":2},{"damage":9,"enemies":"3 Shapes","floor":39,"turns":1},{"damage":2,"enemies":"Writhing Mass","floor":41,"turns":2},{"damage":0,"enemies":"Reptomancer","floor":47,"turns":2},{"damage":46,"enemies":"Time Eater","floor":50,"turns":4}],"seed_played":"662873765452681413","potions_obtained":[{"floor":8,"key":"Regen Potion"},{"floor":10,"key":"GamblersBrew"},{"floor":11,"key":"Fire Potion"},{"floor":16,"key":"Swift Potion"},{"floor":18,"key":"Weak Potion"},{"floor":28,"key":"PowerPotion"},{"floor":37,"key":"FearPotion"},{"floor":37,"key":"Swift Potion"},{"floor":37,"key":"SmokeBomb"},{"floor":39,"key":"Energy Potion"}],"is_trial":false,"path_per_floor":["M","M","?","?","M","E","R","M","T","E","M","T","M","$","R","B",null,"M","?","?","$","M","R","T","M","T","R","E","R","E","M","R","B",null,"M","?","?","$","M","R","M","R","T","R","$","R","E","?","R","B",null],"character_chosen":"DEFECT","items_purchased":["Question Card","LiquidBronze","Meteor Strike","Capacitor","Lee\u0027s Waffle"],"campfire_rested":3,"item_purchase_floors":[14,14,21,38,45],"current_hp_per_floor":[78,76,65,65,64,36,60,52,52,50,41,41,32,32,56,20,82,80,39,39,39,38,62,62,62,62,62,47,47,47,52,52,42,82,75,75,75,75,66,66,64,64,64,64,89,89,89,89,99,53],"gold":40,"neow_bonus":"TEN_PERCENT_HP_BONUS","is_prod":false,"is_daily":false,"chose_seed":false,"campfire_upgraded":0,"win_rate":0,"timestamp":1548585815,"path_taken":["M","M","?","?","?","E","R","M","T","E","?","?","M","$","R","BOSS","M","?","?","$","M","R","?","M","T","R","E","R","E","M","R","BOSS","M","?","?","$","M","R","?","R","T","R","$","R","E","?","R","BOSS"],"build_version":"2019-01-23","purchased_purges":0,"victory":true,"max_hp_per_floor":[82,82,82,82,82,82,82,82,82,82,82,82,82,82,82,82,82,82,82,82,82,82,82,82,82,82,82,82,82,82,82,82,82,82,82,82,82,82,82,82,82,82,82,82,89,89,89,89,99,99],"card_choices":[{"not_picked":["Rebound","Stack"],"picked":"Gash","floor":1},{"not_picked":["Go for the Eyes","Undo"],"picked":"Chill","floor":2},{"not_picked":["Recycle","Ball Lightning"],"picked":"Cold Snap","floor":5},{"not_picked":["Rip and Tear","Lockon"],"picked":"Barrage","floor":6},{"not_picked":["Coolheaded","Scrape"],"picked":"Fusion","floor":8},{"not_picked":["Double Energy","Redo"],"picked":"Echo Form","floor":8},{"not_picked":["Amplify","Undo"],"picked":"Storm","floor":10},{"not_picked":["Tempest","Go for the Eyes"],"picked":"Conserve Battery","floor":11},{"not_picked":["Ball Lightning","Compile Driver"],"picked":"Cold Snap","floor":11},{"not_picked":["Go for the Eyes","Turbo"],"picked":"White Noise","floor":13},{"not_picked":["Hologram","Barrage","Compile Driver"],"picked":"SKIP","floor":13},{"not_picked":["Fission","Electrodynamics","Seek"],"picked":"Rainbow","floor":16},{"not_picked":["Rip and Tear","Stack","Aggregate"],"picked":"Doom and Gloom+1","floor":18},{"not_picked":["Steam","Sweeping Beam","Compile Driver+1"],"picked":"Aggregate+1","floor":18},{"not_picked":["Hologram","Rebound","Streamline"],"picked":"Doom and Gloom","floor":19},{"not_picked":["Leap","Double Energy","Gash+1"],"picked":"Rainbow","floor":22},{"not_picked":["Ball Lightning","Barrage","Auto Shields+1"],"picked":"Streamline","floor":22},{"not_picked":["Redo","Beam Cell","Steam"],"picked":"Sunder+1","floor":25},{"not_picked":["Gash","Steam","Redo"],"picked":"Creative AI","floor":25},{"not_picked":["Gash+1","Compile Driver","Defragment+1"],"picked":"Skim","floor":28},{"not_picked":["Fission","Auto Shields","Chill","Conserve Battery+1"],"picked":"SKIP","floor":30},{"not_picked":["Fission","Auto Shields","Chill","Conserve Battery+1"],"picked":"SKIP","floor":30},{"not_picked":["Stack+1","Gash","Beam Cell+1"],"picked":"Hologram","floor":31},{"not_picked":["Barrage","FTL","Turbo"],"picked":"Defragment+1","floor":31},{"not_picked":["Seek","Hyperbeam","Fission"],"picked":"All For One","floor":33},{"not_picked":["Cold Snap","Steam","Turbo"],"picked":"Recycle","floor":35},{"not_picked":["Beam Cell+1","Stack","Conserve Battery"],"picked":"Streamline","floor":35},{"not_picked":["Hologram+1","Static Discharge+1","Core Surge"],"picked":"Storm+1","floor":39},{"not_picked":["Leap+1","Sweeping Beam","Gash"],"picked":"Doom and Gloom+1","floor":39},{"not_picked":["Recycle+1","Blizzard","Chill+1"],"picked":"Creative AI","floor":41},{"not_picked":["Sweeping Beam","Rebound+1","Hello World"],"picked":"Static Discharge+1","floor":41}],"player_experience":291933,"relics_obtained":[{"floor":6,"key":"Prayer Wheel"},{"floor":9,"key":"Mercury Hourglass"},{"floor":10,"key":"Letter Opener"},{"floor":12,"key":"Dodecahedron"},{"floor":19,"key":"Dead Branch"},{"floor":19,"key":"Sundial"},{"floor":24,"key":"Shuriken"},{"floor":26,"key":"Shovel"},{"floor":27,"key":"Mummified Hand"},{"floor":28,"key":"Meat on the Bone"},{"floor":29,"key":"Bottled Lightning"},{"floor":30,"key":"Bottled Flame"},{"floor":32,"key":"Ancient Tea Set"},{"floor":40,"key":"The Courier"},{"floor":42,"key":"Happy Flower"},{"floor":43,"key":"Juzu Bracelet"},{"floor":44,"key":"Cables"},{"floor":46,"key":"Gremlin Horn"},{"floor":49,"key":"Pear"}],"event_choices":[{"damage_healed":0,"gold_gain":75,"player_choice":"Gather Gold","damage_taken":11,"max_hp_gain":0,"max_hp_loss":0,"event_name":"World of Goop","floor":3,"gold_loss":0},{"damage_healed":0,"gold_gain":0,"player_choice":"Grow","damage_taken":0,"max_hp_gain":0,"max_hp_loss":0,"event_name":"Living Wall","floor":4,"gold_loss":0,"cards_upgraded":["Dualcast"]},{"damage_healed":0,"gold_gain":0,"player_choice":"Fight","damage_taken":0,"max_hp_gain":0,"max_hp_loss":0,"event_name":"Colosseum","floor":19,"gold_loss":0},{"damage_healed":0,"gold_gain":0,"player_choice":"Fought Nobs","damage_taken":0,"max_hp_gain":0,"max_hp_loss":0,"event_name":"Colosseum","floor":19,"gold_loss":0},{"damage_healed":0,"gold_gain":0,"player_choice":"Inject Mutagens","damage_taken":0,"relics_obtained":["MutagenicStrength"],"max_hp_gain":0,"max_hp_loss":0,"event_name":"Drug Dealer","floor":20,"gold_loss":0},{"cards_removed":["Recycle"],"damage_healed":0,"gold_gain":0,"player_choice":"Removed Skill","damage_taken":0,"max_hp_gain":0,"max_hp_loss":0,"event_name":"Falling","floor":36,"gold_loss":0},{"damage_healed":0,"gold_gain":0,"player_choice":"Bought 3 Potions","damage_taken":0,"max_hp_gain":0,"max_hp_loss":0,"event_name":"The Woman in Blue","floor":37,"gold_loss":0},{"damage_healed":0,"gold_gain":0,"player_choice":"Memory 1","damage_taken":0,"max_hp_gain":0,"max_hp_loss":0,"event_name":"SensoryStone","floor":48,"gold_loss":0}],"is_beta":false,"boss_relics":[{"not_picked":["Cursed Key","Tiny House"],"picked":"Snecko Eye"},{"not_picked":["Orrery","Velvet Choker"],"picked":"Nuclear Battery"}],"items_purged_floors":[],"is_endless":false,"potions_floor_spawned":[8,10,11,16,18,19,28,39],"ascension_level":2}