{"gold_per_floor":[113,38,49,62,62,96,116,154,154,173,193,193,207,231,231,326,326,350,250,250,250,82,126,126,160,160,160,183,202,223,256,256,354,354,369,387,405,423,423,423,212,212,236,260,296,296,309,352,352,352,352,352,352,96,134,134],"floor_reached":57,"playtime":3182,"items_purged":["Strike_R","Strike_R","Strike_R","Bash"],"score":2797,"play_id":"1299e66b-f3d9-4b23-95dc-54c7af60f6bf","local_time":"20190228022358","is_ascension_mode":true,"campfire_choices":[{"data":"Armaments","floor":12.0,"key":"SMITH"},{"data":"Immolate","floor":15.0,"key":"SMITH"},{"floor":24.0,"key":"REST"},{"floor":27.0,"key":"REST"},{"data":"Feel No Pain","floor":32.0,"key":"SMITH"},{"data":"Body Slam","floor":40,"key":"SMITH"},{"data":"Feel No Pain","floor":42,"key":"SMITH"},{"floor":46,"key":"RECALL"},{"data":"Second Wind","floor":49,"key":"SMITH"},{"data":"Juggernaut","floor":53,"key":"SMITH"}],"neow_cost":"PERCENT_DAMAGE","seed_source_timestamp":1164134889243000,"circlet_count":0,"master_deck":["AscendersBane","Defend_R","Defend_R","Defend_R","Defend_R","Thunderclap","Immolate+1","Armaments+1","Second Wind+1","Feel No Pain+1","Juggernaut+1","Body Slam+1","Shrug It Off","Fiend Fire","Reckless Charge","Evolve+1","Impervious","Feel No Pain+1","Power Through","Impervious","Entrench"],"special_seed":0,"relics":["Burning Blood","Golden Idol","Singing Bowl","Strawberry","Black Star","Regal Pillow","Charon\u0027s Ashes","Omamori","Happy Flower","Bottled Tornado","Calipers","Centennial Puzzle","Pantograph","Orrery","Red Skull","Pocketwatch","Bag of Marbles","StoneCalendar","Prayer Wheel","Boot","Orichalcum"],"potions_floor_usage":[33,44,56,56],"damage_taken":[{"damage":1.0,"enemies":"Cultist","floor":1.0,"turns":3.0},{"damage":0.0,"enemies":"2 Louse","floor":3.0,"turns":3.0},{"damage":0.0,"enemies":"Small Slimes","floor":4.0,"turns":2.0},{"damage":25.0,"enemies":"3 Sentries","floor":6.0,"turns":6.0},{"damage":0.0,"enemies":"Exordium Wildlife","floor":7.0,"turns":2.0},{"damage":8.0,"enemies":"Gremlin Nob","floor":8.0,"turns":3.0},{"damage":0.0,"enemies":"Large Slime","floor":10.0,"turns":4.0},{"damage":9.0,"enemies":"Red Slaver","floor":11.0,"turns":3.0},{"damage":4.0,"enemies":"3 Louse","floor":13.0,"turns":3.0},{"damage":8.0,"enemies":"Blue Slaver","floor":14.0,"turns":2.0},{"damage":4.0,"enemies":"Slime Boss","floor":16.0,"turns":10.0},{"damage":36.0,"enemies":"3 Byrds","floor":18.0,"turns":7.0},{"damage":68.0,"enemies":"Book of Stabbing","floor":23.0,"turns":6.0},{"damage":20.0,"enemies":"Gremlin Leader","floor":25.0,"turns":5.0},{"damage":24.0,"enemies":"2 Thieves","floor":28.0,"turns":3.0},{"damage":25.0,"enemies":"Cultist and Chosen","floor":29.0,"turns":6.0},{"damage":7.0,"enemies":"Centurion and Healer","floor":30.0,"turns":11.0},{"damage":13.0,"enemies":"Slavers","floor":31.0,"turns":3.0},{"damage":74,"enemies":"Automaton","floor":33,"turns":10},{"damage":4,"enemies":"3 Darklings","floor":35,"turns":6},{"damage":0,"enemies":"3 Shapes","floor":36,"turns":5},{"damage":13,"enemies":"Jaw Worm Horde","floor":37,"turns":3},{"damage":1,"enemies":"3 Darklings","floor":38,"turns":5},{"damage":4,"enemies":"4 Shapes","floor":44,"turns":4},{"damage":2,"enemies":"Nemesis","floor":45,"turns":9},{"damage":0,"enemies":"Transient","floor":47,"turns":6},{"damage":38,"enemies":"Reptomancer","floor":48,"turns":5},{"damage":19,"enemies":"Time Eater","floor":50,"turns":8},{"damage":26,"enemies":"Awakened One","floor":51,"turns":12},{"damage":2,"enemies":"Shield and Spear","floor":55,"turns":8},{"damage":8,"enemies":"The Heart","floor":56,"turns":7}],"seed_played":"-9050182981717463626","potions_obtained":[{"floor":6.0,"key":"Regen Potion"},{"floor":7.0,"key":"AttackPotion"},{"floor":8.0,"key":"PowerPotion"},{"floor":10.0,"key":"Weak Potion"},{"floor":14.0,"key":"AttackPotion"},{"floor":16.0,"key":"Fruit Juice"},{"floor":23.0,"key":"Strength Potion"},{"floor":29.0,"key":"Energy Potion"},{"floor":31.0,"key":"SmokeBomb"},{"floor":35,"key":"Ancient Potion"},{"floor":38,"key":"AttackPotion"},{"floor":48,"key":"EssenceOfSteel"}],"is_trial":false,"path_per_floor":["M","$","M","M","?","E","M","E","T","M","M","R","M","M","R","B",null,"M","$","?","?","$","E","R","E","T","R","M","M","M","E","R","B",null,"M","M","M","M","?","R","$","R","T","M","E","R","M","E","R","B","B",null,"R","$","E","B",null],"character_chosen":"IRONCLAD","items_purchased":["Regal Pillow","Feel No Pain","Weak Potion","PowerPotion"],"campfire_rested":2,"item_purchase_floors":[22,41,54,54],"current_hp_per_floor":[55,55,61,67,41,24,30,46,46,54,51,51,53,51,51,58,84,56,56,56,75,75,15,59,47,47,91,75,58,59,52,52,11,91,95,103,96,103,103,103,103,103,103,105,109,109,117,87,87,99,104,120,120,120,124,123],"gold":134,"neow_bonus":"TRANSFORM_TWO_CARDS","is_prod":false,"is_daily":false,"chose_seed":false,"campfire_upgraded":7,"win_rate":0,"timestamp":1551288238,"path_taken":["M","?","M","M","?","E","M","E","T","M","M","R","M","M","R","BOSS","M","$","?","?","$","E","R","E","T","R","M","M","M","E","R","BOSS","M","M","M","M","?","R","$","R","T","M","E","R","M","E","R","BOSS","BOSS","R","$","E","BOSS"],"build_version":"2019-01-23","purchased_purges":4,"victory":true,"max_hp_per_floor":[75,75,75,75,75,77,77,86,86,88,88,88,88,88,88,93,93,95,95,95,95,95,97,97,99,99,99,101,103,105,105,105,107,115,117,119,119,121,121,121,121,121,121,121,121,121,123,125,125,125,125,125,125,125,125,125],"card_choices":[{"not_picked":["Thunderclap","Cleave"],"picked":"Armaments","floor":1.0},{"not_picked":["Pommel Strike","Body Slam"],"picked":"Second Wind","floor":3.0},{"not_picked":["Blood for Blood","Body Slam","Shockwave"],"picked":"SKIP","floor":4.0},{"not_picked":["Rupture","Bloodletting","Warcry"],"picked":"Singing Bowl","floor":6.0},{"not_picked":["Warcry","Twin Strike"],"picked":"Feel No Pain","floor":7.0},{"not_picked":["Sword Boomerang","Perfected Strike","Whirlwind"],"picked":"Singing Bowl","floor":8.0},{"not_picked":["Headbutt","Pummel","Clash"],"picked":"Singing Bowl","floor":10.0},{"not_picked":["Headbutt","Whirlwind"],"picked":"Juggernaut","floor":11.0},{"not_picked":["Havoc","Reckless Charge"],"picked":"Body Slam","floor":13.0},{"not_picked":["Body Slam","Havoc"],"picked":"Shrug It Off","floor":14.0},{"not_picked":["Demon Form","Exhume"],"picked":"Fiend Fire","floor":16.0},{"not_picked":["Shrug It Off+1","Clash","Havoc"],"picked":"Singing Bowl","floor":18.0},{"not_picked":["Wild Strike","Thunderclap","Burning Pact"],"picked":"Singing Bowl","floor":23.0},{"not_picked":["Twin Strike","Combust+1","Blood for Blood+1"],"picked":"Singing Bowl","floor":25.0},{"not_picked":["Shrug It Off","Thunderclap","Wild Strike"],"picked":"Singing Bowl","floor":28.0},{"not_picked":["Pommel Strike","Warcry","True Grit"],"picked":"Singing Bowl","floor":29.0},{"not_picked":["Armaments+1","Burning Pact","Clothesline"],"picked":"Singing Bowl","floor":30.0},{"not_picked":["Berserk","Perfected Strike"],"picked":"Reckless Charge","floor":31.0},{"not_picked":["Bludgeon","Juggernaut","Barricade"],"picked":"Singing Bowl","floor":33},{"not_picked":["Whirlwind","Perfected Strike","Reckless Charge"],"picked":"Singing Bowl","floor":34},{"not_picked":["Twin Strike","Searing Blow","Body Slam"],"picked":"Singing Bowl","floor":34},{"not_picked":["Seeing Red","Spot Weakness","Flex"],"picked":"Singing Bowl","floor":34},{"not_picked":["Wild Strike","Twin Strike","Metallicize"],"picked":"Singing Bowl","floor":34},{"not_picked":["Sentinel+1","Cleave"],"picked":"Evolve","floor":34},{"not_picked":["Carnage","Armaments","Twin Strike"],"picked":"Singing Bowl","floor":35},{"not_picked":["True Grit","Headbutt+1","Flex"],"picked":"Singing Bowl","floor":36},{"not_picked":["Pommel Strike","Sentinel"],"picked":"Impervious","floor":37},{"not_picked":["Sever Soul","Flex","Headbutt+1"],"picked":"Singing Bowl","floor":38},{"not_picked":["Headbutt","Clash"],"picked":"Power Through","floor":44},{"not_picked":["Sword Boomerang","Rupture"],"picked":"Impervious","floor":45},{"not_picked":["Wild Strike","Clash+1","Sword Boomerang"],"picked":"Singing Bowl","floor":47},{"not_picked":["Iron Wave","Armaments","Limit Break"],"picked":"Singing Bowl","floor":48},{"not_picked":["Whirlwind","Sword Boomerang"],"picked":"Entrench","floor":55}],"player_experience":4420391,"relics_obtained":[{"floor":6.0,"key":"Singing Bowl"},{"floor":8.0,"key":"Strawberry"},{"floor":23.0,"key":"Charon\u0027s Ashes"},{"floor":23.0,"key":"Omamori"},{"floor":25.0,"key":"Happy Flower"},{"floor":25.0,"key":"Bottled Tornado"},{"floor":26.0,"key":"Calipers"},{"floor":31.0,"key":"Centennial Puzzle"},{"floor":31.0,"key":"Pantograph"},{"floor":43,"key":"Red Skull"},{"floor":45,"key":"Pocketwatch"},{"floor":45,"key":"Bag of Marbles"},{"floor":48,"key":"StoneCalendar"},{"floor":48,"key":"Prayer Wheel"},{"floor":55,"key":"Boot"},{"floor":55,"key":"Orichalcum"}],"event_choices":[{"damage_healed":0.0,"max_hp_gain":0.0,"max_hp_loss":0.0,"gold_gain":0.0,"event_name":"Golden Idol","player_choice":"Take Damage","floor":5.0,"gold_loss":0.0,"damage_taken":26.0,"relics_obtained":["Golden Idol"]},{"damage_healed":0.0,"max_hp_gain":0.0,"max_hp_loss":0.0,"gold_gain":0.0,"event_name":"Cursed Tome","player_choice":"Ignored","floor":20.0,"gold_loss":0.0,"damage_taken":0.0},{"damage_healed":19.0,"max_hp_gain":0.0,"max_hp_loss":0.0,"gold_gain":0.0,"event_name":"The Library","player_choice":"Heal","floor":21.0,"gold_loss":0.0,"damage_taken":0.0},{"damage_healed":0,"gold_gain":0,"player_choice":"Upgraded","damage_taken":0,"max_hp_gain":0,"max_hp_loss":0,"event_name":"Upgrade Shrine","floor":39,"gold_loss":0,"cards_upgraded":["Evolve"]}],"is_beta":false,"boss_relics":[{"not_picked":["Black Blood","Runic Cube"],"picked":"Black Star"},{"not_picked":["Empty Cage","Runic Dome"],"picked":"Orrery"}],"items_purged_floors":[2,19,41,54],"is_endless":false,"potions_floor_spawned":[6,7,8,10,14,16,23,29,31,35,38,48,55],"ascension_level":20}