{"gold_per_floor":[115,115,13,36,55,86,86,10,59,80,80,95,170,190,190,190],"floor_reached":16,"playtime":654,"items_purged":[],"score":189,"play_id":"2ca5a2c0-09f7-4e61-a94f-b34fce57043c","local_time":"20190314224922","is_ascension_mode":true,"campfire_choices":[{"data":"Armaments","floor":7,"key":"SMITH"},{"floor":11,"key":"REST"},{"data":"Rampage","floor":15,"key":"SMITH"}],"neow_cost":"NONE","seed_source_timestamp":3332855736104,"circlet_count":0,"master_deck":["AscendersBane","Strike_R+1","Strike_R","Strike_R","Strike_R+1","Strike_R","Defend_R","Defend_R","Defend_R","Defend_R","Bash","Twin Strike","Injury","Feel No Pain","Armaments+1","Rampage+1","Offering","Feel No Pain","Shrug It Off","Flex","Rage","Battle Trance","Headbutt"],"special_seed":0,"relics":["Burning Blood","Boot","Golden Idol","Whetstone","Strawberry"],"potions_floor_usage":[6,14,16,16],"damage_taken":[{"damage":18.0,"enemies":"Small Slimes","floor":1.0,"turns":5.0},{"damage":2.0,"enemies":"2 Louse","floor":4.0,"turns":2.0},{"damage":6.0,"enemies":"Cultist","floor":5.0,"turns":3.0},{"damage":30,"enemies":"Gremlin Nob","floor":6,"turns":4},{"damage":21,"enemies":"Exordium Wildlife","floor":10,"turns":3},{"damage":16,"enemies":"Exordium Thugs","floor":12,"turns":4},{"damage":11,"enemies":"Blue Slaver","floor":14,"turns":6},{"damage":46,"enemies":"Slime Boss","floor":16,"turns":10}],"seed_played":"-1300171276083732237","potions_obtained":[{"floor":5.0,"key":"PowerPotion"},{"floor":10,"key":"Regen Potion"},{"floor":12,"key":"EssenceOfSteel"},{"floor":14,"key":"SpeedPotion"}],"is_trial":false,"path_per_floor":["M","?","$","M","M","E","R","$","T","M","R","M","?","M","R","B"],"character_chosen":"IRONCLAD","items_purchased":["Feel No Pain","Armaments","Shrug It Off","Flex"],"campfire_rested":1,"item_purchase_floors":[3,3,8,8],"current_hp_per_floor":[56,56,56,60,60,36,36,36,43,28,52,42,31,41,41,0],"gold":190,"neow_bonus":"RANDOM_COMMON_RELIC","is_prod":false,"is_daily":false,"chose_seed":false,"campfire_upgraded":2,"win_rate":0,"timestamp":1552571362,"path_taken":["M","?","$","M","M","E","R","$","T","M","R","M","?","M","R","BOSS"],"build_version":"2019-01-23","purchased_purges":0,"victory":false,"max_hp_per_floor":[75,75,75,75,75,75,75,75,82,82,82,82,82,82,82,82],"card_choices":[{"not_picked":["Iron Wave","Headbutt"],"picked":"Twin Strike","floor":1.0},{"not_picked":["Twin Strike","Headbutt"],"picked":"Rampage","floor":4.0},{"not_picked":["Warcry","Cleave"],"picked":"Offering","floor":5.0},{"not_picked":["Pommel Strike","Uppercut"],"picked":"Feel No Pain","floor":6},{"not_picked":["Disarm","Havoc"],"picked":"Rage","floor":10},{"not_picked":["Rupture","Flex"],"picked":"Battle Trance","floor":12},{"not_picked":["Bloodletting","Dropkick"],"picked":"Headbutt","floor":14}],"player_experience":324108,"relics_obtained":[{"floor":6,"key":"Whetstone"},{"floor":9,"key":"Strawberry"}],"event_choices":[{"damage_healed":0.0,"max_hp_gain":0.0,"max_hp_loss":0.0,"gold_gain":0.0,"event_name":"Golden Idol","player_choice":"Take Wound","floor":2.0,"gold_loss":0.0,"damage_taken":0.0,"relics_obtained":["Golden Idol"],"cards_obtained":["Injury"]},{"damage_healed":0,"gold_gain":75,"player_choice":"Gather Gold","damage_taken":11,"max_hp_gain":0,"max_hp_loss":0,"event_name":"World of Goop","floor":13,"gold_loss":0}],"is_beta":false,"boss_relics":[],"items_purged_floors":[],"is_endless":false,"potions_floor_spawned":[5,10,12,14],"killed_by":"Slime Boss","ascension_level":17}