{"gold_per_floor":[112,112,132,132,145,145,159,159,159,159],"floor_reached":10,"playtime":197,"items_purged":[],"score":116,"play_id":"c915dee7-fe61-4082-a047-cba5197ed731","local_time":"20190103000826","is_ascension_mode":true,"campfire_choices":[{"data":"Chaos","floor":6,"key":"SMITH"},{"data":"Consume","floor":8,"key":"SMITH"}],"neow_cost":"NONE","seed_source_timestamp":79745971273657,"circlet_count":0,"master_deck":["AscendersBane","Strike_B","Strike_B","Strike_B","Defend_B","Defend_B","Defend_B","Zap","Dualcast","Consume+1","Coolheaded","Chaos+1","Redo","Genetic Algorithm"],"relics":["Cracked Core","NeowsBlessing","Prayer Wheel"],"potions_floor_usage":[1],"damage_taken":[{"damage":0,"enemies":"2 Louse","floor":1,"turns":1},{"damage":0,"enemies":"Small Slimes","floor":3,"turns":1},{"damage":0,"enemies":"Cultist","floor":5,"turns":1},{"damage":52,"enemies":"Gremlin Gang","floor":7,"turns":5},{"damage":19,"enemies":"3 Sentries","floor":10,"turns":3}],"seed_played":"-3897059560516914443","potions_obtained":[{"floor":1,"key":"Fruit Juice"},{"floor":5,"key":"SpeedPotion"}],"is_trial":false,"path_per_floor":["M","?","M","?","M","R","M","R","T","E"],"character_chosen":"DEFECT","items_purchased":[],"campfire_rested":0,"item_purchase_floors":[],"current_hp_per_floor":[69,69,69,69,69,69,17,17,17,0],"gold":159,"neow_bonus":"THREE_ENEMY_KILL","is_prod":false,"is_daily":false,"chose_seed":false,"campfire_upgraded":2,"win_rate":0,"timestamp":1546441706,"path_taken":["M","?","M","?","?","R","M","R","T","E"],"build_version":"2018-12-20","purchased_purges":0,"victory":false,"max_hp_per_floor":[76,76,76,76,76,76,76,76,76,76],"card_choices":[{"not_picked":["Beam Cell","Redo"],"picked":"Consume","floor":1},{"not_picked":["Sweeping Beam","Undo"],"picked":"Coolheaded","floor":3},{"not_picked":["Turbo","Leap"],"picked":"Redo","floor":5},{"not_picked":["Rebound","Turbo"],"picked":"Genetic Algorithm","floor":7}],"player_experience":3976050,"relics_obtained":[{"floor":9,"key":"Prayer Wheel"}],"event_choices":[{"cards_removed":["Strike_B"],"damage_healed":0,"gold_gain":0,"player_choice":"Forget","damage_taken":0,"max_hp_gain":0,"max_hp_loss":0,"event_name":"Living Wall","floor":2,"gold_loss":0},{"damage_healed":0,"gold_gain":0,"cards_transformed":["Defend_B"],"player_choice":"Transformed","damage_taken":0,"max_hp_gain":0,"max_hp_loss":0,"event_name":"Transmorgrifier","floor":4,"gold_loss":0,"cards_obtained":["Chaos"]}],"is_beta":false,"boss_relics":[],"items_purged_floors":[],"is_endless":false,"potions_floor_spawned":[1,5],"killed_by":"3 Sentries","ascension_level":20}