{"gold_per_floor":[110,110,35,47,60,60,60,76,122,122,147,166,66,16,16,113,113,93,12,12,12,23,48,48,58,58,58,77,90,90,107,107,208,208,224,26,37,51,78,78,78,78,78,78,78,96,0,10,10,10],"floor_reached":51,"playtime":6026,"items_purged":["Strike_G","Strike_G","Strike_G"],"score":642,"play_id":"46c98eaf-6ea5-4b2d-8623-f6cacba27eb8","local_time":"20181230172208","is_ascension_mode":false,"campfire_choices":[{"data":"Sucker Punch","floor":7.0,"key":"SMITH"},{"data":"Caltrops","floor":10.0,"key":"SMITH"},{"floor":15.0,"key":"REST"},{"floor":24.0,"key":"REST"},{"data":"Prepared","floor":27.0,"key":"SMITH"},{"floor":32.0,"key":"REST"},{"data":"Footwork","floor":40.0,"key":"SMITH"},{"data":"Well Laid Plans","floor":42.0,"key":"SMITH"},{"floor":49.0,"key":"REST"}],"neow_cost":"NONE","seed_source_timestamp":0,"circlet_count":0,"master_deck":["Defend_G","Defend_G","Strike_G+1","Survivor","Neutralize+1","Heel Hook","Sucker Punch+1","Caltrops+1","Die Die Die","Backflip","Grand Finale+1","Acrobatics","Well Laid Plans+1","Prepared+1","Underhanded Strike+1","Flying Knee+1","Prepared","Prepared","Prepared","Burst","Dagger Throw+1","Footwork+1","Acrobatics+1","Terror+1"],"special_seed":0,"relics":["Ring of the Snake","Juzu Bracelet","Vajra","Black Star","Centennial Puzzle","Regal Pillow","Matryoshka","White Beast Statue","Ancient Tea Set","Whetstone","Oddly Smooth Stone","Bottled Lightning","Red Mask"],"potions_floor_usage":[50,50,50],"damage_taken":[{"damage":0.0,"enemies":"2 Louse","floor":1.0,"turns":3.0},{"damage":0.0,"enemies":"Cultist","floor":4.0,"turns":4.0},{"damage":2.0,"enemies":"Jaw Worm","floor":5.0,"turns":4.0},{"damage":4.0,"enemies":"2 Fungi Beasts","floor":8.0,"turns":4.0},{"damage":28.0,"enemies":"3 Sentries","floor":11.0,"turns":9.0},{"damage":7.0,"enemies":"3 Louse","floor":12.0,"turns":3.0},{"damage":7.0,"enemies":"Hexaghost","floor":16.0,"turns":9.0},{"damage":14.0,"enemies":"2 Thieves","floor":18.0,"turns":4.0},{"damage":10.0,"enemies":"Chosen","floor":22.0,"turns":6.0},{"damage":24.0,"enemies":"Slavers","floor":23.0,"turns":2.0},{"damage":21.0,"enemies":"Centurion and Healer","floor":25.0,"turns":6.0},{"damage":12.0,"enemies":"Chosen and Byrds","floor":28.0,"turns":6.0},{"damage":1.0,"enemies":"Snake Plant","floor":29.0,"turns":3.0},{"damage":10.0,"enemies":"Snecko","floor":31.0,"turns":6.0},{"damage":50.0,"enemies":"Collector","floor":33.0,"turns":8.0},{"damage":5.0,"enemies":"Orb Walker","floor":35.0,"turns":3.0},{"damage":15.0,"enemies":"3 Darklings","floor":37.0,"turns":5.0},{"damage":2.0,"enemies":"Jaw Worm Horde","floor":38.0,"turns":2.0},{"damage":0.0,"enemies":"Transient","floor":46.0,"turns":5.0},{"damage":5.0,"enemies":"4 Shapes","floor":48.0,"turns":2.0},{"damage":68,"enemies":"Time Eater","floor":50,"turns":11}],"seed_played":"-3276212900790935552","potions_obtained":[{"floor":11.0,"key":"Dexterity Potion"},{"floor":12.0,"key":"Regen Potion"},{"floor":16.0,"key":"Weak Potion"},{"floor":22.0,"key":"AttackPotion"},{"floor":25.0,"key":"EssenceOfSteel"},{"floor":28.0,"key":"Dexterity Potion"},{"floor":35.0,"key":"GamblersBrew"},{"floor":37.0,"key":"EssenceOfSteel"},{"floor":38.0,"key":"AttackPotion"},{"floor":46.0,"key":"AttackPotion"},{"floor":48.0,"key":"SpeedPotion"}],"is_trial":false,"path_per_floor":["M","?","$","M","M","?","R","M","T","R","E","M","$","?","R","B",null,"M","$","?","?","M","E","R","M","T","R","M","M","?","M","R","B",null,"M","$","M","M","T","R","?","R","T","?","?","M","?","M","R","B",null],"character_chosen":"THE_SILENT","items_purchased":["Well Laid Plans","Footwork"],"campfire_rested":4,"item_purchase_floors":[19,36],"current_hp_per_floor":[70,75,75,75,73,73,73,69,69,69,41,34,34,34,56,64,75,61,61,61,61,51,27,64,43,43,43,31,30,30,20,57,7,75,70,70,55,53,53,53,53,53,53,53,53,53,53,48,75,7],"gold":10,"neow_bonus":"REMOVE_CARD","is_prod":false,"is_daily":false,"chose_seed":false,"campfire_upgraded":5,"win_rate":0,"timestamp":1546186928,"path_taken":["M","?","$","M","M","?","R","M","T","R","E","M","$","?","R","BOSS","M","$","?","?","M","E","R","M","T","R","M","M","?","M","R","BOSS","M","$","M","M","?","R","?","R","T","?","?","M","?","M","R","BOSS"],"build_version":"2018-12-20","purchased_purges":3,"victory":true,"max_hp_per_floor":[70,75,75,75,75,75,75,75,75,75,75,75,75,75,75,75,75,75,75,75,75,75,75,75,75,75,75,75,75,75,75,75,75,75,75,75,75,75,75,75,75,75,75,75,75,75,75,75,75,75],"card_choices":[{"not_picked":["Quick Slash","Outmaneuver"],"picked":"Heel Hook","floor":1.0},{"not_picked":["Calculated Gamble","Slice","Outmaneuver"],"picked":"SKIP","floor":4.0},{"not_picked":["Poisoned Stab","Dagger Spray"],"picked":"Sucker Punch","floor":5.0},{"not_picked":["PiercingWail","Doppelganger"],"picked":"Caltrops","floor":8.0},{"not_picked":["PiercingWail","Dagger Throw"],"picked":"Die Die Die","floor":11.0},{"not_picked":["PiercingWail","Flying Knee"],"picked":"Backflip","floor":12.0},{"not_picked":["After Image","Phantasmal Killer"],"picked":"Grand Finale","floor":16.0},{"not_picked":["Outmaneuver","Concentrate"],"picked":"Acrobatics","floor":18.0},{"not_picked":["Endless Agony","Backstab"],"picked":"Underhanded Strike+1","floor":22.0},{"not_picked":["Sucker Punch","Bouncing Flask"],"picked":"Flying Knee+1","floor":23.0},{"not_picked":["Infinite Blades","Bane"],"picked":"Prepared","floor":25.0},{"not_picked":["Die Die Die","Outmaneuver"],"picked":"Prepared","floor":28.0},{"not_picked":["Quick Slash","Dodge and Roll","Bane"],"picked":"SKIP","floor":29.0},{"not_picked":["Outmaneuver","Heel Hook"],"picked":"Prepared","floor":31.0},{"not_picked":["Doppelganger","After Image"],"picked":"Burst","floor":33.0},{"not_picked":["Cloak And Dagger","Quick Slash"],"picked":"Dagger Throw+1","floor":35.0},{"not_picked":["Dodge and Roll","Deflect+1"],"picked":"Acrobatics+1","floor":37.0},{"not_picked":["Dodge and Roll","Infinite Blades","Outmaneuver"],"picked":"SKIP","floor":38.0},{"not_picked":["Concentrate+1","Deadly Poison+1"],"picked":"Terror+1","floor":46.0},{"not_picked":["Flying Knee+1","Infinite Blades","Deadly Poison+1"],"picked":"SKIP","floor":48.0}],"player_experience":196109,"relics_obtained":[{"floor":9.0,"key":"Juzu Bracelet"},{"floor":11.0,"key":"Vajra"},{"floor":23.0,"key":"Centennial Puzzle"},{"floor":23.0,"key":"Regal Pillow"},{"floor":26.0,"key":"Matryoshka"},{"floor":39.0,"key":"Ancient Tea Set"},{"floor":39.0,"key":"Whetstone"},{"floor":43.0,"key":"Oddly Smooth Stone"},{"floor":43.0,"key":"Bottled Lightning"}],"event_choices":[{"damage_healed":0.0,"max_hp_gain":5.0,"max_hp_loss":0.0,"gold_gain":0.0,"event_name":"Big Fish","player_choice":"Donut","floor":2.0,"gold_loss":0.0,"damage_taken":0.0},{"damage_healed":0.0,"max_hp_gain":0.0,"max_hp_loss":0.0,"gold_gain":0.0,"event_name":"Upgrade Shrine","player_choice":"Upgraded","floor":6.0,"gold_loss":0.0,"damage_taken":0.0,"cards_upgraded":["Neutralize"]},{"cards_removed":["Defend_G"],"damage_healed":0.0,"max_hp_gain":0.0,"max_hp_loss":0.0,"gold_gain":0.0,"event_name":"The Cleric","player_choice":"Card Removal","floor":14.0,"gold_loss":50.0,"damage_taken":0.0},{"damage_healed":0.0,"max_hp_gain":0.0,"max_hp_loss":0.0,"gold_gain":0.0,"event_name":"The Mausoleum","player_choice":"Ignored","floor":20.0,"gold_loss":0.0,"damage_taken":0.0},{"damage_healed":0.0,"max_hp_gain":0.0,"max_hp_loss":0.0,"gold_gain":0.0,"event_name":"The Library","player_choice":"Read","floor":21.0,"gold_loss":0.0,"damage_taken":0.0,"cards_obtained":["Prepared"]},{"damage_healed":0.0,"max_hp_gain":0.0,"max_hp_loss":0.0,"gold_gain":0.0,"event_name":"Match and Keep!","player_choice":"0 cards matched","floor":30.0,"gold_loss":0.0,"damage_taken":0.0,"cards_obtained":[]},{"damage_healed":0.0,"max_hp_gain":0.0,"max_hp_loss":0.0,"gold_gain":0.0,"event_name":"Mysterious Sphere","player_choice":"Ignored","floor":41.0,"gold_loss":0.0,"damage_taken":0.0},{"cards_removed":["Strike_G"],"damage_healed":0.0,"max_hp_gain":0.0,"max_hp_loss":0.0,"gold_gain":0.0,"event_name":"Purifier","player_choice":"Purged","floor":44.0,"gold_loss":0.0,"damage_taken":0.0},{"cards_removed":["Defend_G"],"damage_healed":0.0,"max_hp_gain":0.0,"max_hp_loss":0.0,"gold_gain":0.0,"event_name":"Falling","player_choice":"Removed Skill","floor":45.0,"gold_loss":0.0,"damage_taken":0.0},{"damage_healed":0.0,"max_hp_gain":0.0,"max_hp_loss":0.0,"gold_gain":0.0,"event_name":"Tomb of Lord Red Mask","player_choice":"Paid","floor":47.0,"gold_loss":96.0,"damage_taken":0.0,"relics_obtained":["Red Mask"]}],"is_beta":false,"boss_relics":[{"not_picked":["Tiny House","HoveringKite"],"picked":"Black Star"},{"not_picked":["Fusion Hammer","WristBlade"],"picked":"White Beast Statue"}],"items_purged_floors":[3,13,36],"is_endless":false,"potions_floor_spawned":[11,12,16,22,25,28,35,37,38,46,48],"ascension_level":0}