{"gold_per_floor":[118,44,44,119,139,139,34,67,146,146,169,180,214,233,233,329,329,342,267,267,285,285,285,310,310,310,39,39,51,61,94,94,194,194,212,434,534,552,599,599,599,619,672,672,688,713,713,739,739,739],"floor_reached":50,"playtime":6244,"items_purged":["Defend_B"],"score":701,"play_id":"3c355423-1cb4-4360-82be-783e63557fd9","local_time":"20181223001820","is_ascension_mode":true,"campfire_choices":[{"data":"Zap","floor":6,"key":"SMITH"},{"floor":10,"key":"REST"},{"floor":15,"key":"REST"},{"data":"Creative AI","floor":23,"key":"SMITH"},{"floor":25,"key":"REST"},{"data":"Ball Lightning","floor":32,"key":"SMITH"},{"floor":40,"key":"REST"},{"floor":49,"key":"REST"}],"neow_cost":"NONE","seed_source_timestamp":90831668320211,"circlet_count":0,"master_deck":["Defend_B","Defend_B","Zap+1","Dualcast","Leap","Genetic Algorithm+1","Conserve Battery+1","Cold Snap","Genetic Algorithm+1","Skim+1","Cold Snap","Creative AI+1","Glacier+1","Coolheaded+1","Writhe","Machine Learning+1","Shame","Amplify+1","Ball Lightning+1","Bite","Bite","Bite","Bite","Bite","Chill+1","Cold Snap","Barrage+1","Fission+1","Cold Snap","Loop+1","Amplify+1","Coolheaded+1","FTL","Storm+1","White Noise+1","Hologram+1","Stack+1","Normality","Madness+1","Madness+1","Consume+1","Cold Snap+1","Clumsy"],"relics":["Cracked Core","Toxic Egg 2","Gremlin Horn","Kunai","Odd Mushroom","Mummified Hand","Cursed Key","Frozen Egg 2","Happy Flower","Pantograph","Red Mask","Orrery","Pocketwatch","StoneCalendar","Blood Vial","Mercury Hourglass","Dodecahedron","Potion Belt"],"potions_floor_usage":[8,13,13,24,39,46,48],"damage_taken":[{"damage":1,"enemies":"Cultist","floor":1,"turns":3},{"damage":0,"enemies":"Small Slimes","floor":5,"turns":4},{"damage":16,"enemies":"3 Sentries","floor":8,"turns":11},{"damage":0,"enemies":"The Mushroom Lair","floor":11,"turns":5},{"damage":0,"enemies":"Jaw Worm","floor":12,"turns":2},{"damage":26,"enemies":"Gremlin Nob","floor":13,"turns":6},{"damage":0,"enemies":"Large Slime","floor":14,"turns":5},{"damage":25,"enemies":"The Guardian","floor":16,"turns":15},{"damage":15,"enemies":"3 Byrds","floor":18,"turns":4},{"damage":0,"enemies":"Shell Parasite","floor":21,"turns":7},{"damage":12,"enemies":"Book of Stabbing","floor":24,"turns":9},{"damage":10,"enemies":"Centurion and Healer","floor":29,"turns":5},{"damage":3,"enemies":"Shelled Parasite and Fungi","floor":30,"turns":8},{"damage":14,"enemies":"Masked Bandits","floor":31,"turns":5},{"damage":14,"enemies":"Champ","floor":33,"turns":9},{"damage":7,"enemies":"3 Shapes","floor":35,"turns":4},{"damage":3,"enemies":"Mind Bloom Boss Battle","floor":37,"turns":8},{"damage":24,"enemies":"3 Darklings","floor":38,"turns":6},{"damage":55,"enemies":"2 Orb Walkers","floor":39,"turns":6},{"damage":0,"enemies":"Jaw Worm Horde","floor":42,"turns":3},{"damage":8,"enemies":"Writhing Mass","floor":45,"turns":7},{"damage":0,"enemies":"Reptomancer","floor":46,"turns":6},{"damage":7,"enemies":"Nemesis","floor":48,"turns":7},{"damage":67,"enemies":"Awakened One","floor":50,"turns":5}],"seed_played":"-3341312343050379100","potions_obtained":[{"floor":5,"key":"Strength Potion"},{"floor":12,"key":"Block Potion"},{"floor":14,"key":"FairyPotion"},{"floor":16,"key":"PowerPotion"},{"floor":21,"key":"Dexterity Potion"},{"floor":33,"key":"Energy Potion"},{"floor":38,"key":"Fruit Juice"},{"floor":42,"key":"SmokeBomb"},{"floor":45,"key":"Weak Potion"}],"is_trial":false,"path_per_floor":["M","$","?","?","M","R","$","E","T","R","?","M","E","M","R","B",null,"M","?","?","M","?","R","E","R","T","$","?","M","M","?","R","B",null,"M","?","?","M","?","R","?","M","T","?","M","E","T","E","R","B"],"character_chosen":"DEFECT","items_purchased":["GamblersBrew","Conserve Battery+1","Cold Snap","Amplify+1","Ball Lightning"],"campfire_rested":5,"item_purchase_floors":[2,7,7,27,27],"current_hp_per_floor":[81,81,74,63,63,63,63,47,47,71,71,71,45,45,69,44,82,67,67,51,51,51,51,39,65,65,65,60,60,60,55,55,52,60,57,57,60,40,6,25,57,57,57,50,48,52,52,52,57,0],"gold":739,"neow_bonus":"TEN_PERCENT_HP_BONUS","is_prod":false,"is_daily":false,"chose_seed":false,"campfire_upgraded":3,"win_rate":1,"timestamp":1545542300,"path_taken":["M","?","?","?","M","R","$","E","T","R","?","M","E","M","R","BOSS","M","?","?","M","?","R","E","R","T","$","?","?","M","?","R","BOSS","M","?","?","M","?","R","?","M","T","?","?","E","?","E","R","BOSS"],"build_version":"2018-12-20","purchased_purges":1,"victory":false,"max_hp_per_floor":[82,82,82,82,82,82,82,82,82,82,82,82,82,82,82,82,82,82,82,87,87,87,87,87,87,87,87,60,60,60,60,60,60,60,60,60,60,60,65,65,57,57,57,57,57,57,57,57,57,57],"card_choices":[{"not_picked":["Streamline","Doom and Gloom"],"picked":"Leap","floor":1},{"not_picked":["Barrage","Steam+1"],"picked":"Genetic Algorithm+1","floor":5},{"not_picked":["Gash","Sweeping Beam"],"picked":"Genetic Algorithm+1","floor":8},{"not_picked":["Streamline","Blizzard","Beam Cell"],"picked":"SKIP","floor":12},{"not_picked":["Leap+1","Streamline"],"picked":"Skim+1","floor":13},{"not_picked":["Static Discharge","Ball Lightning"],"picked":"Cold Snap","floor":14},{"not_picked":["Biased Cognition","Seek+1"],"picked":"Creative AI","floor":16},{"not_picked":["Reinforced Body+1","Double Energy+1"],"picked":"Glacier+1","floor":18},{"not_picked":["Leap+1","Barrage"],"picked":"Coolheaded+1","floor":21},{"not_picked":["Rebound+1","Hologram+1"],"picked":"Machine Learning+1","floor":24},{"not_picked":["Beam Cell","Melter+1"],"picked":"Chill+1","floor":29},{"not_picked":["Melter","Gash+1"],"picked":"Cold Snap","floor":30},{"not_picked":["Force Field+1","Redo+1"],"picked":"Barrage+1","floor":31},{"not_picked":["All For One","Multi-Cast+1"],"picked":"Fission+1","floor":33},{"not_picked":["Conserve Battery+1","Streamline"],"picked":"Cold Snap","floor":34},{"not_picked":["Sweeping Beam+1","Coolheaded+1"],"picked":"Loop+1","floor":34},{"not_picked":["Streamline","Beam Cell"],"picked":"Amplify+1","floor":34},{"not_picked":["Fusion+1","Rebound"],"picked":"Coolheaded+1","floor":34},{"not_picked":["Chaos+1","Compile Driver"],"picked":"FTL","floor":35},{"not_picked":["Hello World+1","Ball Lightning"],"picked":"Storm+1","floor":37},{"not_picked":["Darkness+1","Go for the Eyes"],"picked":"White Noise+1","floor":38},{"not_picked":["Barrage","Force Field+1"],"picked":"Hologram+1","floor":39},{"not_picked":["Redo+1","Steam+1"],"picked":"Stack+1","floor":42},{"not_picked":["Beam Cell","Redo+1"],"picked":"Consume+1","floor":45},{"not_picked":["Melter","Heatsinks+1"],"picked":"Cold Snap+1","floor":46},{"not_picked":["Darkness+1","Heatsinks+1","Lockon+1"],"picked":"SKIP","floor":48}],"player_experience":28101,"relics_obtained":[{"floor":8,"key":"Gremlin Horn"},{"floor":9,"key":"Kunai"},{"floor":11,"key":"Odd Mushroom"},{"floor":13,"key":"Mummified Hand"},{"floor":24,"key":"Happy Flower"},{"floor":26,"key":"Pantograph"},{"floor":31,"key":"Red Mask"},{"floor":37,"key":"Pocketwatch"},{"floor":39,"key":"StoneCalendar"},{"floor":43,"key":"Blood Vial"},{"floor":46,"key":"Mercury Hourglass"},{"floor":47,"key":"Dodecahedron"},{"floor":48,"key":"Potion Belt"}],"event_choices":[{"damage_healed":0,"gold_gain":0,"player_choice":"Success","damage_taken":7,"relics_obtained":["Toxic Egg 2"],"max_hp_gain":0,"max_hp_loss":0,"event_name":"Scrap Ooze","floor":3,"gold_loss":0},{"damage_healed":0,"gold_gain":75,"player_choice":"Gather Gold","damage_taken":11,"max_hp_gain":0,"max_hp_loss":0,"event_name":"World of Goop","floor":4,"gold_loss":0},{"damage_healed":0,"gold_gain":0,"player_choice":"Fought Mushrooms","damage_taken":0,"max_hp_gain":0,"max_hp_loss":0,"event_name":"Mushrooms","floor":11,"gold_loss":0},{"cards_removed":["Defend_B"],"damage_healed":0,"gold_gain":0,"player_choice":"Gave Gold","damage_taken":0,"max_hp_gain":0,"max_hp_loss":0,"event_name":"Beggar","floor":19,"gold_loss":75},{"damage_healed":0,"gold_gain":0,"player_choice":"Shed Blood","damage_taken":21,"max_hp_gain":5,"max_hp_loss":0,"event_name":"Forgotten Altar","floor":20,"gold_loss":0},{"damage_healed":0,"gold_gain":0,"player_choice":"Opened","damage_taken":0,"relics_obtained":["Frozen Egg 2"],"max_hp_gain":0,"max_hp_loss":0,"event_name":"The Mausoleum","floor":22,"gold_loss":0,"cards_obtained":["Writhe"]},{"damage_healed":0,"gold_gain":0,"player_choice":"Became a vampire","damage_taken":0,"max_hp_gain":0,"max_hp_loss":27,"event_name":"Vampires","floor":28,"gold_loss":0,"cards_obtained":["Bite","Bite","Bite","Bite","Bite"]},{"damage_healed":0,"gold_gain":0,"player_choice":"Fought Bandits","damage_taken":0,"max_hp_gain":0,"max_hp_loss":0,"event_name":"Masked Bandits","floor":31,"gold_loss":0},{"damage_healed":0,"gold_gain":222,"player_choice":"Wore Mask","damage_taken":0,"max_hp_gain":0,"max_hp_loss":0,"event_name":"Tomb of Lord Red Mask","floor":36,"gold_loss":0},{"damage_healed":0,"gold_gain":0,"player_choice":"Fight","damage_taken":0,"max_hp_gain":0,"max_hp_loss":0,"event_name":"MindBloom","floor":37,"gold_loss":0},{"damage_healed":0,"gold_gain":0,"player_choice":"Fight","damage_taken":0,"max_hp_gain":0,"max_hp_loss":0,"event_name":"Mysterious Sphere","floor":39,"gold_loss":0},{"damage_healed":57,"gold_gain":0,"player_choice":"Heal","damage_taken":0,"max_hp_gain":0,"max_hp_loss":8,"event_name":"The Moai Head","floor":41,"gold_loss":0},{"damage_healed":0,"gold_gain":0,"player_choice":"Embrace Madness","damage_taken":7,"max_hp_gain":0,"max_hp_loss":0,"event_name":"Winding Halls","floor":44,"gold_loss":0,"cards_obtained":["Madness","Madness"]}],"is_beta":false,"boss_relics":[{"not_picked":["Runic Pyramid","White Beast Statue"],"picked":"Cursed Key"},{"not_picked":["Lizard Tail","Astrolabe"],"picked":"Orrery"}],"items_purged_floors":[27],"is_endless":false,"potions_floor_spawned":[5,12,14,16,21,33,38,42,45],"killed_by":"Awakened One","ascension_level":1}