{"gold_per_floor":[113,26,26,26,39,39,66,66,66,66,66,89,89,109,109,237,237,255,205,225,243,266,266,123,139,162,162,162,175,175,186,186,291,291,307,307,319,336,353,353,379,379,402,415,415,490,506,506],"floor_reached":48,"playtime":2547,"items_purged":["Strike_R"],"score":630,"play_id":"b97c322b-7018-4b66-8cd2-da525da5e573","local_time":"20190220233040","is_ascension_mode":true,"campfire_choices":[{"data":"Body Slam","floor":6.0,"key":"SMITH"},{"data":"Feel No Pain","floor":8.0,"key":"SMITH"},{"data":"Metallicize","floor":13.0,"key":"SMITH"},{"data":"Barricade","floor":15.0,"key":"SMITH"},{"data":"Juggernaut","floor":23.0,"key":"SMITH"},{"data":"Second Wind","floor":28.0,"key":"SMITH"},{"data":"Entrench","floor":30.0,"key":"SMITH"},{"floor":32.0,"key":"REST"},{"data":"Body Slam","floor":40.0,"key":"SMITH"},{"floor":42.0,"key":"REST"}],"neow_cost":"NONE","seed_source_timestamp":353709384836462,"circlet_count":0,"master_deck":["Bash","Metallicize+1","Feel No Pain+1","Body Slam+1","Barricade+1","Juggernaut+1","Shrug It Off","Shrug It Off+1","Armaments","Second Wind+1","Entrench+1","Offering","Pommel Strike","Berserk","Armaments","Intimidate","Sentinel","Headbutt","Body Slam+1","True Grit+1","Power Through+1"],"special_seed":0,"relics":["Mark of Pain","Strawberry","Dodecahedron","Bloody Idol","Sozu","PreservedInsect","Pandora\u0027s Box","Bottled Tornado","Blood Vial"],"potions_floor_usage":[],"damage_taken":[{"damage":7.0,"enemies":"Small Slimes","floor":1.0,"turns":3.0},{"damage":4.0,"enemies":"Jaw Worm","floor":5.0,"turns":3.0},{"damage":0.0,"enemies":"2 Louse","floor":12.0,"turns":3.0},{"damage":32.0,"enemies":"Gremlin Gang","floor":14.0,"turns":6.0},{"damage":7.0,"enemies":"Slime Boss","floor":16.0,"turns":7.0},{"damage":31.0,"enemies":"2 Thieves","floor":18.0,"turns":5.0},{"damage":15.0,"enemies":"Shell Parasite","floor":20.0,"turns":5.0},{"damage":5.0,"enemies":"Centurion and Healer","floor":21.0,"turns":6.0},{"damage":9.0,"enemies":"Chosen and Byrds","floor":22.0,"turns":6.0},{"damage":2.0,"enemies":"Shelled Parasite and Fungi","floor":25.0,"turns":5.0},{"damage":14.0,"enemies":"Centurion and Healer","floor":29.0,"turns":8.0},{"damage":0.0,"enemies":"Chosen and Byrds","floor":31.0,"turns":5.0},{"damage":32.0,"enemies":"Collector","floor":33.0,"turns":11.0},{"damage":0.0,"enemies":"3 Shapes","floor":35.0,"turns":6.0},{"damage":18.0,"enemies":"Orb Walker","floor":37.0,"turns":4.0},{"damage":51.0,"enemies":"4 Shapes","floor":38.0,"turns":6.0},{"damage":3.0,"enemies":"Spire Growth","floor":39.0,"turns":4.0},{"damage":0.0,"enemies":"Giant Head","floor":41.0,"turns":6.0},{"damage":6.0,"enemies":"Writhing Mass","floor":44.0,"turns":5.0},{"damage":31.0,"enemies":"Sphere and 2 Shapes","floor":47.0,"turns":6.0},{"damage":34,"enemies":"Transient","floor":48,"turns":2}],"seed_played":"4033312200193908806","potions_obtained":[{"floor":1.0,"key":"SteroidPotion"},{"floor":12.0,"key":"Poison Potion"},{"floor":14.0,"key":"EssenceOfSteel"},{"floor":16.0,"key":"BloodPotion"}],"is_trial":false,"path_per_floor":["M","$","?","?","M","R","T","R","T","?","?","M","R","M","R","B",null,"M","?","M","M","M","R","$","M","T","?","R","M","R","M","R","B",null,"M","?","M","M","M","R","E","R","T","M","?","?","M","M"],"character_chosen":"IRONCLAD","items_purchased":["Feel No Pain","Body Slam","Second Wind"],"campfire_rested":2,"item_purchase_floors":[2,2,24],"current_hp_per_floor":[73,73,66,66,62,62,69,69,69,48,53,53,53,21,21,14,73,42,42,27,22,22,22,22,20,20,20,20,11,11,16,43,16,73,78,78,65,19,21,21,26,53,58,59,59,55,31,0],"gold":506,"neow_bonus":"BOSS_RELIC","is_prod":false,"is_daily":false,"chose_seed":false,"campfire_upgraded":8,"win_rate":0,"timestamp":1550673040,"path_taken":["M","$","?","?","M","R","?","R","T","?","?","M","R","M","R","BOSS","M","?","?","M","M","R","$","M","T","?","R","M","R","M","R","BOSS","M","?","M","M","M","R","E","R","T","M","?","?","?","?"],"build_version":"2019-01-23","purchased_purges":1,"victory":false,"max_hp_per_floor":[80,80,80,80,80,80,87,87,87,87,92,92,92,92,92,92,92,92,92,92,92,92,92,92,92,92,92,92,92,92,92,92,92,92,92,92,92,92,92,92,92,92,92,92,92,92,92,92],"card_choices":[{"not_picked":["Fire Breathing","Anger"],"picked":"Metallicize","floor":1.0},{"not_picked":["Clothesline","Reckless Charge","Feel No Pain"],"picked":"SKIP","floor":5.0},{"not_picked":["Cleave","Anger","Flex"],"picked":"SKIP","floor":12.0},{"not_picked":["Havoc","Wild Strike"],"picked":"Barricade","floor":14.0},{"not_picked":["Offering","Brutality"],"picked":"Juggernaut","floor":16.0},{"not_picked":["Warcry","Disarm"],"picked":"Shrug It Off","floor":18.0},{"not_picked":["Twin Strike","Thunderclap"],"picked":"Shrug It Off+1","floor":20.0},{"not_picked":["Fire Breathing","Perfected Strike"],"picked":"Armaments","floor":21.0},{"not_picked":["Havoc","Anger","Immolate"],"picked":"SKIP","floor":22.0},{"not_picked":["Flex","Sword Boomerang","Inflame"],"picked":"SKIP","floor":25.0},{"not_picked":["Burning Pact","Corruption"],"picked":"Entrench","floor":29.0},{"not_picked":["Uppercut","Metallicize","Anger"],"picked":"SKIP","floor":31.0},{"not_picked":["Limit Break","Bludgeon"],"picked":"Offering","floor":33.0},{"not_picked":["Wild Strike","Thunderclap+1","True Grit"],"picked":"SKIP","floor":35.0},{"not_picked":["Cleave+1","Clothesline+1","Headbutt+1"],"picked":"SKIP","floor":37.0},{"not_picked":["Burning Pact+1","True Grit+1","Sentinel+1"],"picked":"SKIP","floor":38.0},{"not_picked":["Burning Pact+1","Sentinel+1"],"picked":"True Grit+1","floor":38.0},{"not_picked":["Shockwave+1","Havoc"],"picked":"Power Through+1","floor":39.0},{"not_picked":["Clothesline+1","Pommel Strike+1","Inflame"],"picked":"SKIP","floor":41.0},{"not_picked":["Second Wind","Infernal Blade+1","Barricade"],"picked":"SKIP","floor":44.0},{"not_picked":["Whirlwind","Hemokinesis+1","Disarm+1"],"picked":"SKIP","floor":47.0}],"player_experience":158882,"relics_obtained":[{"floor":7.0,"key":"Strawberry"},{"floor":9.0,"key":"Dodecahedron"},{"floor":26.0,"key":"PreservedInsect"},{"floor":41.0,"key":"Bottled Tornado"},{"floor":43.0,"key":"Blood Vial"}],"event_choices":[{"cards_removed":["Strike_R"],"damage_healed":0.0,"max_hp_gain":0.0,"max_hp_loss":0.0,"gold_gain":0.0,"event_name":"Golden Wing","player_choice":"Card Removal","floor":3.0,"gold_loss":0.0,"damage_taken":7.0},{"damage_healed":0.0,"max_hp_gain":0.0,"max_hp_loss":0.0,"gold_gain":0.0,"event_name":"Liars Game","player_choice":"Ignored","floor":4.0,"gold_loss":0.0,"damage_taken":0.0},{"damage_healed":0.0,"max_hp_gain":0.0,"max_hp_loss":0.0,"gold_gain":0.0,"event_name":"Golden Idol","player_choice":"Take Damage","floor":10.0,"gold_loss":0.0,"damage_taken":21.0,"relics_obtained":["Golden Idol"]},{"damage_healed":0.0,"max_hp_gain":5.0,"max_hp_loss":0.0,"gold_gain":0.0,"event_name":"Big Fish","player_choice":"Donut","floor":11.0,"gold_loss":0.0,"damage_taken":0.0},{"damage_healed":0.0,"max_hp_gain":0.0,"max_hp_loss":0.0,"gold_gain":0.0,"event_name":"The Joust","player_choice":"Bet on Murderer","floor":19.0,"gold_loss":50.0,"damage_taken":0.0},{"damage_healed":0.0,"max_hp_gain":0.0,"max_hp_loss":0.0,"gold_gain":0.0,"event_name":"Forgotten Altar","player_choice":"Gave Idol","floor":27.0,"relics_lost":["Golden Idol"],"gold_loss":0.0,"damage_taken":0.0,"relics_obtained":["Bloody Idol"]},{"damage_healed":0.0,"max_hp_gain":0.0,"max_hp_loss":0.0,"gold_gain":0.0,"event_name":"Tomb of Lord Red Mask","player_choice":"Ignored","floor":36.0,"gold_loss":0.0,"damage_taken":0.0},{"damage_healed":0.0,"max_hp_gain":0.0,"max_hp_loss":0.0,"gold_gain":0.0,"event_name":"Mysterious Sphere","player_choice":"Ignored","floor":45.0,"gold_loss":0.0,"damage_taken":0.0},{"damage_healed":0.0,"max_hp_gain":0.0,"max_hp_loss":0.0,"gold_gain":75.0,"event_name":"FaceTrader","player_choice":"Touch","floor":46.0,"gold_loss":0.0,"damage_taken":9.0}],"is_beta":false,"boss_relics":[{"not_picked":["Eternal Feather","Empty Cage"],"picked":"Sozu"},{"not_picked":["Orrery","White Beast Statue"],"picked":"Pandora\u0027s Box"}],"items_purged_floors":[24],"is_endless":false,"potions_floor_spawned":[1,12,14,16,18,25,31,37,41,47],"killed_by":"Transient","ascension_level":5}