{"gold_per_floor":[117,117,117,117,133,133,169,169,169,205,229,262,262,277,277,367,367,390,390,410,426,440,440,479,479,551,257,280,2,23,56,56,146,146,159,179,247,247,247,247,285,285,285,320,320,341,361,399,399,399],"floor_reached":50,"playtime":2575,"items_purged":["Sever Soul","Reckless Charge"],"score":1226,"play_id":"91bcdf16-92cf-4023-86db-200dad3bfaa3","local_time":"20190131005345","is_ascension_mode":true,"campfire_choices":[{"data":"Clash","floor":6.0,"key":"SMITH"},{"floor":8.0,"key":"REST"},{"data":"Flame Barrier","floor":15.0,"key":"SMITH"},{"data":"Armaments","floor":23.0,"key":"SMITH"},{"data":"Shockwave","floor":25.0,"key":"SMITH"},{"floor":32.0,"key":"RECALL"},{"floor":40.0,"key":"REST"},{"floor":42.0,"key":"REST"},{"floor":49.0,"key":"REST"}],"neow_cost":"NONE","seed_source_timestamp":19157577434400,"circlet_count":0,"master_deck":["AscendersBane","Bash","Seeing Red+1","Clash+1","Flame Barrier+1","Headbutt","Dual Wield+1","Warcry","Immolate","Shockwave+1","Double Tap+1","Offering+1","Iron Wave","Whirlwind","Flame Barrier","Second Wind+1","True Grit+1","Armaments+1","Reaper","Pummel+1","Barricade","Ghostly Armor","Havoc+1","Rupture+1","Berserk","Evolve","Demon Form"],"special_seed":0,"relics":["Burning Blood","NeowsBlessing","Golden Idol","PreservedInsect","Pear","Pantograph","Pandora\u0027s Box","War Paint","Matryoshka","ClockworkSouvenir","Ornamental Fan","Sozu","Turnip","Question Card","Mummified Hand","Red Skull","Regal Pillow","Dream Catcher","Ancient Tea Set","Du-Vu Doll"],"potions_floor_usage":[],"damage_taken":[{"damage":0.0,"enemies":"Small Slimes","floor":1.0,"turns":1.0},{"damage":0.0,"enemies":"2 Louse","floor":5.0,"turns":2.0},{"damage":0.0,"enemies":"Gremlin Nob","floor":7.0,"turns":1.0},{"damage":18.0,"enemies":"Lagavulin","floor":10.0,"turns":6.0},{"damage":7.0,"enemies":"Jaw Worm","floor":11.0,"turns":5.0},{"damage":10.0,"enemies":"3 Sentries","floor":12.0,"turns":5.0},{"damage":10.0,"enemies":"Looter","floor":14.0,"turns":4.0},{"damage":42.0,"enemies":"The Guardian","floor":16.0,"turns":7.0},{"damage":6.0,"enemies":"Spheric Guardian","floor":18.0,"turns":3.0},{"damage":25.0,"enemies":"Shell Parasite","floor":20.0,"turns":5.0},{"damage":6.0,"enemies":"Shelled Parasite and Fungi","floor":21.0,"turns":2.0},{"damage":6.0,"enemies":"Centurion and Healer","floor":22.0,"turns":5.0},{"damage":22.0,"enemies":"Slavers","floor":24.0,"turns":3.0},{"damage":6.0,"enemies":"3 Cultists","floor":28.0,"turns":3.0},{"damage":8.0,"enemies":"Snake Plant","floor":30.0,"turns":5.0},{"damage":7.0,"enemies":"Book of Stabbing","floor":31.0,"turns":4.0},{"damage":47.0,"enemies":"Collector","floor":33.0,"turns":6.0},{"damage":10.0,"enemies":"3 Shapes","floor":35.0,"turns":6.0},{"damage":29.0,"enemies":"3 Darklings","floor":36.0,"turns":4.0},{"damage":74.0,"enemies":"2 Orb Walkers","floor":37.0,"turns":7.0},{"damage":17.0,"enemies":"Giant Head","floor":41.0,"turns":7.0},{"damage":20.0,"enemies":"Nemesis","floor":44.0,"turns":7.0},{"damage":6.0,"enemies":"Jaw Worm Horde","floor":46.0,"turns":2.0},{"damage":18.0,"enemies":"Spire Growth","floor":47.0,"turns":6.0},{"damage":161.0,"enemies":"Reptomancer","floor":48.0,"turns":9.0},{"damage":98,"enemies":"Awakened One","floor":50,"turns":9}],"seed_played":"-2077071797872779105","potions_obtained":[{"floor":5.0,"key":"Energy Potion"},{"floor":11.0,"key":"Regen Potion"},{"floor":14.0,"key":"SkillPotion"},{"floor":16.0,"key":"Weak Potion"},{"floor":20.0,"key":"Weak Potion"},{"floor":24.0,"key":"SkillPotion"},{"floor":28.0,"key":"PowerPotion"}],"is_trial":false,"path_per_floor":["M","?","?","?","M","R","E","R","T","E","M","E","?","M","R","B",null,"M","?","M","M","M","R","E","R","T","$","M","$","M","E","R","B",null,"M","M","?","?","T","R","E","R","T","E","?","M","M","E","R","B"],"character_chosen":"IRONCLAD","items_purchased":["ClockworkSouvenir","Reaper"],"campfire_rested":4,"item_purchase_floors":[27,29],"current_hp_per_floor":[74,51,25,18,24,24,30,52,52,50,49,45,45,41,41,30,71,71,71,52,52,66,66,50,50,50,50,50,50,57,56,56,50,76,81,74,12,12,12,37,55,80,80,78,78,78,69,14,53,0],"gold":399,"neow_bonus":"THREE_ENEMY_KILL","is_prod":false,"is_daily":false,"chose_seed":false,"campfire_upgraded":4,"win_rate":0,"timestamp":1548863625,"path_taken":["M","?","?","?","M","R","E","R","T","E","?","E","?","M","R","BOSS","M","?","M","?","M","R","E","R","T","$","M","$","M","E","R","BOSS","M","M","?","?","?","R","E","R","T","E","?","M","M","E","R","BOSS"],"build_version":"2019-01-23","purchased_purges":2,"victory":false,"max_hp_per_floor":[75,75,75,75,75,75,75,75,75,85,85,85,85,85,85,85,85,85,85,85,85,85,85,85,85,85,85,85,85,85,85,85,85,85,85,85,85,85,85,85,85,85,85,85,81,81,81,81,81,81],"card_choices":[{"not_picked":["Cleave","Warcry"],"picked":"Seeing Red","floor":1.0},{"not_picked":["Dual Wield","Reckless Charge"],"picked":"Clash","floor":5.0},{"not_picked":["Exhume","Thunderclap"],"picked":"Flame Barrier","floor":7.0},{"not_picked":["Spot Weakness","Rupture"],"picked":"Headbutt","floor":10.0},{"not_picked":["Perfected Strike","Flex"],"picked":"Dual Wield","floor":11.0},{"not_picked":["Thunderclap","Spot Weakness"],"picked":"Warcry","floor":12.0},{"not_picked":["Wild Strike","Whirlwind","Pummel"],"picked":"SKIP","floor":14.0},{"not_picked":["Bludgeon","Impervious"],"picked":"Immolate","floor":16.0},{"not_picked":["Cleave","Searing Blow"],"picked":"Second Wind","floor":18.0},{"not_picked":["Clothesline","Corruption+1"],"picked":"True Grit+1","floor":20.0},{"not_picked":["Disarm","True Grit","Havoc"],"picked":"SKIP","floor":21.0},{"not_picked":["Cleave","Heavy Blade"],"picked":"Armaments","floor":22.0},{"not_picked":["Rampage","Carnage","Flame Barrier"],"picked":"SKIP","floor":24.0},{"not_picked":["Reckless Charge","Sword Boomerang","Bloodletting"],"picked":"SKIP","floor":28.0},{"not_picked":["Combust","Reckless Charge"],"picked":"Pummel+1","floor":30.0},{"not_picked":["Carnage","Double Tap","Intimidate"],"picked":"SKIP","floor":31.0},{"not_picked":["Exhume","Reaper"],"picked":"Barricade","floor":33.0},{"not_picked":["Iron Wave","Headbutt"],"picked":"Ghostly Armor","floor":35.0},{"not_picked":["Wild Strike","Headbutt","Infernal Blade+1"],"picked":"SKIP","floor":36.0},{"not_picked":["Headbutt+1","Brutality"],"picked":"Havoc+1","floor":37.0},{"not_picked":["Intimidate","Bloodletting","Clothesline"],"picked":"Rupture+1","floor":41.0},{"not_picked":["Intimidate","Infernal Blade+1","Headbutt"],"picked":"Berserk","floor":44.0},{"not_picked":["Perfected Strike+1","Carnage","Heavy Blade","Whirlwind"],"picked":"SKIP","floor":46.0},{"not_picked":["Wild Strike+1","True Grit","Iron Wave+1"],"picked":"Evolve","floor":47.0},{"not_picked":["Armaments+1","Reckless Charge","Perfected Strike"],"picked":"Demon Form","floor":48.0}],"player_experience":4173196,"relics_obtained":[{"floor":7.0,"key":"PreservedInsect"},{"floor":10.0,"key":"Pear"},{"floor":12.0,"key":"Pantograph"},{"floor":24.0,"key":"War Paint"},{"floor":26.0,"key":"Matryoshka"},{"floor":31.0,"key":"Ornamental Fan"},{"floor":37.0,"key":"Turnip"},{"floor":39.0,"key":"Question Card"},{"floor":39.0,"key":"Mummified Hand"},{"floor":41.0,"key":"Red Skull"},{"floor":43.0,"key":"Regal Pillow"},{"floor":43.0,"key":"Dream Catcher"},{"floor":44.0,"key":"Ancient Tea Set"},{"floor":48.0,"key":"Du-Vu Doll"}],"event_choices":[{"damage_healed":0.0,"max_hp_gain":0.0,"max_hp_loss":0.0,"gold_gain":0.0,"event_name":"Shining Light","player_choice":"Entered Light","floor":2.0,"gold_loss":0.0,"damage_taken":23.0,"cards_upgraded":["Strike_R","Seeing Red"]},{"damage_healed":0.0,"max_hp_gain":0.0,"max_hp_loss":0.0,"gold_gain":0.0,"event_name":"Golden Idol","player_choice":"Take Damage","floor":3.0,"gold_loss":0.0,"damage_taken":26.0,"relics_obtained":["Golden Idol"]},{"cards_removed":["Strike_R"],"damage_healed":0.0,"max_hp_gain":0.0,"max_hp_loss":0.0,"gold_gain":0.0,"event_name":"Golden Wing","player_choice":"Card Removal","floor":4.0,"gold_loss":0.0,"damage_taken":7.0},{"damage_healed":0.0,"max_hp_gain":0.0,"max_hp_loss":0.0,"gold_gain":0.0,"event_name":"Upgrade Shrine","player_choice":"Upgraded","floor":13.0,"gold_loss":0.0,"damage_taken":0.0,"cards_upgraded":["Dual Wield"]},{"damage_healed":0.0,"max_hp_gain":0.0,"max_hp_loss":0.0,"gold_gain":0.0,"event_name":"Upgrade Shrine","player_choice":"Upgraded","floor":19.0,"gold_loss":0.0,"damage_taken":0.0,"cards_upgraded":["Offering"]},{"damage_healed":0.0,"max_hp_gain":0.0,"max_hp_loss":0.0,"gold_gain":0.0,"event_name":"Mysterious Sphere","player_choice":"Fight","floor":37.0,"gold_loss":0.0,"damage_taken":0.0},{"damage_healed":0.0,"max_hp_gain":0.0,"max_hp_loss":0.0,"gold_gain":0.0,"event_name":"Tomb of Lord Red Mask","player_choice":"Ignored","floor":38.0,"gold_loss":0.0,"damage_taken":0.0},{"damage_healed":0.0,"max_hp_gain":0.0,"max_hp_loss":4.0,"gold_gain":0.0,"event_name":"Winding Halls","player_choice":"Max HP","floor":45.0,"gold_loss":0.0,"damage_taken":0.0}],"is_beta":false,"boss_relics":[{"not_picked":["Black Blood","Coffee Dripper"],"picked":"Pandora\u0027s Box"},{"not_picked":["Tiny House","Black Star"],"picked":"Sozu"}],"items_purged_floors":[27,29],"is_endless":false,"potions_floor_spawned":[5,11,14,16,20,21,24,28,35,37,46,47,48],"killed_by":"Awakened One","ascension_level":20}