{"gold_per_floor":[118,132,152,152,162,192,192,227,227,227,243,243,256,287,287,361,361,373,373,383,383,24,24,50,50,50,77,92,122,122,133,133,204,204,219,234,234,234,252,279,279,296,322,350,365,147,172,72,72,72,72,72,72,15,48,48],"floor_reached":57,"playtime":2998,"items_purged":["Strike_B","Zap"],"score":2915,"play_id":"2fcb36f2-81c1-4223-acb2-0ec053d716c9","local_time":"20190212022340","is_ascension_mode":true,"campfire_choices":[{"floor":7.0,"key":"REST"},{"floor":10.0,"key":"REST"},{"data":"Hologram","floor":12.0,"key":"SMITH"},{"data":"Biased Cognition","floor":15.0,"key":"SMITH"},{"floor":23.0,"key":"REST"},{"floor":30,"key":"REST"},{"floor":32,"key":"REST"},{"floor":41,"key":"REST"},{"floor":49,"key":"RECALL"},{"data":"Defend_B","floor":53,"key":"PURGE"}],"neow_cost":"NONE","seed_source_timestamp":1061252802725500,"circlet_count":0,"master_deck":["AscendersBane","Defend_B","Defend_B","Dualcast","Hologram+1","Ball Lightning","Gash+1","Rip and Tear+1","Gash","Electrodynamics","Gash","Undo","Biased Cognition+1","All For One","Conserve Battery+1","Conserve Battery","Creative AI","Reprogram","Undo","Echo Form","Skim+1","Conserve Battery+1","Self Repair","Force Field+1","Coolheaded","Cold Snap"],"special_seed":0,"relics":["Cracked Core","Bronze Scales","Oddly Smooth Stone","Strawberry","Mummified Hand","Black Star","ClockworkSouvenir","Omamori","Lantern","Torii","Peace Pipe","Kunai","Anchor","Nunchaku","Fusion Hammer","Gambling Chip","Ginger","Dodecahedron","Potion Belt","OrangePellets","DataDisk","Whetstone","Art of War","Blue Candle"],"potions_floor_usage":[29,29,33,47,55,56,56],"damage_taken":[{"damage":5.0,"enemies":"2 Louse","floor":1.0,"turns":2.0},{"damage":4.0,"enemies":"Small Slimes","floor":2.0,"turns":4.0},{"damage":0.0,"enemies":"Jaw Worm","floor":3.0,"turns":3.0},{"damage":12.0,"enemies":"3 Louse","floor":5.0,"turns":3.0},{"damage":19.0,"enemies":"3 Sentries","floor":6.0,"turns":7.0},{"damage":8.0,"enemies":"Gremlin Nob","floor":8.0,"turns":3.0},{"damage":5.0,"enemies":"Exordium Thugs","floor":11.0,"turns":3.0},{"damage":22.0,"enemies":"Exordium Wildlife","floor":13.0,"turns":2.0},{"damage":8.0,"enemies":"Lagavulin","floor":14.0,"turns":6.0},{"damage":0.0,"enemies":"Slime Boss","floor":16.0,"turns":4.0},{"damage":16.0,"enemies":"Shell Parasite","floor":18.0,"turns":4.0},{"damage":0.0,"enemies":"3 Byrds","floor":20.0,"turns":2.0},{"damage":8.0,"enemies":"Gremlin Leader","floor":24.0,"turns":4.0},{"damage":17.0,"enemies":"Slavers","floor":27.0,"turns":4.0},{"damage":20.0,"enemies":"3 Cultists","floor":28.0,"turns":4.0},{"damage":1,"enemies":"Book of Stabbing","floor":29,"turns":4},{"damage":0,"enemies":"Centurion and Healer","floor":31,"turns":5},{"damage":29,"enemies":"Collector","floor":33,"turns":7},{"damage":1,"enemies":"3 Darklings","floor":35,"turns":2},{"damage":1,"enemies":"Orb Walker","floor":36,"turns":3},{"damage":10,"enemies":"4 Shapes","floor":39,"turns":5},{"damage":14,"enemies":"Nemesis","floor":40,"turns":7},{"damage":1,"enemies":"Sphere and 2 Shapes","floor":42,"turns":3},{"damage":0,"enemies":"Giant Head","floor":44,"turns":5},{"damage":22,"enemies":"Spire Growth","floor":45,"turns":6},{"damage":15,"enemies":"Nemesis","floor":47,"turns":7},{"damage":44,"enemies":"Time Eater","floor":50,"turns":15},{"damage":11,"enemies":"Donu and Deca","floor":51,"turns":8},{"damage":16,"enemies":"Shield and Spear","floor":55,"turns":6},{"damage":16,"enemies":"The Heart","floor":56,"turns":9}],"seed_played":"-6101990091314343960","potions_obtained":[{"floor":2.0,"key":"LiquidBronze"},{"floor":3.0,"key":"SkillPotion"},{"floor":14.0,"key":"Swift Potion"},{"floor":16.0,"key":"Weak Potion"},{"floor":27.0,"key":"SpeedPotion"},{"floor":28.0,"key":"Swift Potion"},{"floor":31,"key":"Weak Potion"},{"floor":36,"key":"Poison Potion"},{"floor":39,"key":"FearPotion"},{"floor":44,"key":"GamblersBrew"},{"floor":47,"key":"Fire Potion"}],"is_trial":false,"path_per_floor":["M","M","M","?","M","E","R","E","T","R","M","R","M","E","R","B",null,"M","?","M","?","$","R","E","?","T","E","M","E","R","M","R","B",null,"M","M","?","?","M","E","R","M","T","E","M","$","E","$","R","B","B",null,"R","$","E","B",null],"character_chosen":"DEFECT","items_purchased":["ClockworkSouvenir","Fire Potion","OrangePellets","Dexterity Potion"],"campfire_rested":6,"item_purchase_floors":[22,22,46,54],"current_hp_per_floor":[59,55,55,48,36,17,38,30,37,60,55,55,33,25,25,25,65,49,27,27,27,27,51,43,43,43,26,6,5,29,29,53,24,68,67,66,66,66,56,42,66,79,79,83,68,68,67,67,67,37,40,72,72,72,63,54],"gold":48,"neow_bonus":"TRANSFORM_CARD","is_prod":false,"is_daily":false,"chose_seed":false,"campfire_upgraded":2,"win_rate":0,"timestamp":1549905820,"path_taken":["M","M","M","?","M","E","R","E","T","R","M","R","M","E","R","BOSS","M","?","M","?","?","R","E","?","T","E","M","E","R","M","R","BOSS","M","M","?","?","?","E","R","M","T","E","M","?","E","$","R","BOSS","BOSS","R","$","E","BOSS"],"build_version":"2019-01-23","purchased_purges":2,"victory":true,"max_hp_per_floor":[71,71,71,71,71,71,71,71,78,78,78,78,78,78,78,78,78,78,83,83,83,83,83,83,83,83,83,83,83,83,83,83,83,83,83,83,83,83,83,83,83,83,83,83,83,83,83,83,83,83,83,83,83,83,83,83],"card_choices":[{"not_picked":["Hologram","Stack"],"picked":"Ball Lightning","floor":1.0},{"not_picked":["Hello World","Redo"],"picked":"Gash","floor":2.0},{"not_picked":["Undo","Streamline"],"picked":"Rip and Tear","floor":3.0},{"not_picked":["Streamline","Steam"],"picked":"Gash","floor":5.0},{"not_picked":["Hologram","Coolheaded"],"picked":"Electrodynamics","floor":6.0},{"not_picked":["Genetic Algorithm","Sweeping Beam"],"picked":"Gash","floor":8.0},{"not_picked":["Chaos","Compile Driver"],"picked":"Undo","floor":11.0},{"not_picked":["Barrage","Meteor Strike","Rebound"],"picked":"SKIP","floor":13.0},{"not_picked":["Leap","Consume"],"picked":"Biased Cognition","floor":14.0},{"not_picked":["Biased Cognition","Hyperbeam"],"picked":"All For One","floor":16.0},{"not_picked":["Turbo","Rip and Tear+1"],"picked":"Conserve Battery+1","floor":18.0},{"not_picked":["Barrage","Sweeping Beam","Conserve Battery"],"picked":"SKIP","floor":20.0},{"not_picked":["Barrage","Sweeping Beam","Conserve Battery"],"picked":"SKIP","floor":20.0},{"not_picked":["Barrage","Sweeping Beam"],"picked":"Conserve Battery","floor":20.0},{"not_picked":["Redo","Ball Lightning"],"picked":"Undo","floor":24.0},{"not_picked":["Defragment","Doom and Gloom","Beam Cell"],"picked":"SKIP","floor":27.0},{"not_picked":["Lockon","Storm","Rebound+1"],"picked":"SKIP","floor":28.0},{"not_picked":["Sweeping Beam","Barrage"],"picked":"Echo Form","floor":29},{"not_picked":["Beam Cell","Rebound"],"picked":"Skim+1","floor":31},{"not_picked":["Heatsinks","Barrage","Beam Cell"],"picked":"SKIP","floor":35},{"not_picked":["Darkness+1","Redo"],"picked":"Conserve Battery+1","floor":36},{"not_picked":["Conserve Battery","Steam+1","Sunder"],"picked":"SKIP","floor":39},{"not_picked":["Go for the Eyes","FTL+1"],"picked":"Self Repair","floor":40},{"not_picked":["Recycle","Conserve Battery"],"picked":"Force Field+1","floor":42},{"not_picked":["BootSequence","Static Discharge","Turbo"],"picked":"SKIP","floor":44},{"not_picked":["Chaos","Static Discharge+1"],"picked":"Coolheaded","floor":45},{"not_picked":["Machine Learning","Beam Cell"],"picked":"Cold Snap","floor":47},{"not_picked":["Double Energy","Buffer","Gash"],"picked":"SKIP","floor":55}],"player_experience":4265820,"relics_obtained":[{"floor":6.0,"key":"Bronze Scales"},{"floor":8.0,"key":"Oddly Smooth Stone"},{"floor":9.0,"key":"Strawberry"},{"floor":14.0,"key":"Mummified Hand"},{"floor":24.0,"key":"Omamori"},{"floor":24.0,"key":"Lantern"},{"floor":26.0,"key":"Torii"},{"floor":27.0,"key":"Peace Pipe"},{"floor":27.0,"key":"Kunai"},{"floor":29,"key":"Anchor"},{"floor":29,"key":"Nunchaku"},{"floor":40,"key":"Gambling Chip"},{"floor":40,"key":"Ginger"},{"floor":44,"key":"Dodecahedron"},{"floor":44,"key":"Potion Belt"},{"floor":47,"key":"DataDisk"},{"floor":47,"key":"Whetstone"},{"floor":55,"key":"Art of War"},{"floor":55,"key":"Blue Candle"}],"event_choices":[{"cards_removed":["Strike_B"],"damage_healed":0.0,"max_hp_gain":0.0,"max_hp_loss":0.0,"gold_gain":0.0,"event_name":"Golden Wing","player_choice":"Card Removal","floor":4.0,"gold_loss":0.0,"damage_taken":7.0},{"damage_healed":0.0,"max_hp_gain":5.0,"max_hp_loss":0.0,"gold_gain":0.0,"event_name":"Forgotten Altar","player_choice":"Shed Blood","floor":19.0,"gold_loss":0.0,"damage_taken":27.0},{"damage_healed":0.0,"max_hp_gain":0.0,"max_hp_loss":0.0,"gold_gain":0.0,"cards_transformed":["Defend_B","Strike_B"],"event_name":"Drug Dealer","player_choice":"Became Test Subject","floor":21.0,"gold_loss":0.0,"damage_taken":0.0,"cards_obtained":["Creative AI","Reprogram"]},{"damage_healed":0.0,"max_hp_gain":0.0,"max_hp_loss":0.0,"gold_gain":0.0,"event_name":"N\u0027loth","player_choice":"Ignored","floor":25.0,"gold_loss":0.0,"damage_taken":0.0},{"damage_healed":0,"gold_gain":0,"player_choice":"Ignored","damage_taken":0,"max_hp_gain":0,"max_hp_loss":0,"event_name":"Mysterious Sphere","floor":37,"gold_loss":0},{"damage_healed":0,"gold_gain":0,"player_choice":"Memory 1","damage_taken":0,"max_hp_gain":0,"max_hp_loss":0,"event_name":"SensoryStone","floor":38,"gold_loss":0}],"is_beta":false,"boss_relics":[{"not_picked":["Coffee Dripper","White Beast Statue"],"picked":"Black Star"},{"not_picked":["Pandora\u0027s Box","Sozu"],"picked":"Fusion Hammer"}],"items_purged_floors":[22,48],"is_endless":false,"potions_floor_spawned":[2,3,14,16,27,28,31,36,39,44,47],"ascension_level":20}