{"gold_per_floor":[118,118,136,150,169,169,207,207,207,207],"floor_reached":10,"playtime":480,"items_purged":[],"score":126,"play_id":"62e0be83-6e0d-4b24-9c78-b28396eb6b4d","local_time":"20190314225736","is_ascension_mode":true,"campfire_choices":[{"floor":6,"key":"REST"},{"floor":8,"key":"REST"}],"neow_cost":"NONE","seed_source_timestamp":4024978679043,"circlet_count":0,"master_deck":["AscendersBane","Strike_R","Strike_R","Strike_R","Strike_R","Strike_R","Defend_R","Defend_R","Defend_R","Defend_R","Bash","Corruption","Injury","Battle Trance","Pummel","Intimidate"],"relics":["Velvet Choker","Golden Idol","Bottled Lightning","Torii"],"potions_floor_usage":[7,7],"damage_taken":[{"damage":9,"enemies":"2 Louse","floor":1,"turns":2},{"damage":10,"enemies":"Small Slimes","floor":3,"turns":4},{"damage":14,"enemies":"Jaw Worm","floor":4,"turns":4},{"damage":6,"enemies":"Blue Slaver","floor":5,"turns":3},{"damage":32,"enemies":"Gremlin Nob","floor":7,"turns":4},{"damage":58,"enemies":"Lagavulin","floor":10,"turns":6}],"seed_played":"6245699640869540851","potions_obtained":[{"floor":1,"key":"Strength Potion"},{"floor":5,"key":"Regen Potion"},{"floor":7,"key":"Explosive Potion"}],"is_trial":false,"path_per_floor":["M","?","M","M","M","R","E","R","T","E"],"character_chosen":"IRONCLAD","items_purchased":[],"campfire_rested":2,"item_purchase_floors":[],"current_hp_per_floor":[59,59,49,35,29,51,31,53,53,0],"gold":207,"neow_bonus":"BOSS_RELIC","is_prod":false,"is_daily":false,"chose_seed":false,"campfire_upgraded":0,"win_rate":0,"timestamp":1552571856,"path_taken":["M","?","M","M","M","R","E","R","T","E"],"build_version":"2019-01-23","purchased_purges":0,"victory":false,"max_hp_per_floor":[75,75,75,75,75,75,75,75,75,75],"card_choices":[{"not_picked":["Pommel Strike","Armaments"],"picked":"Corruption","floor":1},{"not_picked":["Body Slam","Cleave","Blood for Blood"],"picked":"SKIP","floor":3},{"not_picked":["Thunderclap","True Grit"],"picked":"Battle Trance","floor":4},{"not_picked":["Pommel Strike","Uppercut"],"picked":"Pummel","floor":5},{"not_picked":["Combust","Hemokinesis"],"picked":"Intimidate","floor":7}],"player_experience":324762,"relics_obtained":[{"floor":7,"key":"Bottled Lightning"},{"floor":9,"key":"Torii"}],"event_choices":[{"damage_healed":0,"gold_gain":0,"player_choice":"Take Wound","damage_taken":0,"relics_obtained":["Golden Idol"],"max_hp_gain":0,"max_hp_loss":0,"event_name":"Golden Idol","floor":2,"gold_loss":0,"cards_obtained":["Injury"]}],"is_beta":false,"boss_relics":[],"items_purged_floors":[],"is_endless":false,"potions_floor_spawned":[1,5,7],"killed_by":"Lagavulin","ascension_level":17}