{"gold_per_floor":[114,127,139,139,151,151,76,76,127,127,162,175,175],"floor_reached":13,"playtime":375,"items_purged":["Strike_B"],"score":170,"play_id":"2ed71e66-ce72-41b1-912e-d1c512bba425","local_time":"20190221024234","is_ascension_mode":true,"campfire_choices":[{"data":"Dualcast","floor":6,"key":"SMITH"},{"data":"Go for the Eyes","floor":8,"key":"SMITH"},{"data":"Scrape","floor":10,"key":"SMITH"}],"neow_cost":"TEN_PERCENT_HP_LOSS","seed_source_timestamp":563450421768800,"circlet_count":0,"master_deck":["AscendersBane","Strike_B","Strike_B","Defend_B","Defend_B","Defend_B","Zap+1","Dualcast+1","Steam","BootSequence","Barrage","Cold Snap","Scrape+1","Go for the Eyes+1","Capacitor"],"relics":["Cracked Core","Juzu Bracelet","Centennial Puzzle"],"potions_floor_usage":[11],"damage_taken":[{"damage":3,"enemies":"2 Louse","floor":1,"turns":3},{"damage":0,"enemies":"Cultist","floor":2,"turns":3},{"damage":0,"enemies":"Small Slimes","floor":3,"turns":3},{"damage":8,"enemies":"Gremlin Gang","floor":5,"turns":6},{"damage":17,"enemies":"3 Sentries","floor":11,"turns":7},{"damage":0,"enemies":"2 Fungi Beasts","floor":12,"turns":2},{"damage":42,"enemies":"Lagavulin Event","floor":13,"turns":6}],"seed_played":"-4031988920783983389","potions_obtained":[{"floor":2,"key":"LiquidBronze"},{"floor":3,"key":"EssenceOfSteel"}],"is_trial":false,"path_per_floor":["M","M","M","?","M","R","$","R","T","R","E","M","?"],"character_chosen":"DEFECT","items_purchased":[],"campfire_rested":0,"item_purchase_floors":[],"current_hp_per_floor":[61,61,61,61,53,53,53,53,53,53,36,36,0],"gold":175,"neow_bonus":"TRANSFORM_TWO_CARDS","is_prod":false,"is_daily":false,"chose_seed":false,"campfire_upgraded":3,"win_rate":0,"timestamp":1550684554,"path_taken":["M","M","M","?","M","R","$","R","T","R","E","M","?"],"build_version":"2019-01-23","purchased_purges":1,"victory":false,"max_hp_per_floor":[64,64,64,64,64,64,64,64,64,64,64,64,64],"card_choices":[{"not_picked":["Steam","Compile Driver"],"picked":"Barrage","floor":1},{"not_picked":["Stack","Go for the Eyes"],"picked":"Cold Snap","floor":2},{"not_picked":["Conserve Battery","Streamline"],"picked":"Scrape","floor":3},{"not_picked":["Reprogram","Streamline"],"picked":"Go for the Eyes","floor":5},{"not_picked":["Fusion","Chaos","Compile Driver"],"picked":"SKIP","floor":11},{"not_picked":["Fusion","Chaos","Compile Driver"],"picked":"SKIP","floor":11},{"not_picked":["Leap","Core Surge"],"picked":"Capacitor","floor":12}],"player_experience":4367668,"relics_obtained":[{"floor":9,"key":"Juzu Bracelet"},{"floor":11,"key":"Centennial Puzzle"}],"event_choices":[{"damage_healed":0,"gold_gain":0,"player_choice":"Upgraded","damage_taken":0,"max_hp_gain":0,"max_hp_loss":0,"event_name":"Upgrade Shrine","floor":4,"gold_loss":0,"cards_upgraded":["Zap"]},{"damage_healed":0,"gold_gain":0,"player_choice":"Searched \u00271\u0027 times","damage_taken":0,"max_hp_gain":0,"max_hp_loss":0,"event_name":"Dead Adventurer","floor":13,"gold_loss":0}],"is_beta":false,"boss_relics":[],"items_purged_floors":[7],"is_endless":false,"potions_floor_spawned":[2,3],"killed_by":"Lagavulin Event","ascension_level":20}