{"gold_per_floor":[142,160,160,45,64,64,64,64,91,91,118,118],"floor_reached":12,"playtime":329,"items_purged":["Doubt"],"score":152,"play_id":"371f24f3-000a-478a-9aa9-903de22fab03","local_time":"20190228232117","is_ascension_mode":true,"campfire_choices":[{"data":"Choke","floor":6,"key":"SMITH"},{"data":"Body Slam","floor":8,"key":"SMITH"},{"data":"Metamorphosis","floor":10,"key":"SMITH"}],"neow_cost":"","seed_source_timestamp":0,"circlet_count":0,"master_deck":["AscendersBane","Strike_B","Strike_B","Strike_B+1","Strike_B","Defend_B","Defend_B","Defend_B+1","Defend_B","Zap","Dualcast","Clumsy","Writhe","Body Slam+1","Metamorphosis+1","Recycle","Choke+1"],"relics":["Cracked Core","PrismaticShard","Calling Bell","Sundial","Gambling Chip","Tiny Chest","Bird Faced Urn","Happy Flower","Juzu Bracelet"],"potions_floor_usage":[11],"damage_taken":[{"damage":8,"enemies":"Cultist","floor":1,"turns":5},{"damage":0,"enemies":"2 Louse","floor":2,"turns":1},{"damage":0,"enemies":"Jaw Worm","floor":5,"turns":3},{"damage":27,"enemies":"Gremlin Nob","floor":11,"turns":4},{"damage":14,"enemies":"Large Slime","floor":12,"turns":4}],"seed_played":"-4836085498302076814","potions_obtained":[{"floor":1,"key":"Weak Potion"}],"is_trial":true,"path_per_floor":["M","M","?","$","M","R","T","R","T","R","E","M"],"character_chosen":"DEFECT","items_purchased":["Recycle"],"campfire_rested":0,"item_purchase_floors":[4],"current_hp_per_floor":[56,56,35,35,35,35,35,35,35,35,8,0],"gold":118,"neow_bonus":"","is_prod":false,"is_daily":false,"chose_seed":false,"campfire_upgraded":3,"win_rate":0,"timestamp":1551363677,"path_taken":["M","?","?","$","M","R","?","R","T","R","E","M"],"build_version":"2019-01-23","purchased_purges":1,"victory":false,"max_hp_per_floor":[71,71,71,71,71,71,71,71,71,71,71,71],"card_choices":[{"not_picked":["Rage","Leap"],"picked":"Body Slam","floor":1},{"not_picked":["Coolheaded","Cold Snap"],"picked":"Metamorphosis","floor":2},{"not_picked":["Fire Breathing","Cold Snap"],"picked":"Choke","floor":5},{"not_picked":["Redo","Flame Barrier","Metamorphosis"],"picked":"SKIP","floor":11}],"player_experience":4425388,"relics_obtained":[{"floor":0,"key":"Sundial"},{"floor":0,"key":"Gambling Chip"},{"floor":0,"key":"Tiny Chest"},{"floor":7,"key":"Bird Faced Urn"},{"floor":9,"key":"Happy Flower"},{"floor":11,"key":"Juzu Bracelet"}],"event_choices":[{"damage_healed":0,"gold_gain":0,"player_choice":"Entered Light","damage_taken":21,"max_hp_gain":0,"max_hp_loss":0,"event_name":"Shining Light","floor":3,"gold_loss":0,"cards_upgraded":["Strike_B","Defend_B"]}],"is_beta":false,"boss_relics":[],"items_purged_floors":[4],"is_endless":false,"potions_floor_spawned":[1],"killed_by":"Large Slime","ascension_level":20}