{"gold_per_floor":[115,190,203,215,231,256,256,291,291,291,291,291,307,307,307,384,384,401,401,83,83,95,95,115,130,177,177],"floor_reached":27,"playtime":608,"items_purged":["Shame"],"score":571,"play_id":"d789d9f1-95cd-4625-968b-436f727ff833","local_time":"20190114005001","is_ascension_mode":true,"campfire_choices":[{"floor":7,"key":"REST"},{"data":"Perfected Strike","floor":10,"key":"SMITH"},{"data":"Evolve","floor":12,"key":"SMITH"},{"data":"Bash","floor":15,"key":"SMITH"},{"floor":23,"key":"REST"}],"neow_cost":"NONE","seed_source_timestamp":284424138716860,"circlet_count":0,"master_deck":["AscendersBane","Strike_R","Strike_R","Strike_R","Strike_R","Strike_R","Defend_R","Bash+1","Perfected Strike+1","Twin Strike","Bludgeon","Power Through","Wild Strike","Evolve+1","Bludgeon","Decay","Clumsy","Seeing Red","Thunderclap","Infernal Blade","Dark Shackles","Shrug It Off","Seeing Red"],"relics":["Burning Blood","Paper Frog","Singing Bowl","Darkstone Periapt","Calling Bell","Anchor","The Courier","Torii","Juzu Bracelet","Happy Flower"],"potions_floor_usage":[16,16,21],"damage_taken":[{"damage":7,"enemies":"Small Slimes","floor":1,"turns":3},{"damage":7,"enemies":"Jaw Worm","floor":3,"turns":3},{"damage":13,"enemies":"2 Louse","floor":4,"turns":2},{"damage":14,"enemies":"Blue Slaver","floor":5,"turns":4},{"damage":21,"enemies":"Gremlin Nob","floor":6,"turns":4},{"damage":25,"enemies":"3 Sentries","floor":8,"turns":9},{"damage":6,"enemies":"Looter","floor":13,"turns":2},{"damage":0,"enemies":"Slime Boss","floor":16,"turns":4},{"damage":44,"enemies":"Shell Parasite","floor":18,"turns":5},{"damage":36,"enemies":"Colosseum Slavers","floor":21,"turns":5},{"damage":11,"enemies":"Spheric Guardian","floor":22,"turns":3},{"damage":2,"enemies":"Centurion and Healer","floor":24,"turns":6},{"damage":48,"enemies":"Shelled Parasite and Fungi","floor":25,"turns":7},{"damage":0,"enemies":"Slavers","floor":27,"turns":1}],"seed_played":"-9124589709769100770","potions_obtained":[{"floor":4,"key":"LiquidBronze"},{"floor":8,"key":"Energy Potion"},{"floor":13,"key":"Energy Potion"}],"is_trial":false,"path_per_floor":["M","?","M","M","M","E","R","E","T","R","?","R","M","?","R","B",null,"M","?","$","?","M","R","M","M","T","E"],"character_chosen":"IRONCLAD","items_purchased":["Juzu Bracelet","Dark Shackles","SkillPotion"],"campfire_rested":2,"item_purchase_floors":[20,20,20],"current_hp_per_floor":[67,56,55,48,40,25,47,28,28,28,33,33,35,28,28,34,88,50,50,50,20,15,45,49,9,9,9],"gold":177,"neow_bonus":"THREE_CARDS","is_prod":false,"is_daily":false,"chose_seed":false,"campfire_upgraded":3,"win_rate":0,"timestamp":1547394601,"path_taken":["M","?","M","M","M","E","R","E","T","R","?","R","?","?","R","BOSS","M","?","$","?","M","R","M","M","T","E"],"build_version":"2019-01-10","purchased_purges":1,"victory":false,"max_hp_per_floor":[75,75,75,75,75,75,75,75,75,75,80,80,82,82,82,82,100,100,100,100,100,100,100,100,102,102,102],"card_choices":[{"not_picked":["Warcry","Burning Pact"],"picked":"Perfected Strike","floor":0},{"not_picked":["Clothesline","Fire Breathing"],"picked":"Twin Strike","floor":1},{"not_picked":["Burning Pact","Thunderclap","Sword Boomerang"],"picked":"SKIP","floor":3},{"not_picked":["Bloodletting","Wild Strike"],"picked":"Bludgeon","floor":4},{"not_picked":["Inflame","Shrug It Off"],"picked":"Power Through","floor":5},{"not_picked":["Sword Boomerang","Clash"],"picked":"Wild Strike","floor":6},{"not_picked":["Uppercut","Sever Soul"],"picked":"Evolve","floor":8},{"not_picked":["Warcry","Hemokinesis","Cleave"],"picked":"Singing Bowl","floor":13},{"not_picked":["Feed","Immolate"],"picked":"Bludgeon","floor":16},{"not_picked":["Havoc","Intimidate"],"picked":"Seeing Red","floor":18},{"not_picked":["Thunderclap","Wild Strike+1"],"picked":"Shrug It Off","floor":22},{"not_picked":["Flex","Reckless Charge"],"picked":"Seeing Red","floor":24},{"not_picked":["Flex","Wild Strike","Inflame"],"picked":"Singing Bowl","floor":25}],"player_experience":4068200,"relics_obtained":[{"floor":6,"key":"Paper Frog"},{"floor":8,"key":"Singing Bowl"},{"floor":9,"key":"Darkstone Periapt"},{"floor":17,"key":"Anchor"},{"floor":17,"key":"The Courier"},{"floor":17,"key":"Torii"},{"floor":26,"key":"Happy Flower"}],"event_choices":[{"damage_healed":0,"gold_gain":75,"player_choice":"Gather Gold","damage_taken":11,"max_hp_gain":0,"max_hp_loss":0,"event_name":"World of Goop","floor":2,"gold_loss":0},{"damage_healed":0,"gold_gain":0,"player_choice":"Donut","damage_taken":0,"max_hp_gain":5,"max_hp_loss":0,"event_name":"Big Fish","floor":11,"gold_loss":0},{"cards_removed":["Defend_R"],"damage_healed":0,"gold_gain":0,"player_choice":"Card Removal","damage_taken":7,"max_hp_gain":0,"max_hp_loss":0,"event_name":"Golden Wing","floor":14,"gold_loss":0},{"damage_healed":0,"gold_gain":0,"cards_transformed":["Defend_R","Defend_R"],"player_choice":"Became Test Subject","damage_taken":0,"max_hp_gain":0,"max_hp_loss":0,"event_name":"Drug Dealer","floor":19,"gold_loss":0,"cards_obtained":["Thunderclap","Infernal Blade"]},{"damage_healed":0,"gold_gain":0,"player_choice":"Fight","damage_taken":0,"max_hp_gain":0,"max_hp_loss":0,"event_name":"Colosseum","floor":21,"gold_loss":0},{"damage_healed":0,"gold_gain":0,"player_choice":"Fled From Nobs","damage_taken":0,"max_hp_gain":0,"max_hp_loss":0,"event_name":"Colosseum","floor":21,"gold_loss":0}],"is_beta":false,"boss_relics":[{"not_picked":["Pandora\u0027s Box","Tiny House"],"picked":"Calling Bell"}],"items_purged_floors":[20],"is_endless":false,"potions_floor_spawned":[4,8,13,21],"killed_by":"Slavers","ascension_level":20}