{"gold_per_floor":[364,376,32,43,56,56,85,85,85,85,161,161,161,202,202,202],"floor_reached":16,"playtime":958,"items_purged":["Strike_R"],"score":146,"play_id":"231d5c48-18a1-497e-9d1f-42e5106dae67","local_time":"20190225192531","is_ascension_mode":true,"campfire_choices":[{"data":"Seeing Red","floor":6.0,"key":"SMITH"},{"floor":8.0,"key":"REST"},{"data":"Armaments","floor":10.0,"key":"SMITH"},{"floor":12.0,"key":"REST"},{"data":"Barricade","floor":15.0,"key":"SMITH"}],"neow_cost":"TEN_PERCENT_HP_LOSS","seed_source_timestamp":33714963858123,"circlet_count":0,"master_deck":["Strike_R","Strike_R","Strike_R","Strike_R","Defend_R","Defend_R","Defend_R","Defend_R","Bash","Shrug It Off","Evolve","Master of Strategy","Armaments+1","Flex","Seeing Red+1","Barricade+1"],"special_seed":0,"relics":["Burning Blood","Gremlin Horn","Matryoshka","Art of War","Dodecahedron","Golden Idol","Du-Vu Doll"],"potions_floor_usage":[],"damage_taken":[{"damage":6.0,"enemies":"Cultist","floor":1.0,"turns":3.0},{"damage":14.0,"enemies":"2 Louse","floor":2.0,"turns":2.0},{"damage":11.0,"enemies":"Small Slimes","floor":4.0,"turns":5.0},{"damage":8.0,"enemies":"2 Fungi Beasts","floor":5.0,"turns":4.0},{"damage":47.0,"enemies":"Lagavulin","floor":7.0,"turns":11.0},{"damage":9.0,"enemies":"3 Sentries","floor":14.0,"turns":8.0},{"damage":37,"enemies":"Hexaghost","floor":16,"turns":14}],"seed_played":"-3112256522117030787","potions_obtained":[{"floor":4.0,"key":"FearPotion"},{"floor":5.0,"key":"Energy Potion"}],"is_trial":false,"path_per_floor":["M","M","$","M","M","R","E","R","T","R","T","R","?","E","R","B"],"character_chosen":"IRONCLAD","items_purchased":["Master of Strategy","Armaments","Flex"],"campfire_rested":2,"item_purchase_floors":[3,3,3],"current_hp_per_floor":[72,64,64,59,57,57,16,37,37,37,37,58,40,37,37,0],"gold":202,"neow_bonus":"TWO_FIFTY_GOLD","is_prod":false,"is_daily":false,"chose_seed":false,"campfire_upgraded":3,"win_rate":0,"timestamp":1551090331,"path_taken":["M","M","$","M","M","R","E","R","T","R","?","R","?","E","R","BOSS"],"build_version":"2019-01-23","purchased_purges":1,"victory":false,"max_hp_per_floor":[72,72,72,72,72,72,72,72,72,72,72,72,72,72,72,72],"card_choices":[{"not_picked":["Uppercut","Anger"],"picked":"Shrug It Off","floor":1.0},{"not_picked":["Wild Strike","Iron Wave"],"picked":"Evolve","floor":2.0},{"not_picked":["Sentinel","Sever Soul","Battle Trance"],"picked":"SKIP","floor":4.0},{"not_picked":["Carnage","Heavy Blade"],"picked":"Seeing Red","floor":5.0},{"not_picked":["Clothesline","Pommel Strike","Sentinel"],"picked":"SKIP","floor":7.0},{"not_picked":["Cleave","Corruption"],"picked":"Barricade","floor":14.0}],"player_experience":187266,"relics_obtained":[{"floor":7.0,"key":"Gremlin Horn"},{"floor":9.0,"key":"Matryoshka"},{"floor":11.0,"key":"Art of War"},{"floor":11.0,"key":"Dodecahedron"},{"floor":14.0,"key":"Du-Vu Doll"}],"event_choices":[{"damage_healed":0.0,"max_hp_gain":0.0,"max_hp_loss":0.0,"gold_gain":0.0,"event_name":"Golden Idol","player_choice":"Take Damage","floor":13.0,"gold_loss":0.0,"damage_taken":18.0,"relics_obtained":["Golden Idol"]}],"is_beta":false,"boss_relics":[],"items_purged_floors":[3],"is_endless":false,"potions_floor_spawned":[4,5],"killed_by":"Hexaghost","ascension_level":7}