{"gold_per_floor":[12,30,47,64,64,64,76,87,111,111],"floor_reached":10,"playtime":348,"items_purged":[],"score":115,"play_id":"dbab7784-d52c-4e31-86c3-8614bd082120","local_time":"20190314222047","is_ascension_mode":true,"campfire_choices":[{"data":"Strike_R","floor":6.0,"key":"PURGE"}],"neow_cost":"NO_GOLD","seed_source_timestamp":1899844002213,"circlet_count":0,"master_deck":["AscendersBane","Strike_R","Strike_R","Strike_R","Strike_R","Defend_R","Defend_R","Defend_R","Defend_R","Bash","Thunderclap","Dual Wield"],"special_seed":0,"relics":["Burning Blood","Peace Pipe","Bronze Scales","Ancient Tea Set"],"potions_floor_usage":[],"damage_taken":[{"damage":7.0,"enemies":"2 Louse","floor":1.0,"turns":4.0},{"damage":2.0,"enemies":"Jaw Worm","floor":2.0,"turns":5.0},{"damage":0.0,"enemies":"Small Slimes","floor":3.0,"turns":2.0},{"damage":12.0,"enemies":"2 Fungi Beasts","floor":4.0,"turns":4.0},{"damage":7.0,"enemies":"Exordium Thugs","floor":7.0,"turns":2.0},{"damage":14.0,"enemies":"Blue Slaver","floor":8.0,"turns":4.0},{"damage":56,"enemies":"Gremlin Nob","floor":10,"turns":4}],"seed_played":"3784325072739862088","potions_obtained":[{"floor":2.0,"key":"Fire Potion"},{"floor":4.0,"key":"AttackPotion"}],"is_trial":false,"path_per_floor":["M","M","M","M","?","R","M","M","T","E"],"character_chosen":"IRONCLAD","items_purchased":[],"campfire_rested":0,"item_purchase_floors":[],"current_hp_per_floor":[67,71,75,69,64,64,63,55,55,0],"gold":111,"neow_bonus":"ONE_RARE_RELIC","is_prod":false,"is_daily":false,"chose_seed":false,"campfire_upgraded":0,"win_rate":0,"timestamp":1552569647,"path_taken":["M","M","M","M","?","R","M","M","T","E"],"build_version":"2019-01-23","purchased_purges":0,"victory":false,"max_hp_per_floor":[75,75,75,75,75,75,75,75,75,75],"card_choices":[{"not_picked":["Thunderclap","Sword Boomerang","Havoc"],"picked":"SKIP","floor":1.0},{"not_picked":["Heavy Blade","Reckless Charge"],"picked":"Thunderclap","floor":2.0},{"not_picked":["Sword Boomerang","Searing Blow","Burning Pact"],"picked":"SKIP","floor":3.0},{"not_picked":["Clash","Headbutt","Brutality"],"picked":"SKIP","floor":4.0},{"not_picked":["Carnage","Cleave","Fire Breathing"],"picked":"SKIP","floor":7.0},{"not_picked":["Seeing Red","Twin Strike"],"picked":"Dual Wield","floor":8.0}],"player_experience":322825,"relics_obtained":[{"floor":9.0,"key":"Ancient Tea Set"}],"event_choices":[{"damage_healed":0.0,"max_hp_gain":0.0,"max_hp_loss":0.0,"gold_gain":0.0,"event_name":"Scrap Ooze","player_choice":"Success","floor":5.0,"gold_loss":0.0,"damage_taken":5.0,"relics_obtained":["Bronze Scales"]}],"is_beta":false,"boss_relics":[],"items_purged_floors":[],"is_endless":false,"potions_floor_spawned":[2,4],"killed_by":"Gremlin Nob","ascension_level":17}