{"gold_per_floor":[113,130,130,149,169,169,119,138,163,163,187,112,125,139,139,139],"floor_reached":16,"playtime":430,"items_purged":["Strike_R"],"score":96,"play_id":"c8d9e306-0e8d-40ec-a66d-021a625fa97b","local_time":"20190321225436","is_ascension_mode":false,"campfire_choices":[{"data":"Bash","floor":6,"key":"SMITH"},{"data":"Uppercut","floor":15,"key":"SMITH"}],"neow_cost":"NONE","seed_source_timestamp":727923386409,"circlet_count":0,"master_deck":["Strike_R","Strike_R","Defend_R","Defend_R","Defend_R","Defend_R","Bash+1","Flex","Heavy Blade","Infernal Blade","Uppercut+1","Dual Wield","Twin Strike","Whirlwind"],"relics":["Burning Blood","Boot","Golden Idol","Centennial Puzzle"],"potions_floor_usage":[14,14],"damage_taken":[{"damage":3,"enemies":"Small Slimes","floor":1,"turns":4},{"damage":8,"enemies":"2 Louse","floor":2,"turns":4},{"damage":1,"enemies":"Cultist","floor":4,"turns":4},{"damage":21,"enemies":"Exordium Thugs","floor":5,"turns":5},{"damage":10,"enemies":"Looter","floor":8,"turns":3},{"damage":4,"enemies":"Blue Slaver","floor":11,"turns":3},{"damage":2,"enemies":"2 Fungi Beasts","floor":13,"turns":2},{"damage":4,"enemies":"Gremlin Gang","floor":14,"turns":3},{"damage":53,"enemies":"The Guardian","floor":16,"turns":14}],"seed_played":"596674512556255417","potions_obtained":[{"floor":4,"key":"SpeedPotion"},{"floor":5,"key":"Swift Potion"},{"floor":8,"key":"SkillPotion"}],"is_trial":false,"path_per_floor":["M","M","?","M","M","R","?","M","T","?","M","$","M","M","R","B"],"character_chosen":"IRONCLAD","items_purchased":[],"campfire_rested":0,"item_purchase_floors":[],"current_hp_per_floor":[80,78,58,63,48,48,48,44,44,44,46,46,50,52,52,0],"gold":139,"neow_bonus":"RANDOM_COMMON_RELIC","is_prod":false,"is_daily":false,"chose_seed":false,"campfire_upgraded":2,"win_rate":0,"timestamp":1553230476,"path_taken":["M","M","?","M","M","R","?","M","T","?","?","?","M","M","R","BOSS"],"build_version":"2019-01-23","purchased_purges":1,"victory":false,"max_hp_per_floor":[80,80,80,80,80,80,80,80,80,80,80,80,80,80,80,80],"card_choices":[{"not_picked":["Wild Strike","Corruption","Bloodletting"],"picked":"SKIP","floor":1},{"not_picked":["Dropkick","Thunderclap"],"picked":"Flex","floor":2},{"not_picked":["Rupture","Iron Wave"],"picked":"Heavy Blade","floor":4},{"not_picked":["Dual Wield","Hemokinesis"],"picked":"Infernal Blade","floor":5},{"not_picked":["Thunderclap","Heavy Blade"],"picked":"Uppercut","floor":8},{"not_picked":["Clash","Pommel Strike"],"picked":"Twin Strike","floor":11},{"not_picked":["Barricade","Clothesline"],"picked":"Whirlwind","floor":13},{"not_picked":["Pommel Strike","Second Wind","Cleave"],"picked":"SKIP","floor":14}],"player_experience":1110444,"relics_obtained":[{"floor":9,"key":"Centennial Puzzle"}],"event_choices":[{"damage_healed":0,"gold_gain":0,"player_choice":"Take Damage","damage_taken":20,"relics_obtained":["Golden Idol"],"max_hp_gain":0,"max_hp_loss":0,"event_name":"Golden Idol","floor":3,"gold_loss":0},{"cards_removed":["Strike_R"],"damage_healed":0,"gold_gain":0,"player_choice":"Card Removal","damage_taken":0,"max_hp_gain":0,"max_hp_loss":0,"event_name":"The Cleric","floor":7,"gold_loss":50},{"damage_healed":0,"gold_gain":0,"cards_transformed":["Strike_R"],"player_choice":"Transformed","damage_taken":0,"max_hp_gain":0,"max_hp_loss":0,"event_name":"Transmorgrifier","floor":10,"gold_loss":0,"cards_obtained":["Dual Wield"]}],"is_beta":false,"boss_relics":[],"items_purged_floors":[12],"is_endless":false,"potions_floor_spawned":[4,5,8],"killed_by":"The Guardian","ascension_level":0}