{"gold_per_floor":[111,111,136,136,136,136,161,161,161,177,201,201,245,261,261,357,357,373,373,397,397,4,4,25,49,74,74],"floor_reached":27,"playtime":858,"items_purged":["Defend_B"],"score":480,"play_id":"1cb1a526-b232-4621-b0d6-8ab5e1d2ccdf","local_time":"20190110014032","is_ascension_mode":true,"campfire_choices":[{"floor":6,"key":"REST"},{"data":"Darkness","floor":8,"key":"SMITH"},{"data":"Loop","floor":12,"key":"SMITH"},{"data":"Lockon","floor":15,"key":"SMITH"},{"floor":23,"key":"REST"}],"neow_cost":"PERCENT_DAMAGE","seed_source_timestamp":689408810895807,"circlet_count":0,"master_deck":["AscendersBane","Strike_B","Defend_B","Defend_B","Defend_B","Zap","Dualcast","Darkness+1","BootSequence","Hologram","Loop+1","Steam","Lockon+1","Buffer","Genetic Algorithm","Coolheaded","Meteor Strike","Defragment","Leap"],"special_seed":0,"relics":["Cracked Core","Golden Idol","Ancient Tea Set","Orichalcum","Busted Crown","Cables","Potion Belt"],"potions_floor_usage":[13,14,16,24,24,27],"damage_taken":[{"damage":3.0,"enemies":"Small Slimes","floor":1.0,"turns":4.0},{"damage":4.0,"enemies":"2 Louse","floor":3.0,"turns":3.0},{"damage":2,"enemies":"Cultist","floor":7,"turns":4},{"damage":3,"enemies":"3 Louse","floor":10,"turns":4},{"damage":1,"enemies":"Looter","floor":11,"turns":3},{"damage":23,"enemies":"3 Sentries","floor":13,"turns":8},{"damage":1,"enemies":"Large Slime","floor":14,"turns":4},{"damage":6,"enemies":"The Guardian","floor":16,"turns":7},{"damage":37,"enemies":"2 Thieves","floor":18,"turns":4},{"damage":9,"enemies":"Chosen","floor":20,"turns":7},{"damage":10,"enemies":"3 Cultists","floor":24,"turns":6},{"damage":12,"enemies":"Snake Plant","floor":25,"turns":4},{"damage":41,"enemies":"Cultist and Chosen","floor":27,"turns":3}],"seed_played":"3737814538565183223","potions_obtained":[{"floor":1.0,"key":"SpeedPotion"},{"floor":3.0,"key":"Block Potion"},{"floor":13,"key":"Explosive Potion"},{"floor":20,"key":"Regen Potion"},{"floor":24,"key":"Dexterity Potion"}],"is_trial":false,"path_per_floor":["M","?","M","?","?","R","M","R","T","M","M","R","E","M","R","B",null,"M","?","M","?","$","R","M","M","T","M"],"character_chosen":"DEFECT","items_purchased":["Cables","Fire Potion"],"campfire_rested":2,"item_purchase_floors":[22,22],"current_hp_per_floor":[57,28,24,24,24,49,47,47,47,44,43,43,20,19,19,13,67,30,30,21,21,21,46,51,39,39,0],"gold":74,"neow_bonus":"TWENTY_PERCENT_HP_BONUS","is_prod":false,"is_daily":false,"chose_seed":false,"campfire_upgraded":3,"win_rate":0,"timestamp":1547052032,"path_taken":["M","?","M","?","?","R","M","R","T","M","M","R","E","?","R","BOSS","M","?","M","?","$","R","M","M","T","M"],"build_version":"2019-01-03v4","purchased_purges":1,"victory":false,"max_hp_per_floor":[85,85,85,85,85,85,85,85,85,85,85,85,85,85,85,85,85,85,85,85,85,85,85,85,85,85,85],"card_choices":[{"not_picked":["Hologram","Sweeping Beam"],"picked":"Darkness","floor":1.0},{"not_picked":["Gash","Undo"],"picked":"BootSequence","floor":3.0},{"not_picked":["Stack","Leap"],"picked":"Hologram","floor":7},{"not_picked":["Stack","Double Energy","Compile Driver"],"picked":"SKIP","floor":10},{"not_picked":["Barrage","Sweeping Beam"],"picked":"Loop","floor":11},{"not_picked":["Doom and Gloom","Turbo"],"picked":"Steam","floor":13},{"not_picked":["Coolheaded","Self Repair"],"picked":"Lockon","floor":14},{"not_picked":["Rainbow","Creative AI"],"picked":"Buffer","floor":16},{"not_picked":[],"picked":"Genetic Algorithm","floor":18},{"not_picked":["Steam"],"picked":"SKIP","floor":20},{"not_picked":[],"picked":"Defragment","floor":24},{"not_picked":[],"picked":"Leap","floor":25}],"player_experience":4032212,"relics_obtained":[{"floor":9,"key":"Ancient Tea Set"},{"floor":13,"key":"Orichalcum"},{"floor":26,"key":"Potion Belt"}],"event_choices":[{"damage_healed":0.0,"max_hp_gain":0.0,"max_hp_loss":0.0,"gold_gain":0.0,"event_name":"Golden Idol","player_choice":"Take Damage","floor":2.0,"gold_loss":0.0,"damage_taken":29.0,"relics_obtained":["Golden Idol"]},{"cards_removed":["Strike_B"],"damage_healed":0.0,"max_hp_gain":0.0,"max_hp_loss":0.0,"gold_gain":0.0,"event_name":"Living Wall","player_choice":"Forget","floor":4.0,"gold_loss":0.0,"damage_taken":0.0},{"damage_healed":0.0,"max_hp_gain":0.0,"max_hp_loss":0.0,"gold_gain":0.0,"event_name":"Lab","player_choice":"Got Potions","floor":5.0,"gold_loss":0.0,"damage_taken":0.0},{"damage_healed":0,"gold_gain":0,"cards_transformed":["Strike_B","Strike_B"],"player_choice":"Became Test Subject","damage_taken":0,"max_hp_gain":0,"max_hp_loss":0,"event_name":"Drug Dealer","floor":19,"gold_loss":0,"cards_obtained":["Coolheaded","Meteor Strike"]},{"damage_healed":0,"gold_gain":0,"player_choice":"Ignored","damage_taken":0,"max_hp_gain":0,"max_hp_loss":0,"event_name":"Vampires","floor":21,"gold_loss":0}],"is_beta":false,"boss_relics":[{"not_picked":["Runic Dome","Orrery"],"picked":"Busted Crown"}],"items_purged_floors":[22],"is_endless":false,"potions_floor_spawned":[1,3,11,13,20,24],"killed_by":"Cultist and Chosen","ascension_level":20}