{"gold_per_floor":[112,112,287,298,16,51,126,158,181,131,150,150,183,200,200,200],"floor_reached":16,"playtime":802,"items_purged":[],"score":130,"play_id":"a9aacc77-7bde-4537-b6cb-a6524c89324d","local_time":"20190218121922","is_ascension_mode":true,"campfire_choices":[{"data":"Body Slam","floor":15,"key":"SMITH"}],"neow_cost":"NONE","seed_source_timestamp":8609649474766,"circlet_count":0,"master_deck":["Strike_R","Strike_R","Strike_R","Defend_R","Defend_R","Defend_R","Defend_R","Bash","Power Through","Shrug It Off","Body Slam+1","Thunderclap"],"relics":["Burning Blood","PreservedInsect","Singing Bowl","Juzu Bracelet","Lantern","Vajra","Dream Catcher"],"potions_floor_usage":[16,16,16],"damage_taken":[{"damage":4,"enemies":"Jaw Worm","floor":1,"turns":6},{"damage":15,"enemies":"2 Louse","floor":4,"turns":4},{"damage":22,"enemies":"3 Sentries","floor":6,"turns":11},{"damage":17,"enemies":"Gremlin Nob","floor":8,"turns":5},{"damage":0,"enemies":"Small Slimes","floor":11,"turns":3},{"damage":14,"enemies":"Lagavulin","floor":13,"turns":7},{"damage":0,"enemies":"Blue Slaver","floor":14,"turns":6},{"damage":47,"enemies":"Slime Boss","floor":16,"turns":7}],"seed_played":"-1577079915049442573","potions_obtained":[{"floor":1,"key":"Dexterity Potion"},{"floor":8,"key":"Explosive Potion"},{"floor":14,"key":"GamblersBrew"}],"is_trial":false,"path_per_floor":["M","?","?","M","$","E","?","E","T","?","M","?","E","M","R","B"],"character_chosen":"IRONCLAD","items_purchased":["Singing Bowl","Body Slam"],"campfire_rested":0,"item_purchase_floors":[5,5],"current_hp_per_floor":[80,80,80,71,71,57,46,37,37,37,45,38,30,38,38,0],"gold":200,"neow_bonus":"RANDOM_COMMON_RELIC","is_prod":false,"is_daily":false,"chose_seed":false,"campfire_upgraded":1,"win_rate":0,"timestamp":1550459962,"path_taken":["M","?","?","M","$","E","?","E","T","?","M","?","E","M","R","BOSS"],"build_version":"2019-01-23","purchased_purges":0,"victory":false,"max_hp_per_floor":[80,80,80,80,80,82,82,84,84,84,86,86,86,88,88,88],"card_choices":[{"not_picked":["Cleave","Inflame"],"picked":"Power Through","floor":1},{"not_picked":["Cleave","Twin Strike"],"picked":"Shrug It Off","floor":4},{"not_picked":["Thunderclap","Armaments","Searing Blow"],"picked":"Singing Bowl","floor":6},{"not_picked":["Fire Breathing","Exhume","Searing Blow"],"picked":"Singing Bowl","floor":8},{"not_picked":["Bloodletting","Warcry","Havoc"],"picked":"Singing Bowl","floor":11},{"not_picked":["Headbutt","Clothesline"],"picked":"Thunderclap","floor":13},{"not_picked":["Heavy Blade","Twin Strike","Clothesline"],"picked":"Singing Bowl","floor":14}],"player_experience":124655,"relics_obtained":[{"floor":6,"key":"Juzu Bracelet"},{"floor":8,"key":"Lantern"},{"floor":9,"key":"Vajra"},{"floor":13,"key":"Dream Catcher"}],"event_choices":[{"cards_removed":["Strike_R"],"damage_healed":0,"gold_gain":0,"player_choice":"Forget","damage_taken":0,"max_hp_gain":0,"max_hp_loss":0,"event_name":"Living Wall","floor":2,"gold_loss":0},{"damage_healed":0,"gold_gain":175,"player_choice":"AGREE","damage_taken":0,"max_hp_gain":0,"max_hp_loss":0,"event_name":"Liars Game","floor":3,"gold_loss":0,"cards_obtained":["Doubt"]},{"damage_healed":0,"gold_gain":75,"player_choice":"Gather Gold","damage_taken":11,"max_hp_gain":0,"max_hp_loss":0,"event_name":"World of Goop","floor":7,"gold_loss":0},{"cards_removed":["Strike_R"],"damage_healed":0,"gold_gain":0,"player_choice":"Card Removal","damage_taken":0,"max_hp_gain":0,"max_hp_loss":0,"event_name":"The Cleric","floor":10,"gold_loss":50},{"cards_removed":["Doubt"],"damage_healed":0,"gold_gain":0,"player_choice":"Card Removal","damage_taken":7,"max_hp_gain":0,"max_hp_loss":0,"event_name":"Golden Wing","floor":12,"gold_loss":0}],"is_beta":false,"boss_relics":[],"items_purged_floors":[],"is_endless":false,"potions_floor_spawned":[1,8,14],"killed_by":"Slime Boss","ascension_level":2}