{"gold_per_floor":[112,112,112,132,132,132,165,130,130,161,40,40,40,58,58,186,186,199,217,217,217,21,21,55,55,136,161,261,261,386,406,406,406],"floor_reached":33,"playtime":2229,"items_purged":["Defend_R"],"score":336,"play_id":"2966d0ca-f730-4948-ada2-c247f77aa941","local_time":"20190221201807","is_ascension_mode":true,"campfire_choices":[{"data":"Bash","floor":6,"key":"SMITH"},{"floor":13,"key":"REST"},{"data":"Cleave","floor":15,"key":"SMITH"},{"data":"Hemokinesis","floor":23,"key":"SMITH"},{"floor":25,"key":"REST"},{"floor":29,"key":"REST"},{"floor":32,"key":"REST"}],"neow_cost":"NONE","seed_source_timestamp":378846478400,"circlet_count":0,"master_deck":["Strike_R+1","Strike_R+1","Defend_R","Defend_R","Bash+1","Clothesline+1","Battle Trance","Hemokinesis+1","Cleave+1","Shrug It Off","Limit Break","Heavy Blade","Shrug It Off","Headbutt+1","Armaments","Corruption"],"relics":["Burning Blood","Golden Idol","The Courier","FossilizedHelix","Juzu Bracelet","Anchor","Empty Cage","Happy Flower","Shovel","Shuriken","Pocketwatch","Pantograph"],"potions_floor_usage":[18,24,27,31,33,33],"damage_taken":[{"damage":6,"enemies":"Cultist","floor":1,"turns":3},{"damage":7,"enemies":"Jaw Worm","floor":4,"turns":3},{"damage":45,"enemies":"3 Sentries","floor":7,"turns":10},{"damage":8,"enemies":"Gremlin Nob","floor":10,"turns":3},{"damage":0,"enemies":"Small Slimes","floor":14,"turns":2},{"damage":10,"enemies":"Slime Boss","floor":16,"turns":7},{"damage":32,"enemies":"3 Byrds","floor":18,"turns":6},{"damage":0,"enemies":"Chosen","floor":19,"turns":4},{"damage":60,"enemies":"Slavers","floor":24,"turns":8},{"damage":25,"enemies":"Shelled Parasite and Fungi","floor":27,"turns":4},{"damage":11,"enemies":"Colosseum Slavers","floor":30,"turns":5},{"damage":25,"enemies":"Colosseum Nobs","floor":30,"turns":5},{"damage":8,"enemies":"Snake Plant","floor":31,"turns":3},{"damage":100,"enemies":"Collector","floor":33,"turns":5}],"seed_played":"-3622501261814794229","potions_obtained":[{"floor":14,"key":"SpeedPotion"},{"floor":16,"key":"FearPotion"},{"floor":19,"key":"Regen Potion"},{"floor":24,"key":"LiquidBronze"},{"floor":27,"key":"AttackPotion"},{"floor":31,"key":"EssenceOfSteel"}],"is_trial":false,"path_per_floor":["M","?","?","M","?","R","E","?","T","E","$","?","R","M","R","B",null,"M","M","?","?","$","R","E","R","T","M","?","R","?","M","R","B"],"character_chosen":"IRONCLAD","items_purchased":["Anchor","Shrug It Off","Happy Flower"],"campfire_rested":4,"item_purchase_floors":[11,22,22],"current_hp_per_floor":[88,66,59,58,58,58,19,41,41,39,39,21,47,53,53,49,78,52,58,58,58,58,58,19,45,45,26,26,52,28,26,52,0],"gold":406,"neow_bonus":"TEN_PERCENT_HP_BONUS","is_prod":false,"is_daily":false,"chose_seed":false,"campfire_upgraded":3,"win_rate":0,"timestamp":1550776687,"path_taken":["M","?","?","M","?","R","E","?","T","E","$","?","R","M","R","BOSS","M","M","?","?","$","R","E","R","T","M","?","R","?","M","R","BOSS"],"build_version":"2019-01-23","purchased_purges":1,"victory":false,"max_hp_per_floor":[88,88,88,88,88,88,88,88,88,88,88,88,88,88,88,88,88,88,88,88,88,88,88,88,88,88,88,88,88,88,88,88,88],"card_choices":[{"not_picked":["Perfected Strike","Cleave"],"picked":"Clothesline","floor":1},{"not_picked":["Sever Soul","True Grit"],"picked":"Battle Trance","floor":4},{"not_picked":["Iron Wave","Clash"],"picked":"Hemokinesis","floor":7},{"not_picked":["Headbutt","Intimidate"],"picked":"Cleave","floor":10},{"not_picked":["Second Wind","Battle Trance"],"picked":"Shrug It Off","floor":14},{"not_picked":["Barricade","Offering"],"picked":"Limit Break","floor":16},{"not_picked":["Clash","Burning Pact","Warcry"],"picked":"SKIP","floor":18},{"not_picked":["Body Slam","Burning Pact+1"],"picked":"Heavy Blade","floor":19},{"not_picked":["Sentinel","Heavy Blade","Perfected Strike"],"picked":"SKIP","floor":24},{"not_picked":["True Grit","Wild Strike"],"picked":"Headbutt+1","floor":27},{"not_picked":["Havoc","Evolve"],"picked":"Armaments","floor":30},{"not_picked":["Blood for Blood","Headbutt"],"picked":"Corruption","floor":31}],"player_experience":350200,"relics_obtained":[{"floor":7,"key":"The Courier"},{"floor":9,"key":"FossilizedHelix"},{"floor":10,"key":"Juzu Bracelet"},{"floor":24,"key":"Shovel"},{"floor":26,"key":"Shuriken"},{"floor":30,"key":"Pocketwatch"},{"floor":30,"key":"Pantograph"}],"event_choices":[{"damage_healed":0,"gold_gain":0,"player_choice":"Take Damage","damage_taken":22,"relics_obtained":["Golden Idol"],"max_hp_gain":0,"max_hp_loss":0,"event_name":"Golden Idol","floor":2,"gold_loss":0},{"cards_removed":["Strike_R"],"damage_healed":0,"gold_gain":0,"player_choice":"Card Removal","damage_taken":7,"max_hp_gain":0,"max_hp_loss":0,"event_name":"Golden Wing","floor":3,"gold_loss":0},{"damage_healed":0,"gold_gain":0,"player_choice":"Grow","damage_taken":0,"max_hp_gain":0,"max_hp_loss":0,"event_name":"Living Wall","floor":5,"gold_loss":0,"cards_upgraded":["Clothesline"]},{"damage_healed":22,"gold_gain":0,"player_choice":"Healed","damage_taken":0,"max_hp_gain":0,"max_hp_loss":0,"event_name":"The Cleric","floor":8,"gold_loss":35},{"damage_healed":0,"gold_gain":0,"player_choice":"Entered Light","damage_taken":18,"max_hp_gain":0,"max_hp_loss":0,"event_name":"Shining Light","floor":12,"gold_loss":0,"cards_upgraded":["Strike_R","Strike_R"]},{"cards_removed":["Strike_R"],"damage_healed":0,"gold_gain":0,"player_choice":"Purged","damage_taken":0,"max_hp_gain":0,"max_hp_loss":0,"event_name":"Purifier","floor":20,"gold_loss":0},{"damage_healed":0,"gold_gain":0,"player_choice":"Ignored","damage_taken":0,"max_hp_gain":0,"max_hp_loss":0,"event_name":"Ghosts","floor":21,"gold_loss":0},{"damage_healed":0,"gold_gain":100,"player_choice":"Pray","damage_taken":0,"max_hp_gain":0,"max_hp_loss":0,"event_name":"Golden Shrine","floor":28,"gold_loss":0},{"damage_healed":0,"gold_gain":0,"player_choice":"Fight","damage_taken":0,"max_hp_gain":0,"max_hp_loss":0,"event_name":"Colosseum","floor":30,"gold_loss":0},{"damage_healed":0,"gold_gain":0,"player_choice":"Fought Nobs","damage_taken":0,"max_hp_gain":0,"max_hp_loss":0,"event_name":"Colosseum","floor":30,"gold_loss":0}],"is_beta":false,"boss_relics":[{"not_picked":["Philosopher\u0027s Stone","Ectoplasm"],"picked":"Empty Cage"}],"items_purged_floors":[22],"is_endless":false,"potions_floor_spawned":[14,16,19,24,27,31],"killed_by":"Collector","ascension_level":5}