{"gold_per_floor":[211,171,184,203,47,74,92,92,162,162,182,195,33,43,43,146,146,162,177,191,191,191],"floor_reached":22,"playtime":1205,"items_purged":[],"score":257,"play_id":"792f147a-248c-4c8d-9779-5c3a93db7656","local_time":"20190225131518","is_ascension_mode":true,"campfire_choices":[{"data":"Flex","floor":8,"key":"SMITH"},{"floor":10,"key":"REST"},{"data":"Apotheosis","floor":15,"key":"SMITH"}],"neow_cost":"NONE","seed_source_timestamp":11281699344008,"circlet_count":0,"master_deck":["Strike_R","Strike_R","Strike_R","Strike_R","Strike_R","Defend_R","Defend_R","Defend_R","Defend_R","Bash","Heavy Blade","Second Wind","Power Through","Corruption","Flex+1","Apotheosis+1","Dark Embrace"],"relics":["Burning Blood","Vajra","Charon\u0027s Ashes","Self Forming Clay","Runic Pyramid","Art of War"],"potions_floor_usage":[6,7],"damage_taken":[{"damage":0,"enemies":"Small Slimes","floor":1,"turns":3},{"damage":6,"enemies":"Cultist","floor":3,"turns":3},{"damage":7,"enemies":"Jaw Worm","floor":4,"turns":3},{"damage":35,"enemies":"3 Sentries","floor":6,"turns":12},{"damage":23,"enemies":"Large Slime","floor":7,"turns":9},{"damage":11,"enemies":"Blue Slaver","floor":11,"turns":4},{"damage":1,"enemies":"Looter","floor":12,"turns":3},{"damage":14,"enemies":"Red Slaver","floor":14,"turns":5},{"damage":21,"enemies":"The Guardian","floor":16,"turns":12},{"damage":14,"enemies":"Shell Parasite","floor":18,"turns":4},{"damage":22,"enemies":"Spheric Guardian","floor":19,"turns":6},{"damage":9,"enemies":"Centurion and Healer","floor":20,"turns":8},{"damage":41,"enemies":"Masked Bandits","floor":22,"turns":5}],"seed_played":"2521657141331103258","potions_obtained":[{"floor":2,"key":"Weak Potion"},{"floor":2,"key":"SkillPotion"},{"floor":2,"key":"Block Potion"},{"floor":6,"key":"Energy Potion"},{"floor":7,"key":"Strength Potion"},{"floor":11,"key":"EntropicBrew"}],"is_trial":false,"path_per_floor":["M","?","M","M","$","E","M","R","T","R","M","M","$","M","R","B",null,"M","M","M","?","?"],"character_chosen":"IRONCLAD","items_purchased":["Vajra","Apotheosis"],"campfire_rested":1,"item_purchase_floors":[5,13],"current_hp_per_floor":[78,78,78,77,77,48,31,31,31,55,50,55,55,47,47,32,68,60,44,41,41,0],"gold":191,"neow_bonus":"HUNDRED_GOLD","is_prod":false,"is_daily":false,"chose_seed":false,"campfire_upgraded":2,"win_rate":0,"timestamp":1551068118,"path_taken":["M","?","M","M","$","E","M","R","T","R","M","M","$","?","R","BOSS","M","M","M","?","?"],"build_version":"2019-01-23","purchased_purges":0,"victory":false,"max_hp_per_floor":[80,80,80,80,80,80,80,80,80,80,80,80,80,80,80,80,80,80,80,80,80,80],"card_choices":[{"not_picked":["Thunderclap","Clothesline"],"picked":"Heavy Blade","floor":1},{"not_picked":["Feel No Pain","Shockwave"],"picked":"Second Wind","floor":3},{"not_picked":["Havoc","Evolve"],"picked":"Power Through","floor":4},{"not_picked":["Iron Wave","Infernal Blade"],"picked":"Corruption","floor":6},{"not_picked":["Cleave","Rupture"],"picked":"Flex","floor":7},{"not_picked":["Pummel","Flex","Intimidate"],"picked":"SKIP","floor":11},{"not_picked":["Intimidate","Clash","Anger"],"picked":"SKIP","floor":12},{"not_picked":["Berserk","Disarm","Perfected Strike"],"picked":"SKIP","floor":14},{"not_picked":["Bludgeon","Fiend Fire"],"picked":"Dark Embrace","floor":16},{"not_picked":["Bloodletting","Iron Wave","Second Wind"],"picked":"SKIP","floor":18},{"not_picked":["Body Slam","Flex","Twin Strike+1"],"picked":"SKIP","floor":19},{"not_picked":["Havoc","Perfected Strike+1","Heavy Blade"],"picked":"SKIP","floor":20}],"player_experience":182533,"relics_obtained":[{"floor":6,"key":"Charon\u0027s Ashes"},{"floor":9,"key":"Self Forming Clay"}],"event_choices":[{"damage_healed":0,"gold_gain":0,"player_choice":"Bought 3 Potions","damage_taken":0,"max_hp_gain":0,"max_hp_loss":0,"event_name":"The Woman in Blue","floor":2,"gold_loss":0},{"damage_healed":0,"gold_gain":0,"player_choice":"Opened","damage_taken":0,"relics_obtained":["Art of War"],"max_hp_gain":0,"max_hp_loss":0,"event_name":"The Mausoleum","floor":21,"gold_loss":0},{"damage_healed":0,"gold_gain":0,"player_choice":"Fought Bandits","damage_taken":0,"max_hp_gain":0,"max_hp_loss":0,"event_name":"Masked Bandits","floor":22,"gold_loss":0}],"is_beta":false,"boss_relics":[{"not_picked":["Pandora\u0027s Box","Coffee Dripper"],"picked":"Runic Pyramid"}],"items_purged_floors":[],"is_endless":false,"potions_floor_spawned":[6,7,11,14,16,18,20],"killed_by":"Masked Bandits","ascension_level":7}