{"gold_per_floor":[111,111,129,54,79,107,107,117,117,117,117,133,153,170,170,267,267,284,284,298,30,30,30,30,30,57,74,74],"floor_reached":28,"playtime":835,"items_purged":["Defend_B","Strike_B"],"score":365,"play_id":"544cc782-1b7e-45c1-b2dd-22f983114152","local_time":"20190113001713","is_ascension_mode":true,"campfire_choices":[{"data":"Biased Cognition","floor":7,"key":"SMITH"},{"data":"Streamline","floor":11,"key":"SMITH"},{"data":"Dualcast","floor":15,"key":"SMITH"},{"data":"Defragment","floor":23,"key":"SMITH"},{"floor":25,"key":"REST"}],"neow_cost":"NONE","seed_source_timestamp":50746418117211,"circlet_count":0,"master_deck":["AscendersBane","Strike_B","Strike_B","Defend_B","Defend_B","Defend_B","Zap","Dualcast+1","FTL","Leap","Biased Cognition+1","Streamline+1","Electrodynamics","Zap","Darkness","Darkness","Loop","Echo Form","Capacitor","Defragment+1","Compile Driver","Hologram","Force Field","Coolheaded","Self Repair","Seek","Double Energy+1","Turbo+1"],"relics":["Cracked Core","NeowsBlessing","Vajra","Matryoshka","DataDisk","Dream Catcher","Orrery","Potion Belt","Juzu Bracelet"],"potions_floor_usage":[16,18,27],"damage_taken":[{"damage":0,"enemies":"2 Louse","floor":1,"turns":1},{"damage":0,"enemies":"Cultist","floor":3,"turns":1},{"damage":0,"enemies":"Lagavulin","floor":6,"turns":1},{"damage":1,"enemies":"Small Slimes","floor":8,"turns":2},{"damage":6,"enemies":"Looter","floor":12,"turns":3},{"damage":6,"enemies":"Lots of Slimes","floor":13,"turns":2},{"damage":20,"enemies":"Large Slime","floor":14,"turns":3},{"damage":16,"enemies":"The Guardian","floor":16,"turns":6},{"damage":38,"enemies":"3 Byrds","floor":18,"turns":5},{"damage":19,"enemies":"Spheric Guardian","floor":20,"turns":4},{"damage":9,"enemies":"3 Cultists","floor":27,"turns":3},{"damage":45,"enemies":"Chosen and Byrds","floor":28,"turns":4}],"seed_played":"7724785187881111576","potions_obtained":[{"floor":6,"key":"FairyPotion"},{"floor":8,"key":"Swift Potion"},{"floor":12,"key":"Weak Potion"},{"floor":20,"key":"Explosive Potion"}],"is_trial":false,"path_per_floor":["M","?","M","$","T","E","R","M","T","?","R","M","M","M","R","B",null,"M","?","M","$","?","R","$","R","T","M","M"],"character_chosen":"DEFECT","items_purchased":["Self Repair","Seek"],"campfire_rested":1,"item_purchase_floors":[21,21],"current_hp_per_floor":[68,68,68,68,68,68,68,67,67,67,67,61,55,35,35,19,61,23,23,4,4,4,4,4,26,26,17,0],"gold":74,"neow_bonus":"THREE_ENEMY_KILL","is_prod":false,"is_daily":false,"chose_seed":false,"campfire_upgraded":4,"win_rate":0,"timestamp":1547356633,"path_taken":["M","?","M","$","?","E","R","M","T","?","R","?","M","M","R","BOSS","M","?","?","$","?","R","$","R","T","M","M"],"build_version":"2019-01-10","purchased_purges":2,"victory":false,"max_hp_per_floor":[75,75,75,75,75,75,75,75,75,75,75,75,75,75,75,75,75,75,75,75,75,75,75,75,75,75,75,75],"card_choices":[{"not_picked":["Redo","Compile Driver"],"picked":"FTL","floor":1},{"not_picked":["Stack","Steam"],"picked":"Leap","floor":3},{"not_picked":["Reinforced Body","Coolheaded"],"picked":"Biased Cognition","floor":6},{"not_picked":["Steam","Turbo"],"picked":"Streamline","floor":8},{"not_picked":["Coolheaded","Cold Snap"],"picked":"Darkness","floor":12},{"not_picked":["Chaos","Steam"],"picked":"Darkness","floor":13},{"not_picked":["Melter","Aggregate"],"picked":"Loop","floor":14},{"not_picked":["Electrodynamics","Amplify"],"picked":"Echo Form","floor":16},{"not_picked":["Beam Cell","Undo"],"picked":"Capacitor","floor":17},{"not_picked":["Stack","Redo"],"picked":"Defragment","floor":17},{"not_picked":["Redo","Go for the Eyes"],"picked":"Compile Driver","floor":17},{"not_picked":["Beam Cell","Ball Lightning"],"picked":"Hologram","floor":17},{"not_picked":["Rebound","Scrape"],"picked":"Force Field","floor":18},{"not_picked":["Steam","Melter+1"],"picked":"Coolheaded","floor":20},{"not_picked":["Leap+1","Scrape+1"],"picked":"Double Energy+1","floor":25},{"not_picked":["Redo","Hello World"],"picked":"Turbo+1","floor":27}],"player_experience":378850,"relics_obtained":[{"floor":5,"key":"Vajra"},{"floor":6,"key":"Matryoshka"},{"floor":9,"key":"DataDisk"},{"floor":9,"key":"Dream Catcher"},{"floor":26,"key":"Potion Belt"},{"floor":26,"key":"Juzu Bracelet"}],"event_choices":[{"cards_removed":["Strike_B"],"damage_healed":0,"gold_gain":0,"player_choice":"Purged","damage_taken":0,"max_hp_gain":0,"max_hp_loss":0,"event_name":"Purifier","floor":2,"gold_loss":0},{"damage_healed":0,"gold_gain":0,"player_choice":"3 cards matched","damage_taken":0,"max_hp_gain":0,"max_hp_loss":0,"event_name":"Match and Keep!","floor":10,"gold_loss":0,"cards_obtained":["Trip","Electrodynamics","Zap"]},{"cards_removed":["Trip"],"damage_healed":0,"gold_gain":0,"player_choice":"Purged","damage_taken":0,"max_hp_gain":0,"max_hp_loss":0,"event_name":"Purifier","floor":19,"gold_loss":0},{"damage_healed":0,"gold_gain":0,"player_choice":"Ignored","damage_taken":0,"max_hp_gain":0,"max_hp_loss":0,"event_name":"Beggar","floor":22,"gold_loss":0}],"is_beta":false,"boss_relics":[{"not_picked":["Snecko Eye","Calling Bell"],"picked":"Orrery"}],"items_purged_floors":[4,21],"is_endless":false,"potions_floor_spawned":[6,8,12,13,20],"killed_by":"Chosen and Byrds","ascension_level":10}