{"gold_per_floor":[110,185,185,198,198,198,222,222,246,171,196,196,196,96,96,226,226,251,126,126,126,126,126,145,160,184,184,197,197,221,221,221,221],"floor_reached":33,"playtime":1096,"items_purged":["Strike_R","Strike_R","Strike_R"],"score":233,"play_id":"af805598-0db8-4373-97ba-acafee033fa0","local_time":"20190223022900","is_ascension_mode":false,"campfire_choices":[{"data":"Strike_R","floor":6.0,"key":"SMITH"},{"data":"Anger","floor":12.0,"key":"SMITH"},{"data":"Strike_R","floor":15.0,"key":"SMITH"},{"data":"J.A.X.","floor":23.0,"key":"SMITH"},{"floor":27.0,"key":"REST"},{"floor":29.0,"key":"REST"},{"floor":32.0,"key":"REST"}],"neow_cost":"NONE","seed_source_timestamp":0,"circlet_count":0,"master_deck":["Strike_R+1","Strike_R+1","Defend_R","Defend_R","Defend_R","Bash+1","Armaments+1","Anger+1","J.A.X.+1","Iron Wave+1"],"special_seed":0,"relics":["Burning Blood","Golden Idol","Happy Flower","Orichalcum"],"potions_floor_usage":[33],"damage_taken":[{"damage":3.0,"enemies":"Small Slimes","floor":1.0,"turns":3.0},{"damage":11.0,"enemies":"Jaw Worm","floor":4.0,"turns":2.0},{"damage":6.0,"enemies":"Cultist","floor":7.0,"turns":3.0},{"damage":7.0,"enemies":"Blue Slaver","floor":11.0,"turns":3.0},{"damage":51.0,"enemies":"Hexaghost","floor":16.0,"turns":9.0},{"damage":10.0,"enemies":"Chosen","floor":18.0,"turns":3.0},{"damage":32.0,"enemies":"3 Byrds","floor":24.0,"turns":7.0},{"damage":34.0,"enemies":"Centurion and Healer","floor":25.0,"turns":5.0},{"damage":18.0,"enemies":"Snake Plant","floor":28.0,"turns":3.0},{"damage":14.0,"enemies":"Shelled Parasite and Fungi","floor":30.0,"turns":5.0},{"damage":73,"enemies":"Automaton","floor":33,"turns":8}],"seed_played":"-6953416355977414156","potions_obtained":[{"floor":0.0,"key":"Energy Potion"},{"floor":0.0,"key":"FairyPotion"},{"floor":0.0,"key":"SpeedPotion"},{"floor":1.0,"key":"Strength Potion"},{"floor":4.0,"key":"EssenceOfSteel"},{"floor":16.0,"key":"Weak Potion"},{"floor":25.0,"key":"Energy Potion"},{"floor":28.0,"key":"SkillPotion"}],"is_trial":false,"path_per_floor":["M","?","?","M","?","R","M","?","T","$","M","R","?","$","R","B",null,"M","$","?","?","?","R","M","M","T","R","M","R","M","?","R","B"],"character_chosen":"IRONCLAD","items_purchased":[],"campfire_rested":3,"item_purchase_floors":[],"current_hp_per_floor":[80,69,69,64,64,64,64,64,64,64,63,63,68,68,68,23,79,75,75,75,75,75,75,49,21,21,44,32,55,47,47,70,0],"gold":221,"neow_bonus":"THREE_SMALL_POTIONS","is_prod":false,"is_daily":false,"chose_seed":false,"campfire_upgraded":4,"win_rate":0,"timestamp":1550885340,"path_taken":["M","?","?","?","?","R","M","?","T","$","?","R","?","?","R","BOSS","M","$","?","?","?","R","M","M","T","R","M","R","M","?","R","BOSS"],"build_version":"2019-01-23","purchased_purges":3,"victory":false,"max_hp_per_floor":[80,80,80,80,74,74,74,74,74,74,74,74,79,79,79,79,79,79,79,79,79,79,79,79,79,79,79,79,79,79,79,79,79],"card_choices":[{"not_picked":["Armaments","Headbutt","Warcry"],"picked":"SKIP","floor":1.0},{"not_picked":["Twin Strike","Carnage","Body Slam"],"picked":"SKIP","floor":4.0},{"not_picked":["Demon Form","Iron Wave"],"picked":"Armaments","floor":7.0},{"not_picked":["Thunderclap","Dropkick"],"picked":"Anger","floor":11.0},{"not_picked":["Burning Pact","Clothesline+1","Headbutt"],"picked":"SKIP","floor":18.0},{"not_picked":["Warcry","Headbutt","Twin Strike+1"],"picked":"SKIP","floor":24.0},{"not_picked":["Power Through+1","Rage","Shockwave"],"picked":"SKIP","floor":25.0},{"not_picked":["Perfected Strike","Carnage"],"picked":"Iron Wave+1","floor":28.0},{"not_picked":["Rampage","Seeing Red","Pummel"],"picked":"SKIP","floor":30.0}],"player_experience":365723,"relics_obtained":[{"floor":9.0,"key":"Happy Flower"},{"floor":26.0,"key":"Orichalcum"}],"event_choices":[{"damage_healed":0.0,"max_hp_gain":0.0,"max_hp_loss":0.0,"gold_gain":75.0,"event_name":"World of Goop","player_choice":"Gather Gold","floor":2.0,"gold_loss":0.0,"damage_taken":11.0},{"damage_healed":0.0,"max_hp_gain":0.0,"max_hp_loss":0.0,"gold_gain":0.0,"event_name":"Accursed Blacksmith","player_choice":"Forge","floor":3.0,"gold_loss":0.0,"damage_taken":0.0,"cards_upgraded":["Bash"]},{"damage_healed":0.0,"max_hp_gain":0.0,"max_hp_loss":6.0,"gold_gain":0.0,"event_name":"Golden Idol","player_choice":"Lose Max HP","floor":5.0,"gold_loss":0.0,"damage_taken":0.0,"relics_obtained":["Golden Idol"]},{"damage_healed":0.0,"max_hp_gain":0.0,"max_hp_loss":0.0,"gold_gain":0.0,"event_name":"Upgrade Shrine","player_choice":"Upgraded","floor":8.0,"gold_loss":0.0,"damage_taken":0.0,"cards_upgraded":["Armaments"]},{"damage_healed":0.0,"max_hp_gain":5.0,"max_hp_loss":0.0,"gold_gain":0.0,"event_name":"Big Fish","player_choice":"Donut","floor":13.0,"gold_loss":0.0,"damage_taken":0.0},{"damage_healed":0.0,"max_hp_gain":0.0,"max_hp_loss":0.0,"gold_gain":0.0,"event_name":"Drug Dealer","player_choice":"Obtain J.A.X.","floor":20.0,"gold_loss":0.0,"damage_taken":0.0,"cards_obtained":["J.A.X."]},{"cards_removed":["Defend_R"],"damage_healed":0.0,"max_hp_gain":0.0,"max_hp_loss":0.0,"gold_gain":0.0,"event_name":"Back to Basics","player_choice":"Elegance","floor":21.0,"gold_loss":0.0,"damage_taken":0.0},{"damage_healed":0.0,"max_hp_gain":0.0,"max_hp_loss":0.0,"gold_gain":0.0,"event_name":"Ghosts","player_choice":"Ignored","floor":22.0,"gold_loss":0.0,"damage_taken":0.0},{"damage_healed":0.0,"max_hp_gain":0.0,"max_hp_loss":0.0,"gold_gain":0.0,"event_name":"Vampires","player_choice":"Ignored","floor":31.0,"gold_loss":0.0,"damage_taken":0.0}],"is_beta":false,"boss_relics":[{"not_picked":["Tiny House","Runic Pyramid","Fusion Hammer"]}],"items_purged_floors":[10,14,19],"is_endless":false,"potions_floor_spawned":[1,4,16,25,28],"killed_by":"Automaton","ascension_level":0}