{"gold_per_floor":[116,116,138,168,193,239,251,296,308,320,367,397,409,453,465,551,563,588,613,113,126,26,52,52,52,52,52,52,52,66,91,91,164,164,179,196,212,212,212,212,241,241,267,281,306,306,335,385,385,385,385,385,385,53,78,78],"floor_reached":57,"playtime":3127,"items_purged":["Strike_R","Strike_R"],"score":3187,"play_id":"d2896659-d08b-446c-af7b-2952394fb617","local_time":"20190117003438","is_ascension_mode":true,"campfire_choices":[{"data":"Blood for Blood","floor":7,"key":"SMITH"},{"floor":10,"key":"REST"},{"data":"Fiend Fire","floor":13,"key":"SMITH"},{"data":"Evolve","floor":15,"key":"SMITH"},{"data":"Blood for Blood","floor":24,"key":"SMITH"},{"data":"Disarm","floor":27,"key":"SMITH"},{"floor":32,"key":"REST"},{"floor":40,"key":"RECALL"},{"floor":46,"key":"REST"},{"floor":49,"key":"REST"},{"floor":53,"key":"REST"}],"neow_cost":"NONE","seed_source_timestamp":540169025048339,"circlet_count":0,"master_deck":["AscendersBane","Bash","Pommel Strike","Flame Barrier","Rampage","Shrug It Off","Blood for Blood+1","Disarm+1","Fiend Fire+1","Evolve+1","Offering+1","Offering+1","Blood for Blood+1","Warcry+1","Rage+1","Pain","True Grit+1","Power Through+1","Offering+1","Feed","Entrench+1","Clash","Disarm+1","Demon Form","Brutality","Rupture","Deep Breath+1","Impatience+1","Deep Breath+1","Feel No Pain+1","Sentinel+1","Rage+1"],"relics":["Burning Blood","War Paint","MawBank","Meat on the Bone","Shuriken","Question Card","Toxic Egg 2","Runic Cube","Pen Nib","Centennial Puzzle","WarpedTongs","Matryoshka","Pandora\u0027s Box","Bag of Preparation","Red Skull","Oddly Smooth Stone","Kunai","Du-Vu Doll","Thread and Needle","Ice Cream","Gremlin Horn"],"potions_floor_usage":[6,8,23,33,41,44,56,56],"damage_taken":[{"damage":1,"enemies":"Small Slimes","floor":1,"turns":4},{"damage":2,"enemies":"2 Louse","floor":3,"turns":3},{"damage":0,"enemies":"Cultist","floor":4,"turns":3},{"damage":4,"enemies":"Exordium Wildlife","floor":5,"turns":3},{"damage":44,"enemies":"3 Sentries","floor":6,"turns":11},{"damage":48,"enemies":"Gremlin Nob","floor":8,"turns":5},{"damage":24,"enemies":"3 Sentries","floor":11,"turns":9},{"damage":9,"enemies":"Looter","floor":12,"turns":3},{"damage":8,"enemies":"Gremlin Nob","floor":14,"turns":3},{"damage":18,"enemies":"Slime Boss","floor":16,"turns":6},{"damage":9,"enemies":"Spheric Guardian","floor":18,"turns":3},{"damage":10,"enemies":"Chosen","floor":19,"turns":4},{"damage":6,"enemies":"Centurion and Healer","floor":21,"turns":5},{"damage":34,"enemies":"Slavers","floor":23,"turns":3},{"damage":8,"enemies":"Shelled Parasite and Fungi","floor":30,"turns":3},{"damage":27,"enemies":"Gremlin Leader","floor":31,"turns":4},{"damage":29,"enemies":"Champ","floor":33,"turns":4},{"damage":15,"enemies":"3 Shapes","floor":35,"turns":5},{"damage":19,"enemies":"Orb Walker","floor":36,"turns":5},{"damage":15,"enemies":"Maw","floor":37,"turns":5},{"damage":33,"enemies":"Reptomancer","floor":41,"turns":7},{"damage":15,"enemies":"3 Darklings","floor":44,"turns":6},{"damage":24,"enemies":"Nemesis","floor":45,"turns":5},{"damage":22,"enemies":"Giant Head","floor":47,"turns":3},{"damage":31,"enemies":"2 Orb Walkers","floor":48,"turns":3},{"damage":34,"enemies":"Awakened One","floor":50,"turns":7},{"damage":30,"enemies":"Donu and Deca","floor":51,"turns":3},{"damage":37,"enemies":"Shield and Spear","floor":55,"turns":6},{"damage":43,"enemies":"The Heart","floor":56,"turns":5}],"seed_played":"-4989896440843469889","potions_obtained":[{"floor":3,"key":"BloodPotion"},{"floor":5,"key":"Regen Potion"},{"floor":6,"key":"Block Potion"},{"floor":12,"key":"SpeedPotion"},{"floor":19,"key":"Fire Potion"},{"floor":30,"key":"Strength Potion"},{"floor":36,"key":"Explosive Potion"},{"floor":41,"key":"Regen Potion"},{"floor":44,"key":"EssenceOfSteel"},{"floor":48,"key":"Regen Potion"}],"is_trial":false,"path_per_floor":["M","?","M","M","M","E","R","E","T","R","E","M","R","E","R","B",null,"M","M","$","M","$","E","R","?","T","R","?","?","M","E","R","B",null,"M","M","M","?","?","R","E","?","T","M","E","R","E","?","R","B","B",null,"R","$","E","B",null],"character_chosen":"IRONCLAD","items_purchased":["Offering+1","Pen Nib","Blood for Blood","Ice Cream"],"campfire_rested":5,"item_purchase_floors":[20,20,20,54],"current_hp_per_floor":[73,68,72,75,75,52,52,29,29,51,45,54,54,52,52,52,69,66,62,62,62,62,46,46,46,46,46,46,46,44,35,57,46,68,63,50,57,57,47,47,35,35,35,42,36,61,57,44,69,57,45,79,90,90,62,59],"gold":78,"neow_bonus":"RANDOM_COMMON_RELIC","is_prod":false,"is_daily":false,"chose_seed":false,"campfire_upgraded":5,"win_rate":0,"timestamp":1547652878,"path_taken":["M","?","M","M","M","E","R","E","T","R","E","M","R","E","R","BOSS","M","M","$","M","$","E","R","?","T","R","?","?","?","E","R","BOSS","M","M","M","?","?","R","E","?","T","M","E","R","E","?","R","BOSS","BOSS","R","$","E","BOSS"],"build_version":"2019-01-10","purchased_purges":2,"victory":true,"max_hp_per_floor":[75,75,75,75,75,75,75,75,75,75,75,75,75,75,75,75,75,75,75,75,75,75,75,75,75,75,75,75,75,75,75,75,75,75,79,79,83,83,83,83,86,82,82,86,86,86,86,86,86,90,90,90,90,90,93,93],"card_choices":[{"not_picked":["Twin Strike","Havoc"],"picked":"Pommel Strike","floor":1},{"not_picked":["Rupture","Flex"],"picked":"Flame Barrier","floor":3},{"not_picked":["Anger","Second Wind"],"picked":"Rampage","floor":4},{"not_picked":["Flex","Clash"],"picked":"Shrug It Off","floor":5},{"not_picked":["Ghostly Armor","Anger"],"picked":"Blood for Blood","floor":6},{"not_picked":["Searing Blow","Reckless Charge"],"picked":"Disarm","floor":8},{"not_picked":["Cleave","Blood for Blood","Flex"],"picked":"Fiend Fire","floor":11},{"not_picked":["Pummel","Body Slam","Iron Wave"],"picked":"Warcry+1","floor":12},{"not_picked":["Exhume+1","Iron Wave","Dual Wield+1"],"picked":"Evolve","floor":14},{"not_picked":["Reaper","Fiend Fire","Brutality"],"picked":"Offering+1","floor":16},{"not_picked":["Clothesline","Sword Boomerang+1","Dual Wield+1","Wild Strike"],"picked":"SKIP","floor":18},{"not_picked":["Pommel Strike","Anger","Iron Wave","Corruption"],"picked":"SKIP","floor":19},{"not_picked":["Iron Wave","Twin Strike","Combust"],"picked":"Warcry+1","floor":21},{"not_picked":["Feel No Pain","Thunderclap","Perfected Strike"],"picked":"Rage+1","floor":23},{"not_picked":["Hemokinesis","Cleave","Juggernaut"],"picked":"True Grit+1","floor":30},{"not_picked":["Headbutt","Anger","Dropkick"],"picked":"Power Through+1","floor":31},{"not_picked":["Brutality","Immolate","Exhume+1"],"picked":"Offering+1","floor":33},{"not_picked":["Shrug It Off+1","Shockwave+1","Thunderclap","Iron Wave+1"],"picked":"SKIP","floor":35},{"not_picked":["Clothesline","Body Slam","Cleave","Sword Boomerang"],"picked":"SKIP","floor":36},{"not_picked":["Bloodletting+1","Combust","Shrug It Off+1"],"picked":"Rupture","floor":37},{"not_picked":["Dramatic Entrance","Apotheosis+1","Chrysalis+1"],"picked":"Deep Breath+1","floor":39},{"not_picked":["Mind Blast","Sadistic Nature","Magnetism"],"picked":"Impatience+1","floor":39},{"not_picked":["Trip+1","Sadistic Nature","HandOfGreed"],"picked":"Deep Breath+1","floor":39},{"not_picked":["Pommel Strike","Spot Weakness+1","Body Slam","Sword Boomerang"],"picked":"SKIP","floor":41},{"not_picked":["Dual Wield+1","Warcry+1","Anger"],"picked":"Feel No Pain+1","floor":44},{"not_picked":["Spot Weakness+1","Rage+1","Feel No Pain+1","Infernal Blade+1"],"picked":"SKIP","floor":45},{"not_picked":["Searing Blow+1","Flame Barrier+1","Headbutt"],"picked":"Sentinel+1","floor":47},{"not_picked":["Havoc+1","Flex+1","Warcry+1"],"picked":"Rage+1","floor":48},{"not_picked":["Cleave","Wild Strike","Evolve","Searing Blow"],"picked":"SKIP","floor":55}],"player_experience":4100899,"relics_obtained":[{"floor":6,"key":"Meat on the Bone"},{"floor":8,"key":"Shuriken"},{"floor":9,"key":"Question Card"},{"floor":11,"key":"Toxic Egg 2"},{"floor":23,"key":"Centennial Puzzle"},{"floor":31,"key":"Matryoshka"},{"floor":41,"key":"Bag of Preparation"},{"floor":43,"key":"Red Skull"},{"floor":43,"key":"Oddly Smooth Stone"},{"floor":45,"key":"Kunai"},{"floor":47,"key":"Du-Vu Doll"},{"floor":48,"key":"Thread and Needle"},{"floor":55,"key":"Gremlin Horn"}],"event_choices":[{"damage_healed":0,"gold_gain":0,"player_choice":"Success","damage_taken":5,"relics_obtained":["MawBank"],"max_hp_gain":0,"max_hp_loss":0,"event_name":"Scrap Ooze","floor":2,"gold_loss":0},{"cards_removed":["Strike_R"],"damage_healed":0,"gold_gain":0,"player_choice":"Elegance","damage_taken":0,"max_hp_gain":0,"max_hp_loss":0,"event_name":"Back to Basics","floor":28,"gold_loss":0},{"damage_healed":0,"gold_gain":0,"player_choice":"Rummage","damage_taken":0,"relics_obtained":["WarpedTongs"],"max_hp_gain":0,"max_hp_loss":0,"event_name":"Accursed Blacksmith","floor":29,"gold_loss":0,"cards_obtained":["Pain"]},{"cards_removed":["Warcry"],"damage_healed":0,"gold_gain":0,"player_choice":"Removed Skill","damage_taken":0,"max_hp_gain":0,"max_hp_loss":0,"event_name":"Falling","floor":38,"gold_loss":0},{"damage_healed":0,"gold_gain":0,"player_choice":"Memory 3","damage_taken":10,"max_hp_gain":0,"max_hp_loss":0,"event_name":"SensoryStone","floor":39,"gold_loss":0},{"damage_healed":0,"gold_gain":0,"player_choice":"Max HP","damage_taken":0,"max_hp_gain":0,"max_hp_loss":4,"event_name":"Winding Halls","floor":42,"gold_loss":0},{"damage_healed":0,"gold_gain":0,"player_choice":"Fight","damage_taken":0,"max_hp_gain":0,"max_hp_loss":0,"event_name":"Mysterious Sphere","floor":48,"gold_loss":0}],"is_beta":false,"boss_relics":[{"not_picked":["Tiny House","Runic Dome"],"picked":"Runic Cube"},{"not_picked":["Eternal Feather","Calling Bell"],"picked":"Pandora\u0027s Box"}],"items_purged_floors":[20,22],"is_endless":false,"potions_floor_spawned":[3,5,6,12,16,19,30,36,41,44,47,48],"ascension_level":20}