{"gold_per_floor":[109,121,141,158,83,83,83,83,83,54,54,69,91,119,119,192,192,206,219,144,59,59,59],"floor_reached":23,"playtime":718,"items_purged":["Strike_G"],"score":378,"play_id":"be1d775d-cd03-4f04-ad82-e4330f3101e5","local_time":"20190307020218","is_ascension_mode":true,"campfire_choices":[{"data":"Noxious Fumes","floor":6,"key":"SMITH"},{"data":"Noxious Fumes","floor":8,"key":"SMITH"},{"data":"Corpse Explosion","floor":11,"key":"SMITH"},{"data":"Bane","floor":15,"key":"SMITH"}],"neow_cost":"PERCENT_DAMAGE","seed_source_timestamp":1770303074184500,"circlet_count":0,"master_deck":["AscendersBane","Defend_G","Defend_G","Defend_G","Defend_G","Strike_G","Survivor","Neutralize","Corpse Explosion+1","Noxious Fumes+1","Quick Slash","Noxious Fumes+1","PiercingWail","Dagger Spray","Backflip","Bane+1","Footwork","PiercingWail","Venomology","Escape Plan","Flechettes","Distraction"],"relics":["Ring of the Snake","Bottled Lightning","Odd Mushroom","StoneCalendar","Orrery","Strawberry"],"potions_floor_usage":[13,16,18,19,23],"damage_taken":[{"damage":2,"enemies":"2 Louse","floor":1,"turns":3},{"damage":1,"enemies":"Small Slimes","floor":2,"turns":3},{"damage":6,"enemies":"Cultist","floor":3,"turns":5},{"damage":1,"enemies":"2 Fungi Beasts","floor":4,"turns":2},{"damage":2,"enemies":"Looter","floor":12,"turns":4},{"damage":3,"enemies":"The Mushroom Lair","floor":13,"turns":2},{"damage":18,"enemies":"Lagavulin","floor":14,"turns":7},{"damage":6,"enemies":"The Guardian","floor":16,"turns":9},{"damage":10,"enemies":"Chosen","floor":18,"turns":6},{"damage":28,"enemies":"Shell Parasite","floor":19,"turns":6},{"damage":20,"enemies":"Slavers","floor":23,"turns":2}],"seed_played":"-4737333974819790537","potions_obtained":[{"floor":2,"key":"SteroidPotion"},{"floor":3,"key":"GhostInAJar"},{"floor":14,"key":"Block Potion"},{"floor":16,"key":"Block Potion"},{"floor":18,"key":"Explosive Potion"}],"is_trial":false,"path_per_floor":["M","M","M","M","?","R","?","R","T","$","R","M","?","E","R","B",null,"M","M","$","?","?","E"],"character_chosen":"THE_SILENT","items_purchased":["Backflip"],"campfire_rested":0,"item_purchase_floors":[10],"current_hp_per_floor":[42,41,35,34,34,34,34,34,34,34,34,32,29,11,11,5,51,41,13,13,20,20,0],"gold":59,"neow_bonus":"THREE_RARE_CARDS","is_prod":false,"is_daily":false,"chose_seed":false,"campfire_upgraded":4,"win_rate":0,"timestamp":1551891738,"path_taken":["M","M","M","M","?","R","?","R","T","$","R","M","?","E","R","BOSS","M","M","$","?","?","E"],"build_version":"2019-01-23","purchased_purges":1,"victory":false,"max_hp_per_floor":[66,66,66,66,66,66,66,66,66,66,66,66,66,66,66,66,66,66,66,66,73,73,73],"card_choices":[{"not_picked":["Venomology","Glass Knife"],"picked":"Corpse Explosion","floor":0},{"not_picked":["Bane","Blur"],"picked":"Noxious Fumes","floor":1},{"not_picked":["Deadly Poison","Choke"],"picked":"Quick Slash","floor":2},{"not_picked":["PiercingWail","Dodge and Roll"],"picked":"Noxious Fumes","floor":3},{"not_picked":["Escape Plan","Finisher"],"picked":"PiercingWail","floor":4},{"not_picked":["Flying Knee","Flechettes"],"picked":"Bane","floor":12},{"not_picked":["Distraction","Caltrops","Slice"],"picked":"SKIP","floor":14},{"not_picked":["Bouncing Flask","Flechettes"],"picked":"Footwork","floor":17},{"not_picked":["Bane","Prepared"],"picked":"PiercingWail","floor":17},{"not_picked":["Flechettes","Riddle With Holes"],"picked":"Venomology","floor":18},{"not_picked":["Dagger Spray","Outmaneuver"],"picked":"Escape Plan","floor":19}],"player_experience":4481564,"relics_obtained":[{"floor":9,"key":"Bottled Lightning"},{"floor":13,"key":"Odd Mushroom"},{"floor":14,"key":"StoneCalendar"}],"event_choices":[{"cards_removed":["Strike_G"],"damage_healed":0,"gold_gain":0,"player_choice":"Card Removal","damage_taken":0,"max_hp_gain":0,"max_hp_loss":0,"event_name":"The Cleric","floor":5,"gold_loss":75},{"damage_healed":0,"gold_gain":0,"cards_transformed":["Strike_G"],"player_choice":"Change","damage_taken":0,"max_hp_gain":0,"max_hp_loss":0,"event_name":"Living Wall","floor":7,"gold_loss":0,"cards_obtained":["Dagger Spray"]},{"damage_healed":0,"gold_gain":0,"player_choice":"Fought Mushrooms","damage_taken":0,"max_hp_gain":0,"max_hp_loss":0,"event_name":"Mushrooms","floor":13,"gold_loss":0},{"damage_healed":0,"gold_gain":0,"player_choice":"Obtained Relic","damage_taken":0,"relics_obtained":["Strawberry"],"max_hp_gain":0,"max_hp_loss":0,"event_name":"Addict","floor":21,"gold_loss":85},{"damage_healed":0,"gold_gain":0,"cards_transformed":["Defend_G","Strike_G"],"player_choice":"Became Test Subject","damage_taken":0,"max_hp_gain":0,"max_hp_loss":0,"event_name":"Drug Dealer","floor":22,"gold_loss":0,"cards_obtained":["Flechettes","Distraction"]}],"is_beta":false,"boss_relics":[{"not_picked":["HoveringKite","Lizard Tail"],"picked":"Orrery"}],"items_purged_floors":[20],"is_endless":false,"potions_floor_spawned":[2,3,12,14,16,18],"killed_by":"Slavers","ascension_level":20}