{"gold_per_floor":[116,116,126,136,61,61,90,90,90,109,23,39,39,56,56,133,133,153,78,91,291,9,9,28,28],"floor_reached":25,"playtime":800,"items_purged":["Strike_R"],"score":406,"play_id":"4586e856-d809-49f4-93aa-2ce6f5eaf14f","local_time":"20190319002456","is_ascension_mode":true,"campfire_choices":[{"data":"Shockwave","floor":6,"key":"SMITH"},{"data":"Dropkick","floor":8,"key":"SMITH"},{"data":"Metallicize","floor":13,"key":"SMITH"},{"data":"Double Tap","floor":15,"key":"SMITH"},{"data":"Bludgeon","floor":23,"key":"SMITH"}],"neow_cost":"NONE","seed_source_timestamp":1020602682783855,"circlet_count":0,"master_deck":["AscendersBane","Strike_R","Strike_R","Strike_R","Strike_R","Defend_R","Defend_R","Defend_R","Defend_R","Bash+1","Metallicize+1","Shockwave+1","Headbutt","Dropkick+1","Double Tap+1","Pummel","Impervious","Bludgeon+1","Iron Wave","Dual Wield","Feed","Ghostly Armor","Inflame"],"relics":["Burning Blood","NeowsBlessing","Ginger","Shuriken","Blood Vial","Sozu"],"potions_floor_usage":[7,7,12,16,20],"damage_taken":[{"damage":0,"enemies":"Small Slimes","floor":1,"turns":1},{"damage":0,"enemies":"Cultist","floor":3,"turns":1},{"damage":0,"enemies":"2 Louse","floor":4,"turns":2},{"damage":21,"enemies":"3 Sentries","floor":7,"turns":7},{"damage":12,"enemies":"Lots of Slimes","floor":10,"turns":4},{"damage":6,"enemies":"Looter","floor":12,"turns":3},{"damage":24,"enemies":"Exordium Thugs","floor":14,"turns":4},{"damage":33,"enemies":"Hexaghost","floor":16,"turns":9},{"damage":10,"enemies":"Shell Parasite","floor":18,"turns":4},{"damage":2,"enemies":"Chosen","floor":20,"turns":3},{"damage":33,"enemies":"Snake Plant","floor":24,"turns":4},{"damage":46,"enemies":"Slavers","floor":25,"turns":2}],"seed_played":"-1403622489534570260","potions_obtained":[{"floor":1,"key":"Fruit Juice"},{"floor":4,"key":"Explosive Potion"},{"floor":10,"key":"EntropicBrew"},{"floor":12,"key":"FearPotion"}],"is_trial":false,"path_per_floor":["M","?","M","M","$","R","E","R","T","M","?","M","R","M","R","B",null,"M","$","M","?","$","R","M","E"],"character_chosen":"IRONCLAD","items_purchased":["Dropkick","Feed","Ghostly Armor","Inflame"],"campfire_rested":0,"item_purchase_floors":[5,22,22,22],"current_hp_per_floor":[74,74,75,75,75,75,65,65,65,59,59,61,61,45,45,20,65,63,63,69,69,69,69,44,0],"gold":28,"neow_bonus":"THREE_ENEMY_KILL","is_prod":false,"is_daily":false,"chose_seed":false,"campfire_upgraded":5,"win_rate":0,"timestamp":1552922696,"path_taken":["M","?","?","M","?","R","E","R","T","M","?","M","R","?","R","BOSS","M","$","M","?","?","R","M","E"],"build_version":"2019-01-23","purchased_purges":1,"victory":false,"max_hp_per_floor":[75,75,75,75,75,75,80,80,80,80,80,80,80,80,80,80,80,80,80,80,80,80,80,80,80],"card_choices":[{"not_picked":["Searing Blow","Rampage"],"picked":"Metallicize","floor":1},{"not_picked":["Sever Soul","Clothesline"],"picked":"Shockwave","floor":3},{"not_picked":["Flex","True Grit"],"picked":"Headbutt","floor":4},{"not_picked":["Armaments","Entrench"],"picked":"Double Tap","floor":7},{"not_picked":["Pummel","Heavy Blade","Flex"],"picked":"SKIP","floor":10},{"not_picked":["Clothesline","Body Slam"],"picked":"Pummel","floor":12},{"not_picked":["Body Slam","Perfected Strike"],"picked":"Impervious","floor":14},{"not_picked":["Double Tap","Barricade"],"picked":"Bludgeon","floor":16},{"not_picked":["Armaments","Anger"],"picked":"Iron Wave","floor":18},{"not_picked":["Flame Barrier","Rage"],"picked":"Dual Wield","floor":20},{"not_picked":["Wild Strike+1","Havoc","Iron Wave"],"picked":"SKIP","floor":24}],"player_experience":746461,"relics_obtained":[{"floor":7,"key":"Ginger"},{"floor":9,"key":"Shuriken"}],"event_choices":[{"damage_healed":0,"gold_gain":0,"player_choice":"Upgraded","damage_taken":0,"max_hp_gain":0,"max_hp_loss":0,"event_name":"Upgrade Shrine","floor":2,"gold_loss":0,"cards_upgraded":["Bash"]},{"damage_healed":0,"gold_gain":0,"player_choice":"Paid Gold","damage_taken":0,"relics_obtained":["Blood Vial"],"max_hp_gain":0,"max_hp_loss":0,"event_name":"WeMeetAgain","floor":11,"gold_loss":86},{"damage_healed":0,"gold_gain":250,"player_choice":"Bet on Owner","damage_taken":0,"max_hp_gain":0,"max_hp_loss":0,"event_name":"The Joust","floor":21,"gold_loss":50}],"is_beta":false,"boss_relics":[{"not_picked":["Philosopher\u0027s Stone","Runic Cube"],"picked":"Sozu"}],"items_purged_floors":[19],"is_endless":false,"potions_floor_spawned":[1,4,10,12,18,20],"killed_by":"Slavers","ascension_level":20}