{"gold_per_floor":[216,226,241,241,241,241,252,287,287,314,314,329,329,214,214,291,291,309,65,65,77,2,22,22,51,104,134,149,149,198,213,213,285,285,296,343,343,353,432,432,432,466,512,571,571,635,635,694,694,740,740,740,41,113,155],"floor_reached":56,"playtime":2879,"items_purged":["Strike_R","ReplayTheSpireMod:Splinters"],"score":2404,"play_id":"5be0d371-e689-4131-8a7b-3a51e8b096ef","local_time":"20190116003855","is_ascension_mode":true,"campfire_choices":[{"data":"Battle Trance","floor":6,"key":"SMITH"},{"data":"Rampage","floor":11,"key":"SMITH"},{"data":"Bash","floor":15,"key":"SMITH"},{"data":"Corruption","floor":24,"key":"SMITH"},{"floor":32,"key":"REST"},{"floor":40,"key":"REST"},{"data":"Feel No Pain","floor":45,"key":"SMITH"},{"floor":49,"key":"RECALL"},{"data":"Flame Barrier","floor":52,"key":"SMITH"}],"neow_cost":"NONE","seed_source_timestamp":454271440662817,"circlet_count":0,"master_deck":["AscendersBane","Defend_R","Bash+1","Rampage+1","Battle Trance+1","Replay:Undeath\u0027s Touch+1","Double Tap+1","Feel No Pain+1","Dark Embrace+1","Corruption+1","Replay:Many Hands+1","Finesse","Secret Technique+1","Thinking Ahead+1","Bloodletting+1","Flame Barrier+1","Shrug It Off+1","Deep Breath+1","Abandon"],"relics":["Burning Blood","ReplayTheSpireMod:Spearhead","Whetstone","Mummified Hand","Kintsugi","Guide Book","Golden Egg","Baseball","Anchor","Meat on the Bone","Black Star","Incense Burner","Replay:Rubber Ducky","Bandana","ReplayTheSpireMod:Lightbulb","Regal Pillow","Oddly Smooth Stone","Paper Frog","Lantern","Bronze Scales","Pet Ghost","Frozen Eye","Centennial Puzzle","Bag of Preparation"],"potions_floor_usage":[8,16,31,42,42,42,55,55],"damage_taken":[{"damage":3,"enemies":"Jaw Worm","floor":1,"turns":6},{"damage":8,"enemies":"2 Louse","floor":2,"turns":3},{"damage":1,"enemies":"Cultist","floor":3,"turns":4},{"damage":5,"enemies":"Gremlin Gang","floor":7,"turns":7},{"damage":18,"enemies":"Gremlin Nob","floor":8,"turns":3},{"damage":30,"enemies":"3 Sentries","floor":10,"turns":8},{"damage":10,"enemies":"2 Fungi Beasts","floor":12,"turns":3},{"damage":23,"enemies":"Hexaghost","floor":16,"turns":7},{"damage":25,"enemies":"3 Byrds","floor":18,"turns":4},{"damage":0,"enemies":"Spheric Guardian","floor":21,"turns":2},{"damage":2,"enemies":"3 Cultists","floor":23,"turns":4},{"damage":27,"enemies":"Gremlin Leader","floor":25,"turns":4},{"damage":4,"enemies":"Replay:Snechameleon","floor":27,"turns":2},{"damage":0,"enemies":"Shelled Parasite and Fungi","floor":28,"turns":2},{"damage":0,"enemies":"Sentry and Sphere","floor":31,"turns":4},{"damage":32,"enemies":"Collector","floor":33,"turns":3},{"damage":0,"enemies":"Orb Walker","floor":35,"turns":2},{"damage":29,"enemies":"2 Orb Walkers","floor":36,"turns":4},{"damage":0,"enemies":"3 Darklings","floor":38,"turns":3},{"damage":14,"enemies":"R_Hoarder","floor":42,"turns":11},{"damage":3,"enemies":"Reptomancer","floor":44,"turns":2},{"damage":1,"enemies":"R_Hoarder","floor":46,"turns":3},{"damage":3,"enemies":"4 Shapes","floor":48,"turns":2},{"damage":3,"enemies":"Awakened One","floor":50,"turns":3},{"damage":6,"enemies":"Shield and Spear","floor":54,"turns":2},{"damage":20,"enemies":"The Heart","floor":55,"turns":3}],"seed_played":"-6588708524750370298","potions_obtained":[{"floor":2,"key":"Energy Potion"},{"floor":3,"key":"SteroidPotion"},{"floor":12,"key":"Elixir"},{"floor":18,"key":"Swift Potion"},{"floor":31,"key":"Energy Potion"}],"is_trial":false,"path_per_floor":["M","M","M","?","?","R","M","E","T","E","R","M","?","$","R","B",null,"M","$","?","M","?","M","R","E","T","E","M","?","?","M","R","B",null,"M","?","?","M","T","R","?","E","T","E","R","E","?","M","R","B",null,"R","$","E","B",null],"character_chosen":"IRONCLAD","items_purchased":["Feel No Pain","Guide Book","Shrug It Off","Bronze Scales","Adrenaline Potion","Pet Ghost","Deep Breath","Frozen Eye"],"campfire_rested":2,"item_purchase_floors":[14,19,53,53,53,53,53,53],"current_hp_per_floor":[71,69,74,74,74,74,75,63,63,39,39,35,35,35,35,18,61,42,42,42,48,48,52,52,31,31,33,39,39,9,27,49,35,65,71,48,38,44,44,66,66,58,58,61,61,66,66,69,69,72,74,74,74,74,60],"gold":155,"neow_bonus":"HUNDRED_GOLD","is_prod":false,"is_daily":false,"chose_seed":false,"campfire_upgraded":6,"win_rate":0,"timestamp":1547566735,"path_taken":["M","M","M","?","?","R","?","E","T","E","R","?","?","?","R","BOSS","M","$","?","M","?","M","R","E","T","E","?","?","?","?","R","BOSS","M","?","?","M","?","R","?","E","T","E","R","E","?","M","R","BOSS","R","$","E","BOSS"],"build_version":"2019-01-10","purchased_purges":2,"victory":true,"max_hp_per_floor":[75,75,75,75,75,75,75,75,75,75,75,75,75,75,75,75,75,75,75,75,75,75,75,75,75,75,75,75,75,75,75,75,75,75,75,75,75,75,75,75,75,75,75,75,75,75,75,75,75,75,75,75,75,75,75],"card_choices":[{"not_picked":["Iron Wave","Rage"],"picked":"Rampage","floor":1},{"not_picked":["Intimidate","Pommel Strike"],"picked":"Battle Trance","floor":2},{"not_picked":["Thunderclap","Dropkick","Armaments"],"picked":"SKIP","floor":3},{"not_picked":["Headbutt","Feel No Pain"],"picked":"Replay:Undeath\u0027s Touch","floor":7},{"not_picked":["Sentinel","Bludgeon"],"picked":"Double Tap","floor":8},{"not_picked":["Clash","Warcry","Clothesline"],"picked":"SKIP","floor":10},{"not_picked":["Defy Death","Shockwave","Iron Wave"],"picked":"SKIP","floor":12},{"not_picked":["Brutality","Hemogenesis"],"picked":"Dark Embrace","floor":16},{"not_picked":["Bloodletting","Ghostly Armor"],"picked":"Second Wind","floor":18},{"not_picked":["Blood for Blood","True Grit","ReplayTheSpireMod:Muscle Training"],"picked":"SKIP","floor":21},{"not_picked":["Carnage","Sword Boomerang"],"picked":"Corruption","floor":23},{"not_picked":["Combust","Pommel Strike","Dual Wield"],"picked":"SKIP","floor":25},{"not_picked":["Armaments","Iron Wave","Twin Strike"],"picked":"SKIP","floor":27},{"not_picked":["Warcry","True Grit","Pummel"],"picked":"SKIP","floor":28},{"not_picked":["Rampage","Entrench","Intimidate"],"picked":"SKIP","floor":31},{"not_picked":["Brutality","Hemogenesis"],"picked":"Replay:Many Hands","floor":33},{"not_picked":["ReplayReversal","Pommel Strike+1","Dropkick"],"picked":"SKIP","floor":35},{"not_picked":["Sadistic Nature","Mind Blast"],"picked":"Finesse","floor":37},{"not_picked":["Apotheosis","Swift Strike"],"picked":"Secret Technique","floor":37},{"not_picked":["Enlightenment","Purity"],"picked":"Thinking Ahead","floor":37},{"not_picked":["Iron Wave","Second Wind"],"picked":"Bloodletting+1","floor":38},{"not_picked":["Rage","Reckless Charge+1","Run Through"],"picked":"SKIP","floor":42},{"not_picked":["ReplayTheSpireMod:Limb From Limb+1","Rage","ReplayTheSpireMod:Muscle Training"],"picked":"SKIP","floor":44},{"not_picked":["Berserk","ReplayTheSpireMod:LeadingStrike","Inflame"],"picked":"SKIP","floor":46},{"not_picked":["Replay:Undeath\u0027s Touch","Rage"],"picked":"Flame Barrier","floor":48},{"not_picked":["Whirlwind","Searing Blow+1"],"picked":"Abandon","floor":54}],"player_experience":4085559,"relics_obtained":[{"floor":8,"key":"ReplayTheSpireMod:Spearhead"},{"floor":9,"key":"Whetstone"},{"floor":10,"key":"Mummified Hand"},{"floor":25,"key":"Golden Egg"},{"floor":26,"key":"Baseball"},{"floor":27,"key":"Anchor"},{"floor":30,"key":"Meat on the Bone"},{"floor":36,"key":"Incense Burner"},{"floor":42,"key":"Replay:Rubber Ducky"},{"floor":42,"key":"Bandana"},{"floor":43,"key":"ReplayTheSpireMod:Lightbulb"},{"floor":44,"key":"Regal Pillow"},{"floor":44,"key":"Oddly Smooth Stone"},{"floor":46,"key":"Paper Frog"},{"floor":46,"key":"Lantern"},{"floor":54,"key":"Centennial Puzzle"},{"floor":54,"key":"Bag of Preparation"}],"event_choices":[{"damage_healed":0,"gold_gain":0,"player_choice":"Ignored","damage_taken":0,"max_hp_gain":0,"max_hp_loss":0,"event_name":"Liars Game","floor":4,"gold_loss":0},{"cards_removed":["Strike_R"],"damage_healed":0,"gold_gain":0,"player_choice":"Offered Basic","damage_taken":0,"max_hp_gain":0,"max_hp_loss":0,"event_name":"Bonfire Elementals","floor":5,"gold_loss":0},{"cards_removed":["Strike_R"],"damage_healed":0,"gold_gain":0,"player_choice":"Purged","damage_taken":0,"max_hp_gain":0,"max_hp_loss":0,"event_name":"Purifier","floor":13,"gold_loss":0},{"damage_healed":0,"gold_gain":0,"player_choice":"Ignored","damage_taken":0,"max_hp_gain":0,"max_hp_loss":0,"event_name":"Cursed Tome","floor":20,"gold_loss":0},{"cards_removed":["Languid"],"damage_healed":0,"gold_gain":0,"player_choice":"Gave Gold","damage_taken":0,"max_hp_gain":0,"max_hp_loss":0,"event_name":"Beggar","floor":22,"gold_loss":75},{"damage_healed":0,"gold_gain":0,"player_choice":"Fight","damage_taken":0,"max_hp_gain":0,"max_hp_loss":0,"event_name":"Mysterious Sphere","floor":36,"gold_loss":0},{"damage_healed":0,"gold_gain":0,"player_choice":"Memory 3","damage_taken":10,"max_hp_gain":0,"max_hp_loss":0,"event_name":"SensoryStone","floor":37,"gold_loss":0},{"cards_removed":["Second Wind"],"damage_healed":0,"gold_gain":0,"player_choice":"Removed Skill","damage_taken":0,"max_hp_gain":0,"max_hp_loss":0,"event_name":"Falling","floor":41,"gold_loss":0},{"damage_healed":0,"gold_gain":0,"player_choice":"Ignored","damage_taken":0,"max_hp_gain":0,"max_hp_loss":0,"event_name":"Tomb of Lord Red Mask","floor":47,"gold_loss":0}],"is_beta":false,"boss_relics":[{"not_picked":["Black Blood","Coffee Dripper"],"picked":"Kintsugi"},{"not_picked":["Snecko Eye","Philosopher\u0027s Stone"],"picked":"Black Star"}],"items_purged_floors":[14,19],"is_endless":false,"potions_floor_spawned":[2,3,7,12,18,28,31,35,46],"ascension_level":15}