{"gold_per_floor":[14,32,48,68,79,79,114,114,166,182,182,142,157,191,191,265,265,280,280,290,290,321,321,321],"floor_reached":24,"playtime":1471,"items_purged":[],"score":399,"play_id":"4a0fb70f-6527-46f0-b5c2-400a49dd14a0","local_time":"20190320102054","is_ascension_mode":true,"campfire_choices":[{"data":"Whirlwind","floor":6.0,"key":"SMITH"},{"data":"Evolve","floor":8.0,"key":"SMITH"},{"data":"True Grit","floor":11.0,"key":"SMITH"},{"data":"Seeing Red","floor":15.0,"key":"SMITH"},{"data":"Limit Break","floor":23.0,"key":"SMITH"}],"neow_cost":"NO_GOLD","seed_source_timestamp":331819184920,"circlet_count":0,"master_deck":["AscendersBane","Strike_R","Strike_R","Strike_R","Strike_R","Strike_R","Defend_R","Defend_R","Defend_R","Defend_R","Bash","Sword Boomerang","Carnage","Wild Strike","Feel No Pain","Whirlwind+1","Evolve+1","True Grit+1","Reckless Charge","Seeing Red+1","Limit Break+1","Uppercut"],"special_seed":0,"relics":["Burning Blood","Oddly Smooth Stone","Potion Belt","Self Forming Clay","Eternal Feather","Red Mask"],"potions_floor_usage":[24],"damage_taken":[{"damage":2.0,"enemies":"Cultist","floor":1.0,"turns":4.0},{"damage":7.0,"enemies":"Small Slimes","floor":2.0,"turns":3.0},{"damage":2.0,"enemies":"2 Louse","floor":3.0,"turns":3.0},{"damage":9.0,"enemies":"Red Slaver","floor":4.0,"turns":3.0},{"damage":20.0,"enemies":"Lots of Slimes","floor":5.0,"turns":7.0},{"damage":22.0,"enemies":"3 Sentries","floor":7.0,"turns":9.0},{"damage":1.0,"enemies":"3 Louse","floor":10.0,"turns":3.0},{"damage":11.0,"enemies":"Looter","floor":13.0,"turns":2.0},{"damage":28.0,"enemies":"Lagavulin","floor":14.0,"turns":5.0},{"damage":31.0,"enemies":"Hexaghost","floor":16.0,"turns":10.0},{"damage":38.0,"enemies":"Spheric Guardian","floor":18.0,"turns":7.0},{"damage":27.0,"enemies":"Chosen","floor":20.0,"turns":6.0},{"damage":0.0,"enemies":"Shelled Parasite and Fungi","floor":21.0,"turns":1.0},{"damage":12.0,"enemies":"Masked Bandits","floor":22.0,"turns":2.0},{"damage":53,"enemies":"Slavers","floor":24,"turns":3}],"seed_played":"-6882416675927164229","potions_obtained":[{"floor":2.0,"key":"Energy Potion"},{"floor":3.0,"key":"Strength Potion"},{"floor":12.0,"key":"SmokeBomb"},{"floor":12.0,"key":"Block Potion"},{"floor":14.0,"key":"FearPotion"},{"floor":20.0,"key":"Regen Potion"},{"floor":22.0,"key":"PowerPotion"}],"is_trial":false,"path_per_floor":["M","M","M","M","M","R","E","R","T","M","R","?","M","E","R","B",null,"M","?","M","M","?","R","E"],"character_chosen":"IRONCLAD","items_purchased":[],"campfire_rested":0,"item_purchase_floors":[],"current_hp_per_floor":[86,85,89,86,72,72,56,56,56,61,61,61,56,34,34,9,69,37,55,34,40,39,51,0],"gold":321,"neow_bonus":"TWENTY_PERCENT_HP_BONUS","is_prod":false,"is_daily":false,"chose_seed":false,"campfire_upgraded":5,"win_rate":0,"timestamp":1553044854,"path_taken":["M","M","?","M","M","R","E","R","T","M","R","?","?","E","R","BOSS","M","?","M","M","?","R","E"],"build_version":"2019-01-23","purchased_purges":0,"victory":false,"max_hp_per_floor":[89,89,89,89,89,89,89,89,89,89,89,89,89,89,89,89,89,89,89,89,89,89,89,89],"card_choices":[{"not_picked":["Perfected Strike","Metallicize"],"picked":"Sword Boomerang","floor":1.0},{"not_picked":["True Grit","Perfected Strike"],"picked":"Carnage","floor":2.0},{"not_picked":["Clothesline","Warcry"],"picked":"Wild Strike","floor":3.0},{"not_picked":["Dark Embrace","Heavy Blade"],"picked":"Feel No Pain","floor":4.0},{"not_picked":["Spot Weakness","Cleave"],"picked":"Whirlwind","floor":5.0},{"not_picked":["Second Wind","Clothesline"],"picked":"Evolve","floor":7.0},{"not_picked":["Wild Strike","Perfected Strike"],"picked":"True Grit","floor":10.0},{"not_picked":["Infernal Blade","Sever Soul"],"picked":"Reckless Charge","floor":13.0},{"not_picked":["Barricade","Twin Strike"],"picked":"Seeing Red","floor":14.0},{"not_picked":["Double Tap","Bludgeon"],"picked":"Limit Break","floor":16.0},{"not_picked":["Sword Boomerang","Anger","Perfected Strike"],"picked":"SKIP","floor":18.0},{"not_picked":["Rupture","Sword Boomerang","Havoc"],"picked":"SKIP","floor":20.0},{"not_picked":["Cleave","Dropkick"],"picked":"Uppercut","floor":22.0}],"player_experience":367034,"relics_obtained":[{"floor":7.0,"key":"Oddly Smooth Stone"},{"floor":9.0,"key":"Potion Belt"},{"floor":14.0,"key":"Self Forming Clay"},{"floor":22.0,"key":"Red Mask"}],"event_choices":[{"damage_healed":0.0,"max_hp_gain":0.0,"max_hp_loss":0.0,"gold_gain":0.0,"event_name":"The Woman in Blue","player_choice":"Bought 3 Potions","floor":12.0,"gold_loss":0.0,"damage_taken":0.0},{"damage_healed":18.0,"max_hp_gain":0.0,"max_hp_loss":0.0,"gold_gain":0.0,"event_name":"The Library","player_choice":"Heal","floor":19.0,"gold_loss":0.0,"damage_taken":0.0},{"damage_healed":0.0,"max_hp_gain":0.0,"max_hp_loss":0.0,"gold_gain":0.0,"event_name":"Masked Bandits","player_choice":"Fought Bandits","floor":22.0,"gold_loss":0.0,"damage_taken":0.0}],"is_beta":false,"boss_relics":[{"not_picked":["Calling Bell","Orrery"],"picked":"Eternal Feather"}],"items_purged_floors":[],"is_endless":false,"potions_floor_spawned":[2,3,5,14,20,21,22],"killed_by":"Slavers","ascension_level":18}