{"gold_per_floor":[116,116,135,148,148,148,166,199,199,219,219,18,18,53,53,53],"floor_reached":16,"playtime":378,"items_purged":["Strike_R"],"score":220,"play_id":"f88c8c65-e347-4669-8d55-f8fc7aa2e719","local_time":"20190119235145","is_ascension_mode":true,"campfire_choices":[{"data":"Infernal Blade","floor":6,"key":"SMITH"},{"data":"Disarm","floor":11,"key":"SMITH"},{"data":"Metallicize","floor":13,"key":"SMITH"},{"data":"Sword Boomerang","floor":15,"key":"SMITH"}],"neow_cost":"TEN_PERCENT_HP_LOSS","seed_source_timestamp":24689804429846,"circlet_count":0,"master_deck":["AscendersBane","Strike_R","Defend_R","Defend_R","Defend_R","Defend_R","Bash","Infernal Blade+1","Demon Form+1","Sword Boomerang+1","Combust","Disarm+1","Metallicize+1","Heavy Blade","Evolve","Ghostly Armor"],"relics":["Burning Blood","Dodecahedron","Sundial"],"potions_floor_usage":[16],"damage_taken":[{"damage":15,"enemies":"Small Slimes","floor":1,"turns":5},{"damage":1,"enemies":"Cultist","floor":3,"turns":4},{"damage":3,"enemies":"2 Louse","floor":4,"turns":3},{"damage":18,"enemies":"Exordium Wildlife","floor":7,"turns":3},{"damage":21,"enemies":"Lagavulin","floor":8,"turns":7},{"damage":11,"enemies":"Looter","floor":10,"turns":4},{"damage":25,"enemies":"3 Sentries","floor":14,"turns":6},{"damage":0,"enemies":"The Guardian","floor":16,"turns":2}],"seed_played":"-3981092201682636110","potions_obtained":[{"floor":3,"key":"Weak Potion"},{"floor":10,"key":"Swift Potion"}],"is_trial":false,"path_per_floor":["M","?","M","M","?","R","M","E","T","M","R","$","R","E","R","B"],"character_chosen":"IRONCLAD","items_purchased":["Evolve","Ghostly Armor"],"campfire_rested":0,"item_purchase_floors":[12,12],"current_hp_per_floor":[59,59,64,67,67,67,55,40,40,35,35,35,35,16,16,16],"gold":53,"neow_bonus":"TRANSFORM_TWO_CARDS","is_prod":false,"is_daily":false,"chose_seed":false,"campfire_upgraded":4,"win_rate":0,"timestamp":1547909505,"path_taken":["M","?","?","M","?","R","M","E","T","M","R","$","R","E","R","BOSS"],"build_version":"2019-01-17v2","purchased_purges":1,"victory":false,"max_hp_per_floor":[68,68,68,68,68,68,68,68,68,68,68,68,68,68,68,68],"card_choices":[{"not_picked":["Second Wind","Flex"],"picked":"Sword Boomerang","floor":1},{"not_picked":["Spot Weakness","Whirlwind"],"picked":"Combust","floor":3},{"not_picked":["Carnage","Twin Strike"],"picked":"Disarm","floor":4},{"not_picked":["Pommel Strike","Dual Wield"],"picked":"Metallicize","floor":7},{"not_picked":["Bloodletting","Searing Blow"],"picked":"Heavy Blade","floor":8},{"not_picked":["Body Slam","Burning Pact","Flex"],"picked":"SKIP","floor":10},{"not_picked":["Heavy Blade","Spot Weakness","Rampage"],"picked":"SKIP","floor":14}],"player_experience":4157051,"relics_obtained":[{"floor":8,"key":"Dodecahedron"},{"floor":14,"key":"Sundial"}],"event_choices":[{"damage_healed":0,"gold_gain":0,"player_choice":"Upgraded","damage_taken":0,"max_hp_gain":0,"max_hp_loss":0,"event_name":"Upgrade Shrine","floor":2,"gold_loss":0,"cards_upgraded":["Demon Form"]},{"cards_removed":["Strike_R"],"damage_healed":0,"gold_gain":0,"player_choice":"Forget","damage_taken":0,"max_hp_gain":0,"max_hp_loss":0,"event_name":"Living Wall","floor":5,"gold_loss":0}],"is_beta":false,"boss_relics":[],"items_purged_floors":[12],"is_endless":false,"potions_floor_spawned":[3,10,14],"killed_by":"The Guardian","ascension_level":20}