{"gold_per_floor":[117,117,117,36,36,61,73,92,145,145,145,145,145,168,168,261,261,279,279,159,159],"floor_reached":21,"playtime":622,"items_purged":[],"score":370,"play_id":"51ca4fb2-8b9c-44f0-aedf-223582760a28","local_time":"20190303192524","is_ascension_mode":true,"campfire_choices":[{"data":"Conserve Battery","floor":10.0,"key":"SMITH"},{"floor":13.0,"key":"REST"},{"data":"Reinforced Body","floor":15.0,"key":"SMITH"}],"neow_cost":"NONE","seed_source_timestamp":169381136702930,"circlet_count":0,"master_deck":["AscendersBane","Strike_B","Strike_B","Strike_B","Defend_B","Defend_B","Defend_B+1","Defend_B","Zap","Dualcast","Conserve Battery+1","FTL+1","Chill","Tempest","Hologram","Reinforced Body+1","Fission","Chaos","Defragment","Chaos"],"special_seed":0,"relics":["Cracked Core","NeowsBlessing","Strawberry","Bag of Marbles","Golden Idol"],"potions_floor_usage":[],"damage_taken":[{"damage":0.0,"enemies":"Jaw Worm","floor":1.0,"turns":1.0},{"damage":0.0,"enemies":"Gremlin Nob","floor":6.0,"turns":1.0},{"damage":0.0,"enemies":"2 Louse","floor":7.0,"turns":1.0},{"damage":8.0,"enemies":"Small Slimes","floor":8.0,"turns":2.0},{"damage":0.0,"enemies":"Blue Slaver","floor":14.0,"turns":1.0},{"damage":31.0,"enemies":"Hexaghost","floor":16.0,"turns":16.0},{"damage":32.0,"enemies":"Spheric Guardian","floor":18.0,"turns":10.0},{"damage":30,"enemies":"Colosseum Slavers","floor":19,"turns":6},{"damage":3,"enemies":"Shell Parasite","floor":21,"turns":1}],"seed_played":"3972154542320999246","potions_obtained":[{"floor":6.0,"key":"Poison Potion"},{"floor":7.0,"key":"SteroidPotion"},{"floor":14.0,"key":"Weak Potion"},{"floor":18.0,"key":"Strength Potion"}],"is_trial":false,"path_per_floor":["M","?","?","$","?","E","M","M","T","R","?","?","R","M","R","B",null,"M","?","$","M"],"character_chosen":"DEFECT","items_purchased":["FTL","Defragment","Chaos"],"campfire_rested":1,"item_purchase_floors":[4,20,20],"current_hp_per_floor":[64,64,69,69,46,53,53,45,45,45,16,16,40,40,40,9,65,33,3,3,0],"gold":159,"neow_bonus":"THREE_ENEMY_KILL","is_prod":false,"is_daily":false,"chose_seed":false,"campfire_upgraded":2,"win_rate":0,"timestamp":1551659124,"path_taken":["M","?","?","$","?","E","?","M","T","R","?","?","R","M","R","BOSS","M","?","$","M"],"build_version":"2019-01-23","purchased_purges":0,"victory":false,"max_hp_per_floor":[71,71,76,76,76,83,83,83,83,83,83,83,83,83,83,83,83,83,83,83,83],"card_choices":[{"not_picked":["White Noise","Beam Cell"],"picked":"Conserve Battery","floor":1.0},{"not_picked":["Skim","Barrage"],"picked":"Chill","floor":6.0},{"not_picked":["Redo","Conserve Battery"],"picked":"Tempest","floor":7.0},{"not_picked":["Stack","Redo"],"picked":"Hologram","floor":8.0},{"not_picked":["Chaos","Sunder"],"picked":"Reinforced Body","floor":14.0},{"not_picked":["Electrodynamics","Hyperbeam"],"picked":"Fission","floor":16.0},{"not_picked":["Steam","FTL"],"picked":"Chaos","floor":18.0}],"player_experience":516429,"relics_obtained":[{"floor":6.0,"key":"Strawberry"},{"floor":9.0,"key":"Bag of Marbles"}],"event_choices":[{"cards_removed":["Strike_B"],"damage_healed":0.0,"max_hp_gain":0.0,"max_hp_loss":0.0,"gold_gain":0.0,"event_name":"Living Wall","player_choice":"Forget","floor":2.0,"gold_loss":0.0,"damage_taken":0.0},{"damage_healed":0.0,"max_hp_gain":5.0,"max_hp_loss":0.0,"gold_gain":0.0,"event_name":"Big Fish","player_choice":"Donut","floor":3.0,"gold_loss":0.0,"damage_taken":0.0},{"damage_healed":0.0,"max_hp_gain":0.0,"max_hp_loss":0.0,"gold_gain":0.0,"event_name":"Shining Light","player_choice":"Entered Light","floor":5.0,"gold_loss":0.0,"damage_taken":23.0,"cards_upgraded":["Defend_B","FTL"]},{"damage_healed":0.0,"max_hp_gain":0.0,"max_hp_loss":0.0,"gold_gain":0.0,"event_name":"Golden Idol","player_choice":"Take Damage","floor":11.0,"gold_loss":0.0,"damage_taken":29.0,"relics_obtained":["Golden Idol"]},{"damage_healed":0.0,"max_hp_gain":0.0,"max_hp_loss":0.0,"gold_gain":0.0,"event_name":"Liars Game","player_choice":"Ignored","floor":12.0,"gold_loss":0.0,"damage_taken":0.0},{"damage_healed":0,"gold_gain":0,"player_choice":"Fight","damage_taken":0,"max_hp_gain":0,"max_hp_loss":0,"event_name":"Colosseum","floor":19,"gold_loss":0},{"damage_healed":0,"gold_gain":0,"player_choice":"Fled From Nobs","damage_taken":0,"max_hp_gain":0,"max_hp_loss":0,"event_name":"Colosseum","floor":19,"gold_loss":0}],"is_beta":false,"boss_relics":[{"not_picked":["Sozu","Busted Crown","Fusion Hammer"]}],"items_purged_floors":[],"is_endless":false,"potions_floor_spawned":[6,7,14,18],"killed_by":"Shell Parasite","ascension_level":17}