{"gold_per_floor":[116,132,207,227,52,52,66,79,104,104,117,152,152,181,181,181],"floor_reached":16,"playtime":1377,"items_purged":["Strike_B"],"score":123,"play_id":"22f16d63-8a3f-4d30-bb0c-456fe8848b8b","local_time":"20181230102438","is_ascension_mode":true,"campfire_choices":[{"data":"Coolheaded","floor":6,"key":"SMITH"},{"data":"FTL","floor":13,"key":"SMITH"},{"floor":15,"key":"RECALL"}],"neow_cost":"NONE","seed_source_timestamp":736880688005936,"circlet_count":0,"master_deck":["Strike_B","Strike_B","Strike_B","Defend_B","Defend_B","Defend_B","Defend_B","Zap","Dualcast","Reinforced Body","FTL+1","Coolheaded+1","Ball Lightning","Cold Snap","Coolheaded","Rebound","Hologram","Cold Snap"],"relics":["Cracked Core","NeowsBlessing","Happy Flower","Lantern"],"potions_floor_usage":[8,12,14,16],"damage_taken":[{"damage":0,"enemies":"Cultist","floor":1,"turns":1},{"damage":0,"enemies":"Small Slimes","floor":2,"turns":1},{"damage":0,"enemies":"2 Louse","floor":4,"turns":1},{"damage":4,"enemies":"Looter","floor":7,"turns":3},{"damage":5,"enemies":"2 Fungi Beasts","floor":8,"turns":3},{"damage":5,"enemies":"Gremlin Gang","floor":11,"turns":5},{"damage":14,"enemies":"3 Sentries","floor":12,"turns":6},{"damage":6,"enemies":"Lagavulin","floor":14,"turns":8},{"damage":55,"enemies":"Slime Boss","floor":16,"turns":12}],"seed_played":"-4249235311175710252","potions_obtained":[{"floor":2,"key":"Weak Potion"},{"floor":7,"key":"SpeedPotion"},{"floor":11,"key":"LiquidBronze"},{"floor":14,"key":"Energy Potion"}],"is_trial":false,"path_per_floor":["M","M","?","M","$","R","M","M","T","?","M","E","R","E","R","B"],"character_chosen":"DEFECT","items_purchased":["Coolheaded","Ball Lightning"],"campfire_rested":0,"item_purchase_floors":[5,5],"current_hp_per_floor":[75,75,64,64,64,64,60,55,55,75,70,56,56,50,50,0],"gold":181,"neow_bonus":"THREE_ENEMY_KILL","is_prod":false,"is_daily":false,"chose_seed":false,"campfire_upgraded":2,"win_rate":0,"timestamp":1546183478,"path_taken":["M","M","?","M","$","R","M","M","T","?","M","E","R","E","R","BOSS"],"build_version":"2018-12-20","purchased_purges":1,"victory":false,"max_hp_per_floor":[75,75,75,75,75,75,75,75,75,75,75,75,75,75,75,75],"card_choices":[{"not_picked":["Compile Driver","Barrage","Stack"],"picked":"SKIP","floor":1},{"not_picked":["Force Field","Stack"],"picked":"Reinforced Body","floor":2},{"not_picked":["Barrage","Hologram"],"picked":"FTL","floor":4},{"not_picked":["Coolheaded","Rebound"],"picked":"Cold Snap","floor":7},{"not_picked":["Rip and Tear","Storm"],"picked":"Coolheaded","floor":8},{"not_picked":["Streamline","Stack"],"picked":"Rebound","floor":11},{"not_picked":["Static Discharge","Barrage"],"picked":"Hologram","floor":12},{"not_picked":["Redo","Amplify"],"picked":"Cold Snap","floor":14}],"player_experience":153075,"relics_obtained":[{"floor":12,"key":"Happy Flower"},{"floor":14,"key":"Lantern"}],"event_choices":[{"damage_healed":0,"gold_gain":75,"player_choice":"Gather Gold","damage_taken":11,"max_hp_gain":0,"max_hp_loss":0,"event_name":"World of Goop","floor":3,"gold_loss":0},{"damage_healed":20,"gold_gain":0,"player_choice":"Full Heal","damage_taken":0,"max_hp_gain":0,"max_hp_loss":0,"event_name":"Wheel of Change","floor":10,"gold_loss":0}],"is_beta":false,"boss_relics":[],"items_purged_floors":[5],"is_endless":false,"potions_floor_spawned":[2,7,11,14],"killed_by":"Slime Boss","ascension_level":2}