{"gold_per_floor":[116,116,116,133,148,148,113,113,137,17,47,47,67,77,77,153,153,173,0,0,11,11,44,44,76,88,100,112,124,136,161,173,262,274,301,363,65,82,102,102,0,12,65,77,77,77,34,50,50,50,50],"floor_reached":51,"playtime":2960,"items_purged":["Pain"],"score":1341,"play_id":"a035125e-5e19-4695-bd32-2f0c671ef88e","local_time":"20190318145024","is_ascension_mode":true,"campfire_choices":[{"data":"Bash","floor":6.0,"key":"SMITH"},{"data":"Inflame","floor":12.0,"key":"SMITH"},{"data":"Shrug It Off","floor":15.0,"key":"SMITH"},{"data":"Body Slam","floor":24.0,"key":"SMITH"},{"floor":27.0,"key":"REST"},{"floor":29.0,"key":"REST"},{"floor":32.0,"key":"REST"},{"floor":40.0,"key":"REST"},{"floor":46.0,"key":"REST"},{"floor":49.0,"key":"REST"}],"neow_cost":"NONE","seed_source_timestamp":983622870380876,"circlet_count":0,"master_deck":["AscendersBane","Defend_R+1","Defend_R+1","Defend_R+1","Defend_R+1","Bash+1","Inflame+1","Shrug It Off+1","Entrench+1","Headbutt","Infernal Blade+1","Warcry+1","Ghostly Armor+1","Dual Wield+1","Exhume+1","Body Slam+1","Metallicize+1","Disarm+1","Dropkick+1","Juggernaut+1","Double Tap+1","Entrench+1","Intimidate+1","Parasite","Battle Trance+1","Madness+1","Madness+1","Seeing Red+1","Battle Trance+1"],"special_seed":0,"relics":["Burning Blood","Toxic Egg 2","WarpedTongs","Pen Nib","Vajra","Velvet Choker","Lantern","WingedGreaves","MawBank","Singing Bowl","Astrolabe","Regal Pillow","Red Mask","Red Skull"],"potions_floor_usage":[50,50],"damage_taken":[{"damage":7.0,"enemies":"Cultist","floor":1.0,"turns":4.0},{"damage":9.0,"enemies":"Jaw Worm","floor":4.0,"turns":6.0},{"damage":4.0,"enemies":"Small Slimes","floor":5.0,"turns":5.0},{"damage":22.0,"enemies":"3 Sentries","floor":11.0,"turns":8.0},{"damage":8.0,"enemies":"3 Louse","floor":13.0,"turns":4.0},{"damage":0.0,"enemies":"Exordium Thugs","floor":14.0,"turns":3.0},{"damage":52.0,"enemies":"The Guardian","floor":16.0,"turns":9.0},{"damage":22.0,"enemies":"2 Thieves","floor":18.0,"turns":4.0},{"damage":3.0,"enemies":"Colosseum Slavers","floor":20.0,"turns":3.0},{"damage":10.0,"enemies":"Spheric Guardian","floor":21.0,"turns":5.0},{"damage":0.0,"enemies":"Gremlin Leader","floor":23.0,"turns":3.0},{"damage":63.0,"enemies":"Slavers","floor":25.0,"turns":8.0},{"damage":1.0,"enemies":"3 Cultists","floor":31.0,"turns":5.0},{"damage":45.0,"enemies":"Automaton","floor":33.0,"turns":13.0},{"damage":13.0,"enemies":"Orb Walker","floor":35.0,"turns":5.0},{"damage":0.0,"enemies":"3 Shapes","floor":38.0,"turns":5.0},{"damage":5.0,"enemies":"Writhing Mass","floor":39.0,"turns":5.0},{"damage":19.0,"enemies":"Spire Growth","floor":42.0,"turns":7.0},{"damage":0.0,"enemies":"Maw","floor":44.0,"turns":7.0},{"damage":24.0,"enemies":"3 Darklings","floor":48.0,"turns":5.0},{"damage":66,"enemies":"Donu and Deca","floor":50,"turns":13},{"damage":29,"enemies":"Awakened One","floor":51,"turns":3}],"seed_played":"527756992819242242","potions_obtained":[{"floor":1.0,"key":"SpeedPotion"},{"floor":4.0,"key":"Strength Potion"},{"floor":18.0,"key":"Explosive Potion"},{"floor":25.0,"key":"Strength Potion"},{"floor":31.0,"key":"LiquidBronze"},{"floor":35.0,"key":"Strength Potion"}],"is_trial":false,"path_per_floor":["M","?","?","M","M","R","?","?","T","$","E","R","M","M","R","B",null,"M","$","?","M","?","E","R","E","T","R","?","R","?","M","R","B",null,"M","?","$","M","M","R","?","M","T","M","?","R","$","M","R","B","B"],"character_chosen":"IRONCLAD","items_purchased":["Infernal Blade+1","Lantern","Intimidate+1","Dexterity Potion","Regal Pillow","Seeing Red+1"],"campfire_rested":6,"item_purchase_floors":[10,19,37,37,37,47],"current_hp_per_floor":[67,62,55,52,54,54,72,72,72,72,56,56,54,60,60,14,60,44,44,47,43,58,64,64,7,7,29,29,51,51,56,75,38,67,60,53,53,61,62,79,79,68,68,76,61,83,83,65,83,23,0],"gold":50,"neow_bonus":"TRANSFORM_CARD","is_prod":false,"is_daily":false,"chose_seed":false,"campfire_upgraded":4,"win_rate":0,"timestamp":1552888224,"path_taken":["M","?","?","M","M","R","?","?","T","$","E","R","M","?","R","BOSS","M","$","?","M","?","E","R","E","T","R","?","R","?","?","R","BOSS","M","?","$","?","M","R","?","M","T","M","?","R","?","M","R","BOSS","BOSS"],"build_version":"2019-01-23","purchased_purges":1,"victory":false,"max_hp_per_floor":[75,75,75,75,75,75,75,75,75,75,75,75,75,75,75,75,75,75,75,75,75,75,75,75,75,75,75,75,75,75,75,75,77,77,77,77,77,79,79,79,79,81,81,83,83,83,83,83,83,83,83],"card_choices":[{"not_picked":["Warcry","Seeing Red"],"picked":"Shrug It Off","floor":1.0},{"not_picked":["Cleave","Clothesline"],"picked":"Entrench+1","floor":4.0},{"not_picked":["Twin Strike","Pommel Strike"],"picked":"Headbutt","floor":5.0},{"not_picked":["Evolve","Clothesline"],"picked":"Warcry+1","floor":11.0},{"not_picked":["Second Wind+1","Havoc+1"],"picked":"Ghostly Armor+1","floor":13.0},{"not_picked":["Uppercut","Headbutt"],"picked":"Dual Wield+1","floor":14.0},{"not_picked":["Brutality","Double Tap+1"],"picked":"Exhume+1","floor":16.0},{"not_picked":["Entrench+1","Armaments+1","Havoc+1"],"picked":"SKIP","floor":18.0},{"not_picked":["Feel No Pain","Cleave"],"picked":"Body Slam","floor":21.0},{"not_picked":["Inflame","Reckless Charge+1","Wild Strike"],"picked":"SKIP","floor":23.0},{"not_picked":["Sentinel+1","Inflame"],"picked":"Metallicize+1","floor":25.0},{"not_picked":["Anger","True Grit+1"],"picked":"Disarm+1","floor":31.0},{"not_picked":["Exhume+1","Double Tap+1","Brutality"],"picked":"Singing Bowl","floor":33.0},{"not_picked":["Combust","Warcry+1"],"picked":"Entrench+1","floor":35.0},{"not_picked":["Warcry+1","Whirlwind","Twin Strike"],"picked":"Singing Bowl","floor":38.0},{"not_picked":["Combust","Seeing Red+1"],"picked":"Battle Trance+1","floor":39.0},{"not_picked":["Reckless Charge","Pommel Strike","Evolve+1"],"picked":"Singing Bowl","floor":42.0},{"not_picked":["Twin Strike","Clothesline","Infernal Blade+1"],"picked":"Singing Bowl","floor":44.0},{"not_picked":["Cleave","True Grit+1"],"picked":"Battle Trance+1","floor":48.0}],"player_experience":737046,"relics_obtained":[{"floor":9.0,"key":"Pen Nib"},{"floor":11.0,"key":"Vajra"},{"floor":23.0,"key":"WingedGreaves"},{"floor":25.0,"key":"MawBank"},{"floor":26.0,"key":"Singing Bowl"},{"floor":43.0,"key":"Red Skull"}],"event_choices":[{"damage_healed":0.0,"max_hp_gain":0.0,"max_hp_loss":0.0,"gold_gain":0.0,"event_name":"Scrap Ooze","player_choice":"Success","floor":2.0,"gold_loss":0.0,"damage_taken":5.0,"relics_obtained":["Toxic Egg 2"]},{"cards_removed":["Strike_R"],"damage_healed":0.0,"max_hp_gain":0.0,"max_hp_loss":0.0,"gold_gain":0.0,"event_name":"Golden Wing","player_choice":"Card Removal","floor":3.0,"gold_loss":0.0,"damage_taken":7.0},{"damage_healed":18.0,"max_hp_gain":0.0,"max_hp_loss":0.0,"gold_gain":0.0,"event_name":"The Cleric","player_choice":"Healed","floor":7.0,"gold_loss":35.0,"damage_taken":0.0},{"damage_healed":0.0,"max_hp_gain":0.0,"max_hp_loss":0.0,"gold_gain":0.0,"event_name":"Accursed Blacksmith","player_choice":"Rummage","floor":8.0,"gold_loss":0.0,"damage_taken":0.0,"relics_obtained":["WarpedTongs"],"cards_obtained":["Pain"]},{"damage_healed":0.0,"max_hp_gain":0.0,"max_hp_loss":0.0,"gold_gain":0.0,"event_name":"Colosseum","player_choice":"Fight","floor":20.0,"gold_loss":0.0,"damage_taken":0.0},{"damage_healed":0.0,"max_hp_gain":0.0,"max_hp_loss":0.0,"gold_gain":0.0,"event_name":"Colosseum","player_choice":"Fled From Nobs","floor":20.0,"gold_loss":0.0,"damage_taken":0.0},{"damage_healed":15.0,"max_hp_gain":0.0,"max_hp_loss":0.0,"gold_gain":0.0,"event_name":"The Library","player_choice":"Heal","floor":22.0,"gold_loss":0.0,"damage_taken":0.0},{"damage_healed":0.0,"max_hp_gain":0.0,"max_hp_loss":0.0,"gold_gain":0.0,"event_name":"Vampires","player_choice":"Ignored","floor":28.0,"gold_loss":0.0,"damage_taken":0.0},{"damage_healed":0.0,"max_hp_gain":0.0,"max_hp_loss":0.0,"gold_gain":0.0,"event_name":"Back to Basics","player_choice":"Simplicity","floor":30.0,"gold_loss":0.0,"damage_taken":0.0,"cards_upgraded":["Strike_R","Strike_R","Strike_R","Defend_R","Defend_R","Defend_R","Defend_R"]},{"damage_healed":0.0,"max_hp_gain":0.0,"max_hp_loss":0.0,"gold_gain":50.0,"event_name":"FaceTrader","player_choice":"Touch","floor":36.0,"gold_loss":0.0,"damage_taken":7.0},{"damage_healed":0.0,"max_hp_gain":0.0,"max_hp_loss":0.0,"gold_gain":0.0,"event_name":"Tomb of Lord Red Mask","player_choice":"Paid","floor":41.0,"gold_loss":102.0,"damage_taken":0.0,"relics_obtained":["Red Mask"]},{"damage_healed":0.0,"max_hp_gain":0.0,"max_hp_loss":0.0,"gold_gain":0.0,"event_name":"Winding Halls","player_choice":"Embrace Madness","floor":45.0,"gold_loss":0.0,"damage_taken":15.0,"cards_obtained":["Madness","Madness"]}],"is_beta":false,"boss_relics":[{"not_picked":["Pandora\u0027s Box","Mark of Pain"],"picked":"Velvet Choker"},{"not_picked":["Coffee Dripper","Runic Dome"],"picked":"Astrolabe"}],"items_purged_floors":[10],"is_endless":false,"potions_floor_spawned":[1,4,5,18,25,31,35,38],"killed_by":"Awakened One","ascension_level":20}