{"gold_per_floor":[114,129,139,152,169,197,209,241,241,241,254,279,310,322,334,346],"floor_reached":16,"playtime":545,"items_purged":[],"score":252,"play_id":"685615b0-f95d-4b3b-8fe4-f1b1e7c63330","local_time":"20190125231046","is_ascension_mode":true,"campfire_choices":[{"floor":10,"key":"REST"},{"floor":15,"key":"REST"}],"neow_cost":"NONE","seed_source_timestamp":540448845949165,"circlet_count":0,"master_deck":["AscendersBane","Strike_R","Strike_R","Strike_R","Strike_R","Strike_R","Defend_R","Defend_R","Defend_R","Defend_R","Bash","Anger","Shrug It Off","Pommel Strike","Hemokinesis","Spot Weakness","Pummel","Shrug It Off","Wild Strike","Perfected Strike","Flame Barrier","Armaments"],"special_seed":0,"relics":["Burning Blood","Darkstone Periapt","Ornamental Fan","Blood Vial","MawBank"],"potions_floor_usage":[5,6,16,16],"damage_taken":[{"damage":5.0,"enemies":"Small Slimes","floor":1.0,"turns":5.0},{"damage":2,"enemies":"Cultist","floor":2,"turns":4},{"damage":9,"enemies":"Jaw Worm","floor":3,"turns":3},{"damage":10,"enemies":"Looter","floor":4,"turns":5},{"damage":24,"enemies":"Gremlin Gang","floor":5,"turns":5},{"damage":13,"enemies":"3 Sentries","floor":6,"turns":6},{"damage":10,"enemies":"3 Louse","floor":7,"turns":4},{"damage":37,"enemies":"Gremlin Nob","floor":8,"turns":4},{"damage":4,"enemies":"2 Fungi Beasts","floor":11,"turns":4},{"damage":26,"enemies":"Lagavulin","floor":12,"turns":7},{"damage":4,"enemies":"Blue Slaver","floor":13,"turns":3},{"damage":45,"enemies":"Hexaghost","floor":16,"turns":9}],"seed_played":"-6560428853833955240","potions_obtained":[{"floor":2,"key":"LiquidBronze"},{"floor":4,"key":"FearPotion"},{"floor":5,"key":"Fire Potion"},{"floor":6,"key":"LiquidBronze"},{"floor":11,"key":"Swift Potion"}],"is_trial":false,"path_per_floor":["M","M","M","M","M","E","M","E","T","R","M","E","M","?","R","B"],"character_chosen":"IRONCLAD","items_purchased":[],"campfire_rested":2,"item_purchase_floors":[],"current_hp_per_floor":[76,80,77,73,55,48,44,13,13,37,41,23,27,15,39,0],"gold":346,"neow_bonus":"TEN_PERCENT_HP_BONUS","is_prod":false,"is_daily":false,"chose_seed":false,"campfire_upgraded":0,"win_rate":0,"timestamp":1548425446,"path_taken":["M","M","M","M","M","E","M","E","T","R","M","E","M","?","R","BOSS"],"build_version":"2019-01-23","purchased_purges":0,"victory":false,"max_hp_per_floor":[82,82,82,82,82,82,82,82,82,82,82,82,82,82,82,82],"card_choices":[{"not_picked":["Thunderclap","Iron Wave"],"picked":"Anger","floor":1.0},{"not_picked":["Heavy Blade","Headbutt"],"picked":"Shrug It Off","floor":2},{"not_picked":["Rupture","Ghostly Armor"],"picked":"Pommel Strike","floor":3},{"not_picked":["Body Slam","Warcry"],"picked":"Hemokinesis","floor":4},{"not_picked":["Wild Strike","Pommel Strike"],"picked":"Spot Weakness","floor":5},{"not_picked":["Headbutt","Anger"],"picked":"Pummel","floor":6},{"not_picked":["Pommel Strike","Infernal Blade"],"picked":"Shrug It Off","floor":7},{"not_picked":["Thunderclap","Burning Pact"],"picked":"Wild Strike","floor":8},{"not_picked":["Whirlwind","Uppercut"],"picked":"Perfected Strike","floor":11},{"not_picked":["Fire Breathing","Brutality"],"picked":"Flame Barrier","floor":12},{"not_picked":["Heavy Blade","Twin Strike"],"picked":"Armaments","floor":13}],"player_experience":4143451,"relics_obtained":[{"floor":6,"key":"Darkstone Periapt"},{"floor":8,"key":"Ornamental Fan"},{"floor":9,"key":"Blood Vial"},{"floor":12,"key":"MawBank"}],"event_choices":[{"damage_healed":0,"gold_gain":0,"player_choice":"Damaged","damage_taken":12,"max_hp_gain":0,"max_hp_loss":0,"event_name":"Wheel of Change","floor":14,"gold_loss":0}],"is_beta":false,"boss_relics":[],"items_purged_floors":[],"is_endless":false,"potions_floor_spawned":[2,4,5,6,11],"killed_by":"Hexaghost","ascension_level":20}