{"gold_per_floor":[114,35,35,35,45,45,76,76,76,76,104,104,29,40,40,119,119,134,144,144,59,9,9,9],"floor_reached":24,"playtime":559,"items_purged":[],"score":450,"play_id":"c0e53d36-feab-4bc2-92dc-6a14749b18e5","local_time":"20190110011225","is_ascension_mode":true,"campfire_choices":[{"data":"Blizzard","floor":6,"key":"SMITH"},{"data":"Zap","floor":8,"key":"SMITH"},{"data":"Dualcast","floor":10,"key":"SMITH"},{"data":"Rebound","floor":12,"key":"SMITH"},{"data":"Static Discharge","floor":15,"key":"SMITH"},{"data":"Defragment","floor":23,"key":"SMITH"}],"neow_cost":"NONE","seed_source_timestamp":688034262835342,"circlet_count":0,"master_deck":["AscendersBane","Strike_B","Strike_B","Strike_B","Strike_B","Defend_B","Defend_B","Defend_B","Defend_B","Zap+1","Dualcast+1","Glacier","Blizzard+1","Rebound+1","Defragment+1","Static Discharge+1","Electrodynamics","Glacier","Conserve Battery"],"relics":["Cracked Core","NeowsBlessing","Darkstone Periapt","Ornamental Fan","Inserter","Dream Catcher"],"potions_floor_usage":[11,24,24],"damage_taken":[{"damage":0,"enemies":"2 Louse","floor":1,"turns":1},{"damage":0,"enemies":"Jaw Worm","floor":5,"turns":1},{"damage":0,"enemies":"Gremlin Nob","floor":7,"turns":1},{"damage":11,"enemies":"3 Sentries","floor":11,"turns":9},{"damage":5,"enemies":"Small Slimes","floor":14,"turns":3},{"damage":33,"enemies":"Hexaghost","floor":16,"turns":6},{"damage":30,"enemies":"Spheric Guardian","floor":18,"turns":3},{"damage":19,"enemies":"2 Thieves","floor":19,"turns":3},{"damage":23,"enemies":"Gremlin Leader","floor":24,"turns":5}],"seed_played":"1856817352188339837","potions_obtained":[{"floor":5,"key":"Explosive Potion"},{"floor":7,"key":"Swift Potion"},{"floor":11,"key":"SpeedPotion"}],"is_trial":false,"path_per_floor":["M","$","?","?","M","R","E","R","T","R","E","R","$","M","R","B",null,"M","M","?","?","$","R","E"],"character_chosen":"DEFECT","items_purchased":["Blizzard","Defragment","Conserve Battery"],"campfire_rested":0,"item_purchase_floors":[2,13,22],"current_hp_per_floor":[64,64,64,64,64,64,64,64,64,64,53,53,53,48,48,15,57,27,8,22,22,22,22,0],"gold":9,"neow_bonus":"THREE_ENEMY_KILL","is_prod":false,"is_daily":false,"chose_seed":false,"campfire_upgraded":6,"win_rate":0,"timestamp":1547050345,"path_taken":["M","$","?","?","M","R","E","R","T","R","E","R","$","M","R","BOSS","M","M","?","?","$","R","E"],"build_version":"2019-01-03v4","purchased_purges":0,"victory":false,"max_hp_per_floor":[71,71,71,71,71,71,71,71,71,71,71,71,71,71,71,71,71,71,71,71,71,71,71,71],"card_choices":[{"not_picked":["Go for the Eyes","Conserve Battery"],"picked":"Glacier","floor":1},{"not_picked":["Turbo","Heatsinks","Steam"],"picked":"SKIP","floor":5},{"not_picked":["Compile Driver","Sweeping Beam","Turbo"],"picked":"SKIP","floor":7},{"not_picked":["Storm","Rebound","Meteor Strike"],"picked":"SKIP","floor":11},{"not_picked":["Storm","Meteor Strike"],"picked":"Rebound","floor":11},{"not_picked":["Force Field","Skim"],"picked":"Static Discharge","floor":14},{"not_picked":["Core Surge","Multi-Cast"],"picked":"Electrodynamics","floor":16},{"not_picked":["Steam","Sweeping Beam","Reinforced Body"],"picked":"SKIP","floor":18},{"not_picked":["Ball Lightning","Coolheaded"],"picked":"Glacier","floor":19}],"player_experience":4030864,"relics_obtained":[{"floor":7,"key":"Darkstone Periapt"},{"floor":11,"key":"Ornamental Fan"}],"event_choices":[{"damage_healed":0,"gold_gain":0,"player_choice":"Ignored","damage_taken":0,"max_hp_gain":0,"max_hp_loss":0,"event_name":"Liars Game","floor":3,"gold_loss":0},{"damage_healed":0,"gold_gain":0,"player_choice":"Leave","damage_taken":0,"max_hp_gain":0,"max_hp_loss":0,"event_name":"The Cleric","floor":4,"gold_loss":0},{"damage_healed":14,"gold_gain":0,"player_choice":"Heal","damage_taken":0,"max_hp_gain":0,"max_hp_loss":0,"event_name":"The Library","floor":20,"gold_loss":0},{"damage_healed":0,"gold_gain":0,"player_choice":"Obtained Relic","damage_taken":0,"relics_obtained":["Dream Catcher"],"max_hp_gain":0,"max_hp_loss":0,"event_name":"Addict","floor":21,"gold_loss":85}],"is_beta":false,"boss_relics":[{"not_picked":["Calling Bell","White Beast Statue"],"picked":"Inserter"}],"items_purged_floors":[],"is_endless":false,"potions_floor_spawned":[5,7,11],"killed_by":"Gremlin Leader","ascension_level":20}