{"gold_per_floor":[116,133,152,77,227,238,258,258,258,258,274,291,291,306,306,380,380,399,418,418],"floor_reached":20,"playtime":2100,"items_purged":[],"score":298,"play_id":"b8479636-246b-4711-97b1-d805f7ed0e41","local_time":"20190310174920","is_ascension_mode":true,"campfire_choices":[{"data":"Self Repair","floor":8.0,"key":"SMITH"},{"data":"Loop","floor":13.0,"key":"SMITH"},{"data":"Hyperbeam","floor":15.0,"key":"SMITH"}],"neow_cost":"CURSE","seed_source_timestamp":0,"circlet_count":0,"master_deck":["AscendersBane","Strike_B","Strike_B","Strike_B","Strike_B","Defend_B","Defend_B","Defend_B","Defend_B","Zap","Dualcast","Self Repair+1","Loop+1","Tempest","Doubt","Go for the Eyes","Hologram","Force Field","Reprogram","Hyperbeam+1","Buffer","Beam Cell","Hello World"],"special_seed":0,"relics":["Cracked Core","FossilizedHelix","PreservedInsect","Fusion Hammer"],"potions_floor_usage":[],"damage_taken":[{"damage":3.0,"enemies":"Small Slimes","floor":1.0,"turns":3.0},{"damage":0.0,"enemies":"Cultist","floor":2.0,"turns":3.0},{"damage":2.0,"enemies":"Jaw Worm","floor":3.0,"turns":3.0},{"damage":4.0,"enemies":"2 Fungi Beasts","floor":6.0,"turns":3.0},{"damage":4.0,"enemies":"Red Slaver","floor":7.0,"turns":4.0},{"damage":17.0,"enemies":"Exordium Wildlife","floor":11.0,"turns":4.0},{"damage":0.0,"enemies":"3 Louse","floor":12.0,"turns":3.0},{"damage":1.0,"enemies":"Blue Slaver","floor":14.0,"turns":4.0},{"damage":31.0,"enemies":"Slime Boss","floor":16.0,"turns":9.0},{"damage":30.0,"enemies":"2 Thieves","floor":18.0,"turns":4.0},{"damage":11.0,"enemies":"Spheric Guardian","floor":19.0,"turns":4.0},{"damage":55,"enemies":"3 Cultists","floor":20,"turns":5}],"seed_played":"1062784333113227847","potions_obtained":[{"floor":1.0,"key":"Explosive Potion"},{"floor":3.0,"key":"Energy Potion"},{"floor":7.0,"key":"SkillPotion"},{"floor":11.0,"key":"AttackPotion"},{"floor":18.0,"key":"EntropicBrew"}],"is_trial":false,"path_per_floor":["M","M","M","?","?","M","M","R","T","?","M","M","R","M","R","B",null,"M","M","M"],"character_chosen":"DEFECT","items_purchased":[],"campfire_rested":0,"item_purchase_floors":[],"current_hp_per_floor":[61,68,71,71,71,67,70,70,70,71,64,71,71,71,71,50,66,46,45,0],"gold":418,"neow_bonus":"ONE_RARE_RELIC","is_prod":false,"is_daily":false,"chose_seed":false,"campfire_upgraded":3,"win_rate":0,"timestamp":1552207760,"path_taken":["M","M","M","?","?","M","M","R","T","?","M","?","R","M","R","BOSS","M","M","M"],"build_version":"2019-01-23","purchased_purges":0,"victory":false,"max_hp_per_floor":[71,71,71,71,71,71,71,71,71,71,71,71,71,71,71,71,71,71,71,71],"card_choices":[{"not_picked":["Turbo","Double Energy"],"picked":"Self Repair","floor":1.0},{"not_picked":["Lockon","Sunder"],"picked":"Loop","floor":2.0},{"not_picked":["Doom and Gloom","Rebound"],"picked":"Tempest","floor":3.0},{"not_picked":["Turbo","Compile Driver"],"picked":"Go for the Eyes","floor":6.0},{"not_picked":["Rebound","Ball Lightning"],"picked":"Hologram","floor":7.0},{"not_picked":["Lockon","Loop"],"picked":"Force Field","floor":11.0},{"not_picked":["Cold Snap","Sweeping Beam"],"picked":"Reprogram","floor":12.0},{"not_picked":["Tempest","Redo"],"picked":"Hyperbeam","floor":14.0},{"not_picked":["All For One","Machine Learning"],"picked":"Buffer","floor":16.0},{"not_picked":["Turbo","Compile Driver"],"picked":"Beam Cell","floor":18.0},{"not_picked":["Coolheaded","Self Repair"],"picked":"Hello World","floor":19.0}],"player_experience":1054405,"relics_obtained":[{"floor":9.0,"key":"PreservedInsect"}],"event_choices":[{"cards_removed":["Regret"],"damage_healed":0.0,"max_hp_gain":0.0,"max_hp_loss":0.0,"gold_gain":0.0,"event_name":"The Cleric","player_choice":"Card Removal","floor":4.0,"gold_loss":75.0,"damage_taken":0.0},{"damage_healed":0.0,"max_hp_gain":0.0,"max_hp_loss":0.0,"gold_gain":150.0,"event_name":"Liars Game","player_choice":"AGREE","floor":5.0,"gold_loss":0.0,"damage_taken":0.0,"cards_obtained":["Doubt"]},{"damage_healed":1.0,"max_hp_gain":0.0,"max_hp_loss":0.0,"gold_gain":0.0,"event_name":"Wheel of Change","player_choice":"Full Heal","floor":10.0,"gold_loss":0.0,"damage_taken":0.0}],"is_beta":false,"boss_relics":[{"not_picked":["Calling Bell","Orrery"],"picked":"Fusion Hammer"}],"items_purged_floors":[],"is_endless":false,"potions_floor_spawned":[1,3,7,11,18],"killed_by":"3 Cultists","ascension_level":15}