{"gold_per_floor":[119,119,132,149,160,160,235,235,235,235,235,264,1,16,16,89,89,104,104,104,83,83,101,101,101,101,101,101,26,43,54,54,128,128,143,143,188,207,307,307,317,331,331,331,346,258,158,173,173,173],"floor_reached":51,"playtime":2418,"items_purged":["Parasite","Strike_R"],"score":1288,"play_id":"c826debc-ddeb-4be5-96e9-a53ac6f232a1","local_time":"20190313234721","is_ascension_mode":true,"campfire_choices":[{"data":"Whirlwind","floor":6,"key":"SMITH"},{"data":"Armaments","floor":8,"key":"SMITH"},{"data":"Shockwave","floor":11,"key":"SMITH"},{"data":"Flex","floor":15,"key":"SMITH"},{"data":"Heavy Blade","floor":24,"key":"SMITH"},{"data":"Limit Break","floor":27,"key":"SMITH"},{"floor":32,"key":"REST"},{"data":"Feel No Pain","floor":40,"key":"SMITH"},{"floor":49,"key":"REST"}],"neow_cost":"NONE","seed_source_timestamp":584718912525054,"circlet_count":0,"master_deck":["AscendersBane","Strike_R","Strike_R","Strike_R","Defend_R","Defend_R","Defend_R","Defend_R","Bash","Armaments+1","Whirlwind+1","Shockwave+1","Feel No Pain+1","True Grit","Flex+1","Limit Break+1","RitualDagger","Shrug It Off","Heavy Blade+1","Impervious","Shrug It Off+1","Dual Wield","Metallicize"],"relics":["Burning Blood","Meat on the Bone","Turnip","Strawberry","Cursed Key","MutagenicStrength","Bag of Preparation","Runic Pyramid","Magic Flower","Mango"],"potions_floor_usage":[5,16,33,37,37,50,50],"damage_taken":[{"damage":1,"enemies":"Cultist","floor":1,"turns":3},{"damage":16,"enemies":"Small Slimes","floor":3,"turns":5},{"damage":0,"enemies":"2 Louse","floor":4,"turns":2},{"damage":28,"enemies":"Exordium Wildlife","floor":5,"turns":5},{"damage":41,"enemies":"Gremlin Nob","floor":12,"turns":5},{"damage":9,"enemies":"3 Louse","floor":14,"turns":2},{"damage":38,"enemies":"The Guardian","floor":16,"turns":15},{"damage":10,"enemies":"Spheric Guardian","floor":18,"turns":7},{"damage":18,"enemies":"2 Thieves","floor":21,"turns":4},{"damage":6,"enemies":"Centurion and Healer","floor":23,"turns":5},{"damage":19,"enemies":"3 Cultists","floor":30,"turns":5},{"damage":31,"enemies":"Sentry and Sphere","floor":31,"turns":8},{"damage":48,"enemies":"Collector","floor":33,"turns":6},{"damage":12,"enemies":"3 Shapes","floor":35,"turns":5},{"damage":26,"enemies":"2 Orb Walkers","floor":37,"turns":5},{"damage":3,"enemies":"3 Darklings","floor":38,"turns":6},{"damage":0,"enemies":"Mind Bloom Boss Battle","floor":39,"turns":7},{"damage":16,"enemies":"Maw","floor":41,"turns":7},{"damage":0,"enemies":"Jaw Worm Horde","floor":42,"turns":2},{"damage":27,"enemies":"Writhing Mass","floor":45,"turns":5},{"damage":8,"enemies":"Transient","floor":48,"turns":6},{"damage":79,"enemies":"Time Eater","floor":50,"turns":13}],"seed_played":"-912131417918988261","potions_obtained":[{"floor":4,"key":"LiquidBronze"},{"floor":12,"key":"EssenceOfSteel"},{"floor":16,"key":"SkillPotion"},{"floor":33,"key":"Poison Potion"},{"floor":35,"key":"SteroidPotion"},{"floor":38,"key":"Strength Potion"},{"floor":41,"key":"Ancient Potion"},{"floor":42,"key":"Dexterity Potion"}],"is_trial":false,"path_per_floor":["M","?","M","M","M","R","?","R","T","?","R","E","$","M","R","B",null,"M","?","?","M","?","M","R","?","T","R","?","$","M","M","R","B",null,"M","?","?","M","?","R","M","M","T","?","M","$","$","M","R","B",null],"character_chosen":"IRONCLAD","items_purchased":["Feed","Feel No Pain","True Grit","Metallicize"],"campfire_rested":2,"item_purchase_floors":[13,13,13,46],"current_hp_per_floor":[80,80,70,76,54,54,43,43,43,43,43,27,27,39,39,19,74,70,88,82,70,70,73,73,73,73,73,73,73,60,47,74,44,80,77,77,57,63,86,86,79,88,88,88,70,70,70,71,103,51],"gold":173,"neow_bonus":"TEN_PERCENT_HP_BONUS","is_prod":false,"is_daily":false,"chose_seed":false,"campfire_upgraded":7,"win_rate":0,"timestamp":1552488441,"path_taken":["M","?","M","M","?","R","?","R","T","?","R","E","$","M","R","BOSS","M","?","?","M","?","M","R","?","T","R","?","$","M","M","R","BOSS","M","?","?","M","?","R","M","M","T","?","M","?","$","M","R","BOSS"],"build_version":"2019-01-23","purchased_purges":2,"victory":true,"max_hp_per_floor":[82,82,82,82,82,82,82,82,82,82,82,89,89,92,92,92,92,92,92,92,92,92,95,95,95,95,95,95,92,92,92,92,92,92,95,95,95,95,109,109,109,109,109,109,109,109,109,109,109,109],"card_choices":[{"not_picked":["Body Slam","Rupture"],"picked":"Armaments","floor":1},{"not_picked":["Evolve","Sever Soul"],"picked":"Whirlwind","floor":3},{"not_picked":["True Grit","Cleave"],"picked":"Shockwave","floor":4},{"not_picked":["Perfected Strike","Armaments","Sentinel"],"picked":"SKIP","floor":5},{"not_picked":["Thunderclap","Twin Strike","Sentinel"],"picked":"SKIP","floor":12},{"not_picked":["Pummel","Power Through"],"picked":"Flex","floor":14},{"not_picked":["Dark Embrace","Juggernaut"],"picked":"Limit Break","floor":16},{"not_picked":["Armaments","Reckless Charge","Clash+1"],"picked":"SKIP","floor":18},{"not_picked":["Pommel Strike","Headbutt"],"picked":"Shrug It Off","floor":21},{"not_picked":["Shrug It Off","Whirlwind"],"picked":"Heavy Blade","floor":23},{"not_picked":["Havoc","Heavy Blade","True Grit"],"picked":"SKIP","floor":30},{"not_picked":["Pummel","Fire Breathing","Sword Boomerang+1"],"picked":"SKIP","floor":31},{"not_picked":["Limit Break","Bludgeon"],"picked":"Impervious","floor":33},{"not_picked":["Twin Strike","Fire Breathing+1","Pommel Strike"],"picked":"SKIP","floor":35},{"not_picked":["Flex","Sentinel","Searing Blow"],"picked":"SKIP","floor":38},{"not_picked":["Clothesline","Sword Boomerang+1","Armaments"],"picked":"SKIP","floor":41},{"not_picked":["Dual Wield","Iron Wave"],"picked":"Shrug It Off+1","floor":42},{"not_picked":["Dropkick","Perfected Strike"],"picked":"Dual Wield","floor":45},{"not_picked":["Havoc+1","Armaments","Perfected Strike"],"picked":"SKIP","floor":48}],"player_experience":699598,"relics_obtained":[{"floor":9,"key":"Meat on the Bone"},{"floor":12,"key":"Strawberry"},{"floor":26,"key":"Bag of Preparation"},{"floor":37,"key":"Magic Flower"},{"floor":39,"key":"Mango"}],"event_choices":[{"cards_removed":["Strike_R"],"damage_healed":0,"gold_gain":0,"player_choice":"Purged","damage_taken":0,"max_hp_gain":0,"max_hp_loss":0,"event_name":"Purifier","floor":2,"gold_loss":0},{"damage_healed":0,"gold_gain":75,"player_choice":"Gather Gold","damage_taken":11,"max_hp_gain":0,"max_hp_loss":0,"event_name":"World of Goop","floor":7,"gold_loss":0},{"damage_healed":0,"gold_gain":0,"player_choice":"Searched \u00271\u0027 times","damage_taken":0,"relics_obtained":["Turnip"],"max_hp_gain":0,"max_hp_loss":0,"event_name":"Dead Adventurer","floor":10,"gold_loss":0},{"damage_healed":18,"gold_gain":0,"player_choice":"Heal","damage_taken":0,"max_hp_gain":0,"max_hp_loss":0,"event_name":"The Library","floor":19,"gold_loss":0},{"damage_healed":0,"gold_gain":0,"player_choice":"Joined the Cult","damage_taken":6,"max_hp_gain":0,"max_hp_loss":0,"event_name":"Nest","floor":20,"gold_loss":0,"cards_obtained":["RitualDagger"]},{"damage_healed":0,"gold_gain":0,"player_choice":"Inject Mutagens","damage_taken":0,"relics_obtained":["MutagenicStrength"],"max_hp_gain":0,"max_hp_loss":0,"event_name":"Drug Dealer","floor":22,"gold_loss":0},{"damage_healed":0,"gold_gain":0,"player_choice":"Ignored","damage_taken":0,"max_hp_gain":0,"max_hp_loss":0,"event_name":"Ghosts","floor":25,"gold_loss":0},{"damage_healed":0,"gold_gain":0,"player_choice":"Ignored","damage_taken":0,"max_hp_gain":0,"max_hp_loss":0,"event_name":"Vampires","floor":28,"gold_loss":0},{"cards_removed":["Feed"],"damage_healed":0,"gold_gain":0,"player_choice":"Removed Attack","damage_taken":0,"max_hp_gain":0,"max_hp_loss":0,"event_name":"Falling","floor":36,"gold_loss":0},{"damage_healed":0,"gold_gain":0,"player_choice":"Fight","damage_taken":0,"max_hp_gain":0,"max_hp_loss":0,"event_name":"Mysterious Sphere","floor":37,"gold_loss":0},{"damage_healed":0,"gold_gain":0,"player_choice":"Fight","damage_taken":0,"max_hp_gain":0,"max_hp_loss":0,"event_name":"MindBloom","floor":39,"gold_loss":0},{"damage_healed":0,"gold_gain":0,"player_choice":"Ignored","damage_taken":0,"max_hp_gain":0,"max_hp_loss":0,"event_name":"Tomb of Lord Red Mask","floor":44,"gold_loss":0}],"is_beta":false,"boss_relics":[{"not_picked":["Orrery","Ectoplasm"],"picked":"Cursed Key"},{"not_picked":["Mark of Pain","Black Star"],"picked":"Runic Pyramid"}],"items_purged_floors":[29,47],"is_endless":false,"potions_floor_spawned":[4,12,16,33,35,38,41,42,45],"ascension_level":19}