{"gold_per_floor":[110,128,142,152,28,28,40,40,90,90,90,108,133,83,83,182,182,193,203,35,47,63,124,124,124,151,151,165,165,183,209,221,334,346,384,408,520,543,555,602,614,643,655,692,704,731,743,20,20,20],"floor_reached":51,"playtime":4318,"items_purged":["Strike_R","Strike_R","Strike_R"],"score":1079,"play_id":"184701f7-0b9f-4863-a4e6-42f92051fad5","local_time":"20190227141327","is_ascension_mode":true,"campfire_choices":[{"data":"Warcry","floor":6.0,"key":"SMITH"},{"data":"Second Wind","floor":8.0,"key":"SMITH"},{"data":"Bash","floor":11.0,"key":"SMITH"},{"data":"Power Through","floor":15.0,"key":"SMITH"},{"data":"Body Slam","floor":25.0,"key":"SMITH"},{"data":"Dark Embrace","floor":27.0,"key":"SMITH"},{"floor":29.0,"key":"REST"},{"data":"Wild Strike","floor":32.0,"key":"SMITH"},{"data":"Wild Strike","floor":41.0,"key":"SMITH"},{"data":"Shrug It Off","floor":45.0,"key":"SMITH"},{"data":"Defend_R","floor":49,"key":"SMITH"}],"neow_cost":"NONE","seed_source_timestamp":11282265782901,"circlet_count":0,"master_deck":["Defend_R","Defend_R","Defend_R","Defend_R+1","Bash+1","Wild Strike+1","Warcry+1","Evolve+1","Shrug It Off+1","Wild Strike+1","Second Wind+1","Power Through+1","Dark Embrace+1","Seeing Red+1","Body Slam+1","Feel No Pain+1","Thunderclap+1"],"special_seed":0,"relics":["Burning Blood","Bronze Scales","Pen Nib","Pantograph","Runic Pyramid","Tiny Chest","The Courier","Oddly Smooth Stone","MawBank","Velvet Choker","Nunchaku","Thread and Needle","Self Forming Clay","Letter Opener","Membership Card","Bag of Preparation","Vajra","Dream Catcher","Bird Faced Urn","Strawberry","Ginger"],"potions_floor_usage":[50],"damage_taken":[{"damage":3.0,"enemies":"Small Slimes","floor":1.0,"turns":4.0},{"damage":2.0,"enemies":"Jaw Worm","floor":2.0,"turns":3.0},{"damage":0.0,"enemies":"Cultist","floor":3.0,"turns":4.0},{"damage":11.0,"enemies":"2 Fungi Beasts","floor":4.0,"turns":5.0},{"damage":0.0,"enemies":"3 Louse","floor":7.0,"turns":3.0},{"damage":12.0,"enemies":"Red Slaver","floor":12.0,"turns":4.0},{"damage":27.0,"enemies":"Gremlin Nob","floor":13.0,"turns":4.0},{"damage":31.0,"enemies":"The Guardian","floor":16.0,"turns":12.0},{"damage":0.0,"enemies":"3 Byrds","floor":18.0,"turns":4.0},{"damage":4.0,"enemies":"Chosen","floor":19.0,"turns":6.0},{"damage":3.0,"enemies":"3 Cultists","floor":21.0,"turns":10.0},{"damage":15.0,"enemies":"Snecko","floor":22.0,"turns":5.0},{"damage":14.0,"enemies":"Gremlin Leader","floor":23.0,"turns":8.0},{"damage":15.0,"enemies":"Snake Plant","floor":28.0,"turns":3.0},{"damage":0.0,"enemies":"Cultist and Chosen","floor":30.0,"turns":3.0},{"damage":7.0,"enemies":"Slavers","floor":31.0,"turns":6.0},{"damage":13.0,"enemies":"Automaton","floor":33.0,"turns":8.0},{"damage":13.0,"enemies":"3 Shapes","floor":35.0,"turns":4.0},{"damage":10.0,"enemies":"3 Darklings","floor":36.0,"turns":4.0},{"damage":11.0,"enemies":"Mind Bloom Boss Battle","floor":37.0,"turns":4.0},{"damage":18.0,"enemies":"Transient","floor":38.0,"turns":5.0},{"damage":0.0,"enemies":"Nemesis","floor":40.0,"turns":7.0},{"damage":2.0,"enemies":"Writhing Mass","floor":42.0,"turns":3.0},{"damage":6.0,"enemies":"Giant Head","floor":44.0,"turns":6.0},{"damage":2.0,"enemies":"Spire Growth","floor":46.0,"turns":5.0},{"damage":0,"enemies":"Awakened One","floor":50,"turns":8}],"seed_played":"-8844625920318021301","potions_obtained":[{"floor":7.0,"key":"LiquidBronze"},{"floor":12.0,"key":"Strength Potion"},{"floor":13.0,"key":"Swift Potion"},{"floor":21.0,"key":"Energy Potion"},{"floor":28.0,"key":"SkillPotion"},{"floor":31.0,"key":"Energy Potion"},{"floor":37.0,"key":"GamblersBrew"},{"floor":46.0,"key":"FearPotion"}],"is_trial":false,"path_per_floor":["M","M","M","M","$","R","M","R","T","?","R","M","E","?","R","B",null,"M","M","$","M","M","E","?","R","T","R","M","R","M","E","R","B",null,"M","M","?","M","?","E","R","M","T","E","R","M","?","$","R","B",null],"character_chosen":"IRONCLAD","items_purchased":["Wild Strike","Entrench","Membership Card","Bag of Preparation","Vajra","Dream Catcher","Bird Faced Urn","Strawberry","Ginger","GamblersBrew"],"campfire_rested":1,"item_purchase_floors":[5,20,48,48,48,48,48,48,48,48],"current_hp_per_floor":[75,79,80,75,75,75,80,80,80,73,73,67,46,46,46,46,72,78,80,80,80,71,63,63,63,63,63,54,78,80,79,79,73,78,71,67,75,63,63,69,69,73,73,73,73,77,77,84,84,87],"gold":20,"neow_bonus":"RANDOM_COMMON_RELIC","is_prod":false,"is_daily":false,"chose_seed":false,"campfire_upgraded":10,"win_rate":0,"timestamp":1551244407,"path_taken":["M","M","M","M","$","R","M","R","T","?","R","M","E","?","R","BOSS","M","M","$","M","M","E","?","R","T","R","M","R","?","E","R","BOSS","M","M","?","M","?","E","R","M","T","E","R","?","?","$","R","BOSS"],"build_version":"2019-01-23","purchased_purges":3,"victory":true,"max_hp_per_floor":[80,80,80,80,80,80,80,80,80,80,80,80,80,80,80,80,80,80,80,80,80,80,80,80,80,80,80,80,80,80,80,80,80,80,80,80,80,80,80,80,80,80,80,80,80,80,80,87,87,87],"card_choices":[{"not_picked":["Twin Strike","Headbutt"],"picked":"Wild Strike","floor":1.0},{"not_picked":["Heavy Blade","Clash"],"picked":"Warcry","floor":2.0},{"not_picked":["Rage","Anger"],"picked":"Evolve","floor":3.0},{"not_picked":["True Grit","Sentinel"],"picked":"Shrug It Off","floor":4.0},{"not_picked":["Disarm","Fire Breathing"],"picked":"Second Wind","floor":7.0},{"not_picked":["Pommel Strike","Sever Soul"],"picked":"Power Through","floor":12.0},{"not_picked":["Warcry","Rupture","Dual Wield"],"picked":"SKIP","floor":13.0},{"not_picked":["Fiend Fire","Immolate"],"picked":"Dark Embrace","floor":16.0},{"not_picked":["Iron Wave","Second Wind+1","Headbutt"],"picked":"SKIP","floor":18.0},{"not_picked":["Iron Wave","Second Wind+1","Headbutt"],"picked":"SKIP","floor":18.0},{"not_picked":["Fire Breathing","Sword Boomerang+1","Headbutt"],"picked":"SKIP","floor":19.0},{"not_picked":["Flex","Warcry"],"picked":"Seeing Red+1","floor":21.0},{"not_picked":["Twin Strike","Heavy Blade"],"picked":"Body Slam","floor":22.0},{"not_picked":["Burning Pact+1","Sever Soul"],"picked":"Feel No Pain+1","floor":23.0},{"not_picked":["Twin Strike","Iron Wave","Thunderclap"],"picked":"SKIP","floor":28.0},{"not_picked":["Ghostly Armor","Heavy Blade","Armaments"],"picked":"SKIP","floor":30.0},{"not_picked":["Sword Boomerang","Pummel","Dropkick"],"picked":"SKIP","floor":31.0},{"not_picked":["Wild Strike","Battle Trance"],"picked":"Thunderclap+1","floor":35.0},{"not_picked":["Anger+1","Iron Wave","Whirlwind"],"picked":"SKIP","floor":36.0},{"not_picked":["Wild Strike+1","Armaments","Power Through"],"picked":"SKIP","floor":38.0},{"not_picked":["Burning Pact","Pommel Strike","Inflame+1"],"picked":"SKIP","floor":40.0},{"not_picked":["Pommel Strike+1","Dark Embrace","Evolve"],"picked":"SKIP","floor":42.0},{"not_picked":["Headbutt+1","Heavy Blade+1","Body Slam+1"],"picked":"SKIP","floor":44.0},{"not_picked":["Sword Boomerang","Combust","Clash+1"],"picked":"SKIP","floor":46.0}],"player_experience":201641,"relics_obtained":[{"floor":9.0,"key":"Pen Nib"},{"floor":13.0,"key":"Pantograph"},{"floor":23.0,"key":"Tiny Chest"},{"floor":26.0,"key":"Oddly Smooth Stone"},{"floor":31.0,"key":"MawBank"},{"floor":37.0,"key":"Nunchaku"},{"floor":40.0,"key":"Thread and Needle"},{"floor":43.0,"key":"Self Forming Clay"},{"floor":44.0,"key":"Letter Opener"}],"event_choices":[{"cards_removed":["Strike_R"],"damage_healed":0.0,"max_hp_gain":0.0,"max_hp_loss":0.0,"gold_gain":0.0,"event_name":"Golden Wing","player_choice":"Card Removal","floor":10.0,"gold_loss":0.0,"damage_taken":7.0},{"cards_removed":["Strike_R"],"damage_healed":0.0,"max_hp_gain":0.0,"max_hp_loss":0.0,"gold_gain":0.0,"event_name":"The Cleric","player_choice":"Card Removal","floor":14.0,"gold_loss":50.0,"damage_taken":0.0},{"cards_removed":["Entrench"],"damage_healed":0.0,"max_hp_gain":0.0,"max_hp_loss":0.0,"gold_gain":0.0,"event_name":"WeMeetAgain","player_choice":"Gave Card","floor":24.0,"gold_loss":0.0,"damage_taken":0.0,"relics_obtained":["The Courier"]},{"damage_healed":0.0,"max_hp_gain":0.0,"max_hp_loss":0.0,"gold_gain":0.0,"event_name":"MindBloom","player_choice":"Fight","floor":37.0,"gold_loss":0.0,"damage_taken":0.0},{"damage_healed":0.0,"max_hp_gain":0.0,"max_hp_loss":0.0,"gold_gain":0.0,"event_name":"Match and Keep!","player_choice":"0 cards matched","floor":39.0,"gold_loss":0.0,"damage_taken":0.0,"cards_obtained":[]},{"damage_healed":0.0,"max_hp_gain":0.0,"max_hp_loss":0.0,"gold_gain":0.0,"event_name":"Upgrade Shrine","player_choice":"Upgraded","floor":47.0,"gold_loss":0.0,"damage_taken":0.0,"cards_upgraded":["Evolve"]}],"is_beta":false,"boss_relics":[{"not_picked":["Runic Cube","Black Star"],"picked":"Runic Pyramid"},{"not_picked":["Runic Dome","Black Blood"],"picked":"Velvet Choker"}],"items_purged_floors":[5,20,48],"is_endless":false,"potions_floor_spawned":[7,12,13,21,28,31,35,37,46],"ascension_level":7}