{"gold_per_floor":[117,133,152,162,4,4,33,33,33,33,33,62,81,98,98,172,172,187,213,227,227,427,427,439,439,439,453,470,481,481,481,481,560,560,571,571,623,637,23,50,50,85,85,119,119,137,137,152,152,152],"floor_reached":51,"playtime":3693,"items_purged":["Strike_R"],"score":1320,"play_id":"09f1f3e8-a2de-4785-8b9c-a287ca260f03","local_time":"20190307150919","is_ascension_mode":true,"campfire_choices":[{"data":"Enlightenment","floor":6.0,"key":"SMITH"},{"data":"Whirlwind","floor":8.0,"key":"SMITH"},{"data":"Perfected Strike","floor":10.0,"key":"SMITH"},{"floor":15.0,"key":"REST"},{"data":"Limit Break","floor":23.0,"key":"SMITH"},{"floor":25.0,"key":"REST"},{"floor":32.0,"key":"REST"},{"data":"Heavy Blade","floor":41.0,"key":"SMITH"},{"floor":45,"key":"REST"},{"data":"Demon Form","floor":47,"key":"SMITH"},{"floor":49,"key":"REST"}],"neow_cost":"NONE","seed_source_timestamp":15034594912919,"circlet_count":0,"master_deck":["AscendersBane","Strike_R","Strike_R","Strike_R","Strike_R","Defend_R","Defend_R","Defend_R","Defend_R","Bash","Perfected Strike+1","Carnage","Flame Barrier","Whirlwind+1","Enlightenment+1","Pommel Strike","Flex+1","Panacea","Limit Break+1","Evolve","Flame Barrier+1","Blood for Blood","Feed","Feel No Pain","Metallicize","Ghostly+1","Ghostly+1","Ghostly+1","Ghostly+1","Ghostly+1","Inflame","Shockwave+1","Entrench+1","Barricade","Second Wind+1","Heavy Blade+1","Demon Form+1","Ghostly Armor+1","Uppercut","Bandage Up+1","Inflame","Violence+1","Heavy Blade+1","Bludgeon","Impervious+1","Whirlwind+1"],"special_seed":0,"relics":["Sozu","Turnip","StoneCalendar","Toxic Egg 2","Velvet Choker","Dream Catcher","Question Card","Snecko Eye","Prayer Wheel","Membership Card","Kunai","Orichalcum","Boot","Mercury Hourglass","Singing Bowl","Vajra"],"potions_floor_usage":[],"damage_taken":[{"damage":0.0,"enemies":"Cultist","floor":1.0,"turns":4.0},{"damage":2.0,"enemies":"Jaw Worm","floor":2.0,"turns":2.0},{"damage":0.0,"enemies":"Small Slimes","floor":3.0,"turns":3.0},{"damage":4.0,"enemies":"Blue Slaver","floor":4.0,"turns":3.0},{"damage":13.0,"enemies":"3 Sentries","floor":7.0,"turns":6.0},{"damage":16.0,"enemies":"Gremlin Nob","floor":12.0,"turns":3.0},{"damage":18.0,"enemies":"Exordium Thugs","floor":13.0,"turns":3.0},{"damage":8.0,"enemies":"Exordium Wildlife","floor":14.0,"turns":3.0},{"damage":14.0,"enemies":"Slime Boss","floor":16.0,"turns":7.0},{"damage":7.0,"enemies":"3 Byrds","floor":18.0,"turns":2.0},{"damage":22.0,"enemies":"2 Thieves","floor":20.0,"turns":2.0},{"damage":23.0,"enemies":"Snecko","floor":24.0,"turns":6.0},{"damage":0.0,"enemies":"Centurion and Healer","floor":27.0,"turns":6.0},{"damage":0.0,"enemies":"Cultist and Chosen","floor":28.0,"turns":7.0},{"damage":0.0,"enemies":"Snake Plant","floor":29.0,"turns":4.0},{"damage":16.0,"enemies":"Collector","floor":33.0,"turns":9.0},{"damage":2.0,"enemies":"3 Darklings","floor":35.0,"turns":7.0},{"damage":9.0,"enemies":"2 Orb Walkers","floor":37.0,"turns":6.0},{"damage":0.0,"enemies":"Orb Walker","floor":38.0,"turns":7.0},{"damage":2.0,"enemies":"Giant Head","floor":40.0,"turns":13.0},{"damage":0.0,"enemies":"Reptomancer","floor":42.0,"turns":7.0},{"damage":43,"enemies":"Nemesis","floor":44,"turns":11},{"damage":0,"enemies":"Maw","floor":46,"turns":7},{"damage":8,"enemies":"4 Shapes","floor":48,"turns":1},{"damage":43,"enemies":"Time Eater","floor":50,"turns":8}],"seed_played":"-8827877272170758017","potions_obtained":[],"is_trial":false,"path_per_floor":["M","M","M","M","$","R","E","R","T","R","?","E","M","M","R","B",null,"M","T","M","?","?","R","M","R","T","M","M","M","?","?","R","B",null,"M","?","?","M","$","E","R","E","T","E","R","M","R","M","R","B",null],"character_chosen":"IRONCLAD","items_purchased":["Rupture","Enlightenment","Membership Card","Bandage Up+1","Inflame","Kunai","Orichalcum","Violence+1"],"campfire_rested":5,"item_purchase_floors":[5,5,39,39,39,39,39,39],"current_hp_per_floor":[68,66,66,62,62,62,49,49,49,49,49,33,15,7,29,15,60,53,53,31,31,31,31,11,23,23,23,23,23,18,18,31,15,38,36,36,30,30,30,37,37,43,43,9,27,35,35,29,49,12],"gold":152,"neow_bonus":"BOSS_RELIC","is_prod":false,"is_daily":false,"chose_seed":false,"campfire_upgraded":6,"win_rate":0,"timestamp":1551938959,"path_taken":["M","?","M","M","$","R","E","R","T","R","?","E","M","M","R","BOSS","M","?","M","?","?","R","M","R","T","M","M","?","?","?","R","BOSS","M","?","?","?","$","E","R","E","T","E","R","M","R","?","R","BOSS"],"build_version":"2019-01-23","purchased_purges":1,"victory":true,"max_hp_per_floor":[75,75,75,75,75,75,75,75,75,75,75,75,75,75,75,75,75,75,75,75,37,37,37,40,40,40,40,40,40,45,45,45,45,45,45,45,48,48,48,51,51,51,51,54,56,58,58,60,62,62],"card_choices":[{"not_picked":["Thunderclap","Body Slam"],"picked":"Perfected Strike","floor":1.0},{"not_picked":["Sentinel","Wild Strike"],"picked":"Carnage","floor":2.0},{"not_picked":["Inflame","Flex"],"picked":"Flame Barrier","floor":3.0},{"not_picked":["Pommel Strike","Flame Barrier"],"picked":"Whirlwind","floor":4.0},{"not_picked":["Sword Boomerang","Iron Wave"],"picked":"Pommel Strike","floor":7.0},{"not_picked":["Twin Strike","Offering"],"picked":"Evolve","floor":12.0},{"not_picked":["Clothesline","Havoc+1"],"picked":"Flame Barrier+1","floor":13.0},{"not_picked":["Pommel Strike","Havoc+1"],"picked":"Blood for Blood","floor":14.0},{"not_picked":["Exhume+1","Limit Break+1"],"picked":"Feed","floor":16.0},{"not_picked":["Warcry+1","Pommel Strike"],"picked":"Feel No Pain","floor":18.0},{"not_picked":["Flame Barrier+1","Dropkick"],"picked":"Metallicize","floor":20.0},{"not_picked":["Dropkick+1","Armaments+1"],"picked":"Inflame","floor":24.0},{"not_picked":["Flame Barrier+1","Thunderclap"],"picked":"Shockwave+1","floor":25.0},{"not_picked":["Sword Boomerang+1","Body Slam","Anger"],"picked":"Entrench+1","floor":27.0},{"not_picked":["Clash+1","Body Slam","Sever Soul"],"picked":"Barricade","floor":28.0},{"not_picked":["Anger","Pommel Strike","Heavy Blade"],"picked":"Second Wind+1","floor":29.0},{"not_picked":["Pummel","Corruption","Body Slam"],"picked":"Heavy Blade","floor":32.0},{"not_picked":["Brutality","Barricade","Berserk"],"picked":"Demon Form","floor":33.0},{"not_picked":["Infernal Blade+1","Hemokinesis+1","Blood for Blood"],"picked":"Ghostly Armor+1","floor":35.0},{"not_picked":["Shrug It Off+1","Intimidate+1","Armaments+1"],"picked":"Uppercut","floor":38.0},{"not_picked":["Sever Soul","Iron Wave","Anger","Whirlwind"],"picked":"SKIP","floor":38.0},{"not_picked":["Havoc+1","Iron Wave","Body Slam","Demon Form"],"picked":"SKIP","floor":40.0},{"not_picked":["Warcry+1","Demon Form","Battle Trance+1"],"picked":"Heavy Blade+1","floor":42.0},{"not_picked":["Uppercut","Whirlwind+1","Juggernaut"],"picked":"Bludgeon","floor":44},{"not_picked":["Metallicize+1","Heavy Blade","Shrug It Off+1","Twin Strike"],"picked":"Singing Bowl","floor":45},{"not_picked":["Sword Boomerang+1","True Grit+1","Shrug It Off+1","Corruption+1"],"picked":"Singing Bowl","floor":46},{"not_picked":["Clash","Power Through+1","Impervious+1","Body Slam+1"],"picked":"SKIP","floor":46},{"not_picked":["Clash","Power Through+1","Body Slam+1"],"picked":"Impervious+1","floor":46},{"not_picked":["Wild Strike","Sword Boomerang","Thunderclap"],"picked":"Whirlwind+1","floor":48},{"not_picked":["Body Slam","Thunderclap","Perfected Strike","Clash"],"picked":"Singing Bowl","floor":48},{"not_picked":["Blood for Blood","Anger+1","Headbutt","Havoc+1"],"picked":"Singing Bowl","floor":49}],"player_experience":253483,"relics_obtained":[{"floor":7.0,"key":"Turnip"},{"floor":9.0,"key":"StoneCalendar"},{"floor":12.0,"key":"Toxic Egg 2"},{"floor":19.0,"key":"Dream Catcher"},{"floor":26.0,"key":"Question Card"},{"floor":37.0,"key":"Prayer Wheel"},{"floor":40.0,"key":"Boot"},{"floor":42.0,"key":"Mercury Hourglass"},{"floor":43.0,"key":"Singing Bowl"},{"floor":44,"key":"Vajra"}],"event_choices":[{"damage_healed":0.0,"max_hp_gain":0.0,"max_hp_loss":0.0,"gold_gain":0.0,"event_name":"Match and Keep!","player_choice":"3 cards matched","floor":11.0,"gold_loss":0.0,"damage_taken":0.0,"cards_obtained":["Flex","Panacea","Limit Break"]},{"damage_healed":0.0,"max_hp_gain":0.0,"max_hp_loss":38.0,"gold_gain":0.0,"event_name":"Ghosts","player_choice":"Became a Ghost","floor":21.0,"gold_loss":0.0,"damage_taken":0.0,"cards_obtained":["Ghostly","Ghostly","Ghostly","Ghostly","Ghostly"]},{"damage_healed":0.0,"max_hp_gain":0.0,"max_hp_loss":0.0,"gold_gain":250.0,"event_name":"The Joust","player_choice":"Bet on Owner","floor":22.0,"gold_loss":50.0,"damage_taken":0.0},{"damage_healed":0.0,"max_hp_gain":5.0,"max_hp_loss":0.0,"gold_gain":0.0,"event_name":"Forgotten Altar","player_choice":"Shed Blood","floor":30.0,"gold_loss":0.0,"damage_taken":10.0},{"damage_healed":0.0,"max_hp_gain":0.0,"max_hp_loss":0.0,"gold_gain":0.0,"event_name":"Upgrade Shrine","player_choice":"Upgraded","floor":31.0,"gold_loss":0.0,"damage_taken":0.0,"cards_upgraded":["Flex"]},{"cards_removed":["Rupture"],"damage_healed":0.0,"max_hp_gain":0.0,"max_hp_loss":0.0,"gold_gain":0.0,"event_name":"Falling","player_choice":"Removed Power","floor":36.0,"gold_loss":0.0,"damage_taken":0.0},{"damage_healed":0.0,"max_hp_gain":0.0,"max_hp_loss":0.0,"gold_gain":0.0,"event_name":"Mysterious Sphere","player_choice":"Fight","floor":37.0,"gold_loss":0.0,"damage_taken":0.0}],"is_beta":false,"boss_relics":[{"not_picked":["Runic Dome","Coffee Dripper"],"picked":"Velvet Choker"},{"not_picked":["Cursed Key","Lizard Tail"],"picked":"Snecko Eye"}],"items_purged_floors":[39],"is_endless":false,"potions_floor_spawned":[2,3,13,14,18,20,29,35,48],"ascension_level":14}