{"gold_per_floor":[113,38,38,113,113,153,153,194,240,260,260,303,324,342,342,440,440,455,455,455,468,438,474,474,492,522,522,540,138,188,206,206,299,299,323,323,348,122,135,162,162],"floor_reached":41,"playtime":2722,"items_purged":["Defend_B","Writhe"],"score":914,"play_id":"30db9812-117b-46d4-969e-27533c7cfb5b","local_time":"20190315120157","is_ascension_mode":true,"campfire_choices":[{"floor":11.0,"key":"REST"},{"data":"Scrape","floor":15.0,"key":"SMITH"},{"data":"Scrape","floor":24.0,"key":"SMITH"},{"floor":32.0,"key":"REST"}],"neow_cost":"NONE","seed_source_timestamp":697681090396,"circlet_count":0,"master_deck":["AscendersBane","Zap+1","Dualcast+1","Beam Cell","Scrape+1","Beam Cell","Beam Cell","Gash","Biased Cognition","Echo Form","Leap","Steam Power","Core Surge","Scrape+1","Conserve Battery","Rebound","Coolheaded","Glacier","Glacier","FTL","Loop","Reprogram","Buffer","Glacier+1","Self Repair+1","Conserve Battery+1","Chill+1","Reprogram+1","All For One","Capacitor","Go for the Eyes"],"special_seed":0,"relics":["Cracked Core","NeowsBlessing","Golden Idol","Symbiotic Virus","Meat on the Bone","Oddly Smooth Stone","Orichalcum","Happy Flower","Pandora\u0027s Box","Potion Belt","Matryoshka","Tiny Chest","Letter Opener","Cables","Astrolabe","DataDisk","Bag of Marbles"],"potions_floor_usage":[41],"damage_taken":[{"damage":0.0,"enemies":"Cultist","floor":1.0,"turns":1.0},{"damage":0.0,"enemies":"Gremlin Nob","floor":6.0,"turns":1.0},{"damage":0.0,"enemies":"Lagavulin","floor":8.0,"turns":1.0},{"damage":6.0,"enemies":"2 Louse","floor":10.0,"turns":2.0},{"damage":5.0,"enemies":"3 Sentries","floor":12.0,"turns":5.0},{"damage":0.0,"enemies":"Small Slimes","floor":13.0,"turns":3.0},{"damage":0.0,"enemies":"Looter","floor":14.0,"turns":2.0},{"damage":20.0,"enemies":"Slime Boss","floor":16.0,"turns":8.0},{"damage":5.0,"enemies":"Spheric Guardian","floor":18.0,"turns":3.0},{"damage":7.0,"enemies":"Chosen","floor":21.0,"turns":4.0},{"damage":20.0,"enemies":"Book of Stabbing","floor":23.0,"turns":5.0},{"damage":10.0,"enemies":"Snake Plant","floor":25.0,"turns":3.0},{"damage":0.0,"enemies":"Shelled Parasite and Fungi","floor":27.0,"turns":1.0},{"damage":9.0,"enemies":"Chosen and Byrds","floor":28.0,"turns":5.0},{"damage":18.0,"enemies":"Centurion and Healer","floor":31.0,"turns":5.0},{"damage":37.0,"enemies":"Collector","floor":33.0,"turns":12.0},{"damage":40.0,"enemies":"3 Darklings","floor":35.0,"turns":10.0},{"damage":3.0,"enemies":"Orb Walker","floor":37.0,"turns":3.0},{"damage":12.0,"enemies":"Maw","floor":39.0,"turns":8.0},{"damage":60,"enemies":"Reptomancer","floor":41,"turns":3}],"seed_played":"4519715335193860815","potions_obtained":[{"floor":1.0,"key":"SmokeBomb"},{"floor":6.0,"key":"EssenceOfSteel"},{"floor":13.0,"key":"Block Potion"},{"floor":14.0,"key":"Dexterity Potion"},{"floor":22.0,"key":"Fruit Juice"},{"floor":22.0,"key":"Weak Potion"},{"floor":23.0,"key":"Poison Potion"},{"floor":25.0,"key":"Energy Potion"},{"floor":37.0,"key":"Dexterity Potion"}],"is_trial":false,"path_per_floor":["M","$","?","?","?","E","T","E","T","M","R","E","M","M","R","B",null,"M","$","?","M","?","E","R","M","T","M","M","$","?","M","R","B",null,"M","?","M","$","M","T","E"],"character_chosen":"DEFECT","items_purchased":["Loop","Cables","All For One","Capacitor","Go for the Eyes"],"campfire_rested":2,"item_purchase_floors":[29,29,38,38,38],"current_hp_per_floor":[64,64,43,32,32,32,32,44,44,38,57,52,52,52,52,44,59,54,54,54,47,52,44,44,46,46,46,37,37,37,31,51,26,58,50,50,47,47,45,45,0],"gold":162,"neow_bonus":"THREE_ENEMY_KILL","is_prod":false,"is_daily":false,"chose_seed":false,"campfire_upgraded":2,"win_rate":0,"timestamp":1552665717,"path_taken":["M","?","?","?","?","E","?","E","T","M","R","E","M","M","R","BOSS","M","$","?","M","?","E","R","?","T","?","M","$","?","M","R","BOSS","M","?","M","$","M","?","E"],"build_version":"2019-01-23","purchased_purges":2,"victory":false,"max_hp_per_floor":[71,71,71,71,64,64,64,64,64,64,64,64,64,64,64,64,64,64,64,64,64,69,69,69,69,69,69,69,69,69,69,69,69,69,69,66,66,66,66,66,66],"card_choices":[{"not_picked":["Doom and Gloom","Compile Driver"],"picked":"Auto Shields","floor":1.0},{"not_picked":["Barrage","Reprogram"],"picked":"Beam Cell","floor":6.0},{"not_picked":["Beam Cell","Turbo"],"picked":"Chaos","floor":8.0},{"not_picked":["Steam","Heatsinks"],"picked":"Scrape","floor":10.0},{"not_picked":["Darkness","Hologram"],"picked":"Beam Cell","floor":12.0},{"not_picked":["Auto Shields","Aggregate"],"picked":"Beam Cell","floor":13.0},{"not_picked":["Stack","Double Energy"],"picked":"Gash","floor":14.0},{"not_picked":["Fission","Hyperbeam"],"picked":"Biased Cognition","floor":16.0},{"not_picked":["Recycle","Ball Lightning"],"picked":"Rebound","floor":18.0},{"not_picked":["Sweeping Beam","Turbo"],"picked":"Coolheaded","floor":21.0},{"not_picked":["Lockon","Conserve Battery"],"picked":"Glacier","floor":23.0},{"not_picked":["Auto Shields","Genetic Algorithm+1"],"picked":"Glacier","floor":25.0},{"not_picked":["Reinforced Body","Steam"],"picked":"FTL","floor":28.0},{"not_picked":["Heatsinks+1","Sweeping Beam"],"picked":"Reprogram","floor":31.0},{"not_picked":["Fission","Biased Cognition"],"picked":"Buffer","floor":33.0},{"not_picked":["Turbo","White Noise"],"picked":"Chill+1","floor":35.0},{"not_picked":["Sweeping Beam","Doom and Gloom"],"picked":"Reprogram+1","floor":37.0},{"not_picked":["Lockon","Go for the Eyes","Storm+1"],"picked":"SKIP","floor":39.0}],"player_experience":534481,"relics_obtained":[{"floor":6.0,"key":"Symbiotic Virus"},{"floor":7.0,"key":"Meat on the Bone"},{"floor":8.0,"key":"Oddly Smooth Stone"},{"floor":9.0,"key":"Orichalcum"},{"floor":12.0,"key":"Happy Flower"},{"floor":23.0,"key":"Matryoshka"},{"floor":26.0,"key":"Tiny Chest"},{"floor":26.0,"key":"Letter Opener"},{"floor":40.0,"key":"DataDisk"},{"floor":40.0,"key":"Bag of Marbles"}],"event_choices":[{"damage_healed":0.0,"max_hp_gain":0.0,"max_hp_loss":0.0,"gold_gain":0.0,"event_name":"Shining Light","player_choice":"Entered Light","floor":3.0,"gold_loss":0.0,"damage_taken":21.0,"cards_upgraded":["Dualcast","Zap"]},{"damage_healed":0.0,"max_hp_gain":0.0,"max_hp_loss":0.0,"gold_gain":75.0,"event_name":"World of Goop","player_choice":"Gather Gold","floor":4.0,"gold_loss":0.0,"damage_taken":11.0},{"damage_healed":0.0,"max_hp_gain":0.0,"max_hp_loss":7.0,"gold_gain":0.0,"event_name":"Golden Idol","player_choice":"Lose Max HP","floor":5.0,"gold_loss":0.0,"damage_taken":0.0,"relics_obtained":["Golden Idol"]},{"damage_healed":0.0,"max_hp_gain":0.0,"max_hp_loss":0.0,"gold_gain":0.0,"event_name":"The Mausoleum","player_choice":"Opened","floor":20.0,"gold_loss":0.0,"damage_taken":0.0,"relics_obtained":["Potion Belt"],"cards_obtained":["Writhe"]},{"damage_healed":0.0,"max_hp_gain":0.0,"max_hp_loss":0.0,"gold_gain":0.0,"event_name":"The Woman in Blue","player_choice":"Bought 2 Potions","floor":22.0,"gold_loss":0.0,"damage_taken":0.0},{"damage_healed":0.0,"max_hp_gain":0.0,"max_hp_loss":0.0,"gold_gain":50.0,"event_name":"Nest","player_choice":"Stole From Cult","floor":30.0,"gold_loss":0.0,"damage_taken":0.0},{"damage_healed":0.0,"max_hp_gain":0.0,"max_hp_loss":3.0,"gold_gain":0.0,"event_name":"Winding Halls","player_choice":"Max HP","floor":36.0,"gold_loss":0.0,"damage_taken":0.0}],"is_beta":false,"boss_relics":[{"not_picked":["Fusion Hammer","Lizard Tail"],"picked":"Pandora\u0027s Box"},{"not_picked":["Cursed Key","Busted Crown"],"picked":"Astrolabe"}],"items_purged_floors":[2,29],"is_endless":false,"potions_floor_spawned":[1,6,13,14,23,25,37],"killed_by":"Reptomancer","ascension_level":18}