{"gold_per_floor":[110,21,21,39,39,39,73,73,122,151,164,182,200,85,85,85],"floor_reached":16,"playtime":517,"items_purged":[],"score":250,"play_id":"017000a2-3aff-4a83-9100-e1e9ccdcc783","local_time":"20190308193724","is_ascension_mode":true,"campfire_choices":[{"data":"Corruption","floor":6.0,"key":"SMITH"},{"data":"Rupture","floor":8.0,"key":"SMITH"},{"floor":15,"key":"REST"}],"neow_cost":"NONE","seed_source_timestamp":35047375434084,"circlet_count":0,"master_deck":["AscendersBane","Strike_R","Strike_R","Strike_R","Strike_R","Strike_R","Defend_R","Defend_R","Defend_R","Defend_R","Bash","Carnage","Rupture+1","Corruption+1","Warcry","Intimidate","Dual Wield","Sever Soul","Limit Break","Hemokinesis"],"special_seed":0,"relics":["Burning Blood","NeowsBlessing","SsserpentHead","Pear","Juzu Bracelet","Ornamental Fan"],"potions_floor_usage":[12,16],"damage_taken":[{"damage":0.0,"enemies":"Cultist","floor":1.0,"turns":1.0},{"damage":0.0,"enemies":"2 Louse","floor":4.0,"turns":1.0},{"damage":0.0,"enemies":"3 Sentries","floor":7.0,"turns":2.0},{"damage":40.0,"enemies":"Gremlin Nob","floor":10.0,"turns":5.0},{"damage":7.0,"enemies":"Small Slimes","floor":11.0,"turns":3.0},{"damage":19,"enemies":"Exordium Wildlife","floor":12,"turns":5},{"damage":17,"enemies":"Looter","floor":13,"turns":4},{"damage":54,"enemies":"Slime Boss","floor":16,"turns":7}],"seed_played":"4761990790694024570","potions_obtained":[{"floor":1.0,"key":"GamblersBrew"},{"floor":3.0,"key":"Dexterity Potion"},{"floor":10.0,"key":"Fire Potion"},{"floor":12,"key":"Ancient Potion"}],"is_trial":false,"path_per_floor":["M","$","?","M","?","R","E","R","T","E","M","M","M","$","R","B"],"character_chosen":"IRONCLAD","items_purchased":["Rupture","Limit Break","Hemokinesis"],"campfire_rested":1,"item_purchase_floors":[2,14,14],"current_hp_per_floor":[74,74,74,75,75,75,85,85,85,51,50,37,26,26,51,0],"gold":85,"neow_bonus":"THREE_ENEMY_KILL","is_prod":false,"is_daily":false,"chose_seed":false,"campfire_upgraded":2,"win_rate":0,"timestamp":1552041444,"path_taken":["M","$","?","?","?","R","E","R","T","E","M","M","M","?","R","BOSS"],"build_version":"2019-01-23","purchased_purges":0,"victory":false,"max_hp_per_floor":[75,75,75,75,75,75,85,85,85,85,85,85,85,85,85,85],"card_choices":[{"not_picked":["Anger","Fire Breathing"],"picked":"Carnage","floor":1.0},{"not_picked":["Disarm","Rage"],"picked":"Corruption","floor":4.0},{"not_picked":["Headbutt","Thunderclap"],"picked":"Warcry","floor":7.0},{"not_picked":["Twin Strike","Sword Boomerang","Anger"],"picked":"SKIP","floor":10.0},{"not_picked":["Twin Strike","Sword Boomerang","Anger"],"picked":"SKIP","floor":10.0},{"not_picked":["Disarm","Reckless Charge"],"picked":"Intimidate","floor":11.0},{"not_picked":["Thunderclap","Pummel"],"picked":"Dual Wield","floor":12},{"not_picked":["Dual Wield","Sentinel"],"picked":"Sever Soul","floor":13}],"player_experience":270369,"relics_obtained":[{"floor":7.0,"key":"Pear"},{"floor":9.0,"key":"Juzu Bracelet"},{"floor":10.0,"key":"Ornamental Fan"}],"event_choices":[{"damage_healed":0.0,"max_hp_gain":0.0,"max_hp_loss":0.0,"gold_gain":0.0,"event_name":"Lab","player_choice":"Got Potions","floor":3.0,"gold_loss":0.0,"damage_taken":0.0},{"damage_healed":0.0,"max_hp_gain":0.0,"max_hp_loss":0.0,"gold_gain":0.0,"event_name":"FaceTrader","player_choice":"Trade","floor":5.0,"gold_loss":0.0,"damage_taken":0.0,"relics_obtained":["SsserpentHead"]}],"is_beta":false,"boss_relics":[],"items_purged_floors":[],"is_endless":false,"potions_floor_spawned":[1,10,12],"killed_by":"Slime Boss","ascension_level":17}