{"gold_per_floor":[111,111,186,196,210,210,210,223,223,223,72,72,85,103,103,178,178,191,191,202,22,33,33,33,33,90,90,140,2,16,29,29,29],"floor_reached":33,"playtime":1252,"items_purged":["Strike_R"],"score":438,"play_id":"bbe6fc78-e0a9-4fd1-ba09-6af97a2df0b5","local_time":"20190314140330","is_ascension_mode":true,"campfire_choices":[{"floor":6.0,"key":"REST"},{"data":"Whirlwind","floor":10.0,"key":"SMITH"},{"floor":12.0,"key":"REST"},{"data":"Power Through","floor":15.0,"key":"SMITH"},{"data":"Inflame","floor":23.0,"key":"SMITH"},{"data":"RitualDagger","floor":25.0,"key":"SMITH"},{"data":"Bludgeon","floor":27.0,"key":"SMITH"},{"data":"Rage","floor":32.0,"key":"SMITH"}],"neow_cost":"PERCENT_DAMAGE","seed_source_timestamp":14382089698047,"circlet_count":0,"master_deck":["AscendersBane","Strike_R","Strike_R","Strike_R","Defend_R","Defend_R","Defend_R","Defend_R","Bash","Whirlwind+1","Inflame+1","Metallicize","Power Through+1","Feel No Pain","Thunderclap","Bludgeon+1","Feel No Pain","Flex+1","Enlightenment","Carnage+1","RitualDagger+1","Whirlwind+1","Rage+1"],"special_seed":0,"relics":["Burning Blood","Lantern","Thread and Needle","Potion Belt","Snecko Eye","Tiny Chest","Bronze Scales"],"potions_floor_usage":[33,33,33,33],"damage_taken":[{"damage":17.0,"enemies":"Cultist","floor":1.0,"turns":4.0},{"damage":7.0,"enemies":"Jaw Worm","floor":4.0,"turns":2.0},{"damage":1.0,"enemies":"2 Louse","floor":5.0,"turns":2.0},{"damage":39.0,"enemies":"Gremlin Gang","floor":8.0,"turns":4.0},{"damage":0.0,"enemies":"Red Slaver","floor":13.0,"turns":5.0},{"damage":5.0,"enemies":"Exordium Wildlife","floor":14.0,"turns":7.0},{"damage":68.0,"enemies":"Slime Boss","floor":16.0,"turns":11.0},{"damage":9.0,"enemies":"Spheric Guardian","floor":18.0,"turns":4.0},{"damage":18.0,"enemies":"2 Thieves","floor":20.0,"turns":3.0},{"damage":5.0,"enemies":"Chosen and Byrds","floor":22.0,"turns":7.0},{"damage":3.0,"enemies":"Snecko","floor":30.0,"turns":3.0},{"damage":0.0,"enemies":"Snake Plant","floor":31.0,"turns":2.0},{"damage":105,"enemies":"Automaton","floor":33,"turns":6}],"seed_played":"-4165470871560883934","potions_obtained":[{"floor":5.0,"key":"Swift Potion"},{"floor":8.0,"key":"BloodPotion"},{"floor":14.0,"key":"BloodPotion"},{"floor":18.0,"key":"Swift Potion"}],"is_trial":false,"path_per_floor":["M","?","?","M","M","R","T","M","T","R","$","R","M","M","R","B",null,"M","?","M","$","M","R","?","R","T","R","T","$","M","M","R","B"],"character_chosen":"IRONCLAD","items_purchased":["Feel No Pain","Enlightenment","LiquidBronze","Regen Potion","SteroidPotion"],"campfire_rested":2,"item_purchase_floors":[11,21,21,29,29],"current_hp_per_floor":[53,48,37,36,41,67,67,34,34,34,34,60,74,75,75,21,72,69,69,57,57,58,58,52,52,52,52,52,52,55,61,61,0],"gold":29,"neow_bonus":"TWENTY_PERCENT_HP_BONUS","is_prod":false,"is_daily":false,"chose_seed":false,"campfire_upgraded":6,"win_rate":0,"timestamp":1552539810,"path_taken":["M","?","?","M","M","R","?","?","T","R","?","R","M","M","R","BOSS","M","?","?","?","M","R","?","R","T","R","?","$","M","M","R","BOSS"],"build_version":"2019-01-23","purchased_purges":1,"victory":false,"max_hp_per_floor":[89,89,89,89,89,89,89,89,89,89,89,89,89,89,89,89,89,89,89,89,89,89,89,89,89,89,89,89,89,89,89,89,89],"card_choices":[{"not_picked":["Havoc","Body Slam"],"picked":"Whirlwind","floor":1.0},{"not_picked":["Body Slam","Wild Strike"],"picked":"Inflame","floor":4.0},{"not_picked":["Heavy Blade","Pummel"],"picked":"Metallicize","floor":5.0},{"not_picked":["Hemokinesis","True Grit"],"picked":"Power Through","floor":8.0},{"not_picked":["Sever Soul","Perfected Strike","Wild Strike"],"picked":"SKIP","floor":13.0},{"not_picked":["Sentinel","Sword Boomerang"],"picked":"Thunderclap","floor":14.0},{"not_picked":["Exhume","Berserk"],"picked":"Bludgeon","floor":16.0},{"not_picked":["Iron Wave","Heavy Blade"],"picked":"Feel No Pain","floor":18.0},{"not_picked":["Headbutt","Pummel"],"picked":"Flex+1","floor":20.0},{"not_picked":["Body Slam","Anger+1"],"picked":"Carnage+1","floor":22.0},{"not_picked":["Fire Breathing","Wild Strike"],"picked":"Whirlwind+1","floor":30.0},{"not_picked":["Iron Wave","Body Slam"],"picked":"Rage","floor":31.0}],"player_experience":316027,"relics_obtained":[{"floor":7.0,"key":"Thread and Needle"},{"floor":9.0,"key":"Potion Belt"},{"floor":26.0,"key":"Tiny Chest"},{"floor":28.0,"key":"Bronze Scales"}],"event_choices":[{"damage_healed":0.0,"max_hp_gain":0.0,"max_hp_loss":0.0,"gold_gain":0.0,"event_name":"Scrap Ooze","player_choice":"Success","floor":2.0,"gold_loss":0.0,"damage_taken":5.0,"relics_obtained":["Lantern"]},{"damage_healed":0.0,"max_hp_gain":0.0,"max_hp_loss":0.0,"gold_gain":75.0,"event_name":"World of Goop","player_choice":"Gather Gold","floor":3.0,"gold_loss":0.0,"damage_taken":11.0},{"cards_removed":["Strike_R"],"damage_healed":0.0,"max_hp_gain":0.0,"max_hp_loss":0.0,"gold_gain":0.0,"event_name":"Purifier","player_choice":"Purged","floor":19.0,"gold_loss":0.0,"damage_taken":0.0},{"damage_healed":0.0,"max_hp_gain":0.0,"max_hp_loss":0.0,"gold_gain":0.0,"event_name":"Nest","player_choice":"Joined the Cult","floor":24.0,"gold_loss":0.0,"damage_taken":6.0,"cards_obtained":["RitualDagger"]}],"is_beta":false,"boss_relics":[{"not_picked":["Sozu","Mark of Pain"],"picked":"Snecko Eye"}],"items_purged_floors":[11],"is_endless":false,"potions_floor_spawned":[5,8,14,18],"killed_by":"Automaton","ascension_level":17}