{"gold_per_floor":[114,129,17,31,31,31,65,65,65,65,92,107,119,134,134,134],"floor_reached":16,"playtime":639,"items_purged":["Whirlwind"],"score":189,"play_id":"1f35827b-17ae-464d-a5c0-01a239804ad5","local_time":"20190315131235","is_ascension_mode":true,"campfire_choices":[{"floor":6.0,"key":"REST"},{"floor":8.0,"key":"REST"},{"floor":10.0,"key":"REST"},{"floor":15.0,"key":"REST"}],"neow_cost":"CURSE","seed_source_timestamp":11888557279077,"circlet_count":0,"master_deck":["AscendersBane","Strike_R","Strike_R+1","Strike_R","Strike_R","Strike_R","Defend_R","Defend_R","Defend_R","Defend_R","Bash+1","Deep Breath","Mayhem","Pain","Evolve","Rupture","Pommel Strike","Carnage","Clothesline","Heavy Blade","Barricade"],"special_seed":0,"relics":["Burning Blood","Mummified Hand","Mercury Hourglass","Anchor"],"potions_floor_usage":[],"damage_taken":[{"damage":27.0,"enemies":"2 Louse","floor":1.0,"turns":5.0},{"damage":18.0,"enemies":"Jaw Worm","floor":2.0,"turns":5.0},{"damage":14.0,"enemies":"Cultist","floor":4.0,"turns":4.0},{"damage":24.0,"enemies":"Gremlin Nob","floor":7.0,"turns":4.0},{"damage":31.0,"enemies":"Exordium Thugs","floor":12.0,"turns":4.0},{"damage":17.0,"enemies":"Lots of Slimes","floor":13.0,"turns":4.0},{"damage":4.0,"enemies":"Large Slime","floor":14.0,"turns":4.0},{"damage":40,"enemies":"The Guardian","floor":16,"turns":8}],"seed_played":"-2161064420321584227","potions_obtained":[{"floor":1.0,"key":"FearPotion"},{"floor":13.0,"key":"Fire Potion"}],"is_trial":false,"path_per_floor":["M","M","$","M","?","R","E","R","T","R","T","M","M","M","R","B"],"character_chosen":"IRONCLAD","items_purchased":["Rupture"],"campfire_rested":4,"item_purchase_floors":[3],"current_hp_per_floor":[47,35,35,27,4,26,8,30,30,52,52,27,16,18,40,0],"gold":134,"neow_bonus":"RANDOM_COLORLESS_2","is_prod":false,"is_daily":false,"chose_seed":false,"campfire_upgraded":0,"win_rate":0,"timestamp":1552623155,"path_taken":["M","M","$","M","?","R","E","R","T","R","?","M","M","M","R","BOSS"],"build_version":"2019-01-23","purchased_purges":1,"victory":false,"max_hp_per_floor":[75,75,75,75,75,75,75,75,75,75,75,75,75,75,75,75],"card_choices":[{"not_picked":["Body Slam","Heavy Blade"],"picked":"Whirlwind","floor":1.0},{"not_picked":["Flex","Headbutt"],"picked":"Evolve","floor":2.0},{"not_picked":["Clash","Iron Wave"],"picked":"Pommel Strike","floor":4.0},{"not_picked":["Rampage","Fire Breathing"],"picked":"Carnage","floor":7.0},{"not_picked":["Clash","Anger"],"picked":"Clothesline","floor":12.0},{"not_picked":["Combust","Clash"],"picked":"Heavy Blade","floor":13.0},{"not_picked":["Headbutt","Sever Soul"],"picked":"Barricade","floor":14.0}],"player_experience":328915,"relics_obtained":[{"floor":7.0,"key":"Mummified Hand"},{"floor":9.0,"key":"Mercury Hourglass"},{"floor":11.0,"key":"Anchor"}],"event_choices":[{"damage_healed":0.0,"max_hp_gain":0.0,"max_hp_loss":0.0,"gold_gain":0.0,"event_name":"Shining Light","player_choice":"Entered Light","floor":5.0,"gold_loss":0.0,"damage_taken":23.0,"cards_upgraded":["Strike_R","Bash"]}],"is_beta":false,"boss_relics":[],"items_purged_floors":[3],"is_endless":false,"potions_floor_spawned":[1,13],"killed_by":"The Guardian","ascension_level":17}