{"gold_per_floor":[14,32,32,52,65,100,100,25,49,65,65,65],"floor_reached":12,"playtime":325,"items_purged":[],"score":160,"play_id":"2ec32435-8779-4711-83ce-d2915ea8de56","local_time":"20190210003534","is_ascension_mode":true,"campfire_choices":[{"floor":7,"key":"REST"},{"data":"True Grit","floor":11,"key":"SMITH"}],"neow_cost":"NO_GOLD","seed_source_timestamp":884828815481300,"circlet_count":0,"master_deck":["AscendersBane","Strike_R","Strike_R","Strike_R","Strike_R","Defend_R","Defend_R","Defend_R","Defend_R","Bash","Intimidate","Flex","Perfected Strike","Body Slam","Clash","True Grit+1"],"relics":["Burning Blood","Unceasing Top","Bag of Marbles","Regal Pillow","Centennial Puzzle"],"potions_floor_usage":[5,6],"damage_taken":[{"damage":14,"enemies":"Jaw Worm","floor":1,"turns":5},{"damage":19,"enemies":"Small Slimes","floor":2,"turns":7},{"damage":1,"enemies":"2 Louse","floor":4,"turns":2},{"damage":21,"enemies":"Exordium Thugs","floor":5,"turns":6},{"damage":25,"enemies":"3 Sentries","floor":6,"turns":10},{"damage":11,"enemies":"Blue Slaver","floor":10,"turns":4},{"damage":56,"enemies":"Gremlin Nob","floor":12,"turns":4}],"seed_played":"220514443416771198","potions_obtained":[{"floor":1,"key":"Ancient Potion"},{"floor":4,"key":"Weak Potion"},{"floor":5,"key":"Explosive Potion"}],"is_trial":false,"path_per_floor":["M","M","?","M","M","E","R","?","T","M","R","E"],"character_chosen":"IRONCLAD","items_purchased":[],"campfire_rested":1,"item_purchase_floors":[],"current_hp_per_floor":[60,47,36,41,26,7,44,44,44,39,39,0],"gold":65,"neow_bonus":"ONE_RARE_RELIC","is_prod":false,"is_daily":false,"chose_seed":false,"campfire_upgraded":1,"win_rate":0,"timestamp":1549726534,"path_taken":["M","M","?","M","M","E","R","?","T","M","R","E"],"build_version":"2019-01-23","purchased_purges":0,"victory":false,"max_hp_per_floor":[75,75,75,75,75,75,75,75,75,75,75,75],"card_choices":[{"not_picked":["Twin Strike","Clothesline"],"picked":"Intimidate","floor":1},{"not_picked":["Warcry","True Grit"],"picked":"Flex","floor":2},{"not_picked":["Wild Strike","Heavy Blade"],"picked":"Perfected Strike","floor":4},{"not_picked":["Spot Weakness","Wild Strike"],"picked":"Body Slam","floor":5},{"not_picked":["Ghostly Armor","Barricade"],"picked":"Clash","floor":6},{"not_picked":["Body Slam","Wild Strike"],"picked":"True Grit","floor":10}],"player_experience":4239784,"relics_obtained":[{"floor":6,"key":"Regal Pillow"},{"floor":9,"key":"Centennial Puzzle"}],"event_choices":[{"damage_healed":0,"gold_gain":0,"player_choice":"Success","damage_taken":11,"relics_obtained":["Bag of Marbles"],"max_hp_gain":0,"max_hp_loss":0,"event_name":"Scrap Ooze","floor":3,"gold_loss":0},{"cards_removed":["Strike_R"],"damage_healed":0,"gold_gain":0,"player_choice":"Card Removal","damage_taken":0,"max_hp_gain":0,"max_hp_loss":0,"event_name":"The Cleric","floor":8,"gold_loss":75}],"is_beta":false,"boss_relics":[],"items_purged_floors":[],"is_endless":false,"potions_floor_spawned":[1,4,5],"killed_by":"Gremlin Nob","ascension_level":20}