{"gold_per_floor":[214,139,139,149,149,149,166,196,196,196,196,228,228,39,39,39],"floor_reached":16,"playtime":625,"items_purged":["Defend_B"],"score":207,"play_id":"acd3f033-18d7-4533-a4c0-7eaa42c5b009","local_time":"20190318205333","is_ascension_mode":true,"campfire_choices":[{"data":"Self Repair","floor":6,"key":"SMITH"},{"data":"Glacier","floor":11,"key":"SMITH"},{"data":"Reinforced Body","floor":13,"key":"SMITH"},{"data":"Coolheaded","floor":15,"key":"SMITH"}],"neow_cost":"NONE","seed_source_timestamp":294528992111426,"circlet_count":0,"master_deck":["AscendersBane","Strike_B","Defend_B","Defend_B","Defend_B","Zap","Dualcast","Gash","Self Repair+1","Glacier+1","Cold Snap","Reinforced Body+1","Coolheaded+1","Ball Lightning+1"],"relics":["Cracked Core","Nunchaku","Molten Egg 2","Dead Branch"],"potions_floor_usage":[12,12],"damage_taken":[{"damage":0,"enemies":"2 Louse","floor":1,"turns":2},{"damage":4,"enemies":"Small Slimes","floor":4,"turns":3},{"damage":2,"enemies":"Cultist","floor":7,"turns":4},{"damage":24,"enemies":"Lagavulin","floor":8,"turns":10},{"damage":1,"enemies":"3 Sentries","floor":12,"turns":12},{"damage":68,"enemies":"Hexaghost","floor":16,"turns":14}],"seed_played":"-3165116364225551297","potions_obtained":[{"floor":1,"key":"FocusPotion"},{"floor":4,"key":"Dexterity Potion"},{"floor":7,"key":"GamblersBrew"}],"is_trial":false,"path_per_floor":["M","?","?","M","?","R","M","E","T","?","R","E","R","$","R","B"],"character_chosen":"DEFECT","items_purchased":["Coolheaded","Ball Lightning+1"],"campfire_rested":0,"item_purchase_floors":[14,14],"current_hp_per_floor":[64,64,64,60,60,60,68,54,54,54,54,63,63,63,63,0],"gold":39,"neow_bonus":"HUNDRED_GOLD","is_prod":false,"is_daily":false,"chose_seed":false,"campfire_upgraded":4,"win_rate":0,"timestamp":1552956813,"path_taken":["M","?","?","M","?","R","M","E","T","?","R","E","R","$","R","BOSS"],"build_version":"2019-01-23","purchased_purges":1,"victory":false,"max_hp_per_floor":[71,71,71,71,71,71,71,71,71,71,71,71,71,71,71,71],"card_choices":[{"not_picked":["Lockon","Reprogram"],"picked":"Gash","floor":1},{"not_picked":["Steam","Ball Lightning"],"picked":"Self Repair","floor":4},{"not_picked":["Doom and Gloom","Steam"],"picked":"Glacier","floor":7},{"not_picked":["Rebound","Leap"],"picked":"Cold Snap","floor":8},{"not_picked":["Meteor Strike+1","Steam Power"],"picked":"Reinforced Body","floor":12}],"player_experience":549696,"relics_obtained":[{"floor":8,"key":"Nunchaku"},{"floor":9,"key":"Molten Egg 2"},{"floor":12,"key":"Dead Branch"}],"event_choices":[{"cards_removed":["Strike_B"],"damage_healed":0,"gold_gain":0,"player_choice":"Card Removal","damage_taken":0,"max_hp_gain":0,"max_hp_loss":0,"event_name":"The Cleric","floor":2,"gold_loss":75},{"damage_healed":0,"gold_gain":0,"player_choice":"Ignored","damage_taken":0,"max_hp_gain":0,"max_hp_loss":0,"event_name":"Liars Game","floor":3,"gold_loss":0},{"cards_removed":["Strike_B"],"damage_healed":0,"gold_gain":0,"player_choice":"Forget","damage_taken":0,"max_hp_gain":0,"max_hp_loss":0,"event_name":"Living Wall","floor":5,"gold_loss":0},{"cards_removed":["Strike_B"],"damage_healed":0,"gold_gain":0,"player_choice":"Purged","damage_taken":0,"max_hp_gain":0,"max_hp_loss":0,"event_name":"Purifier","floor":10,"gold_loss":0}],"is_beta":false,"boss_relics":[],"items_purged_floors":[14],"is_endless":false,"potions_floor_spawned":[1,4,7],"killed_by":"Hexaghost","ascension_level":19}