{"gold_per_floor":[112,125,140,156,167,167,198,198,252,327,172,172,187,225,225,349,349,363,363,178,194,210,210,210,210,210,8,24,58,58,71,71,200,200,221,241,260,260,18,49,49,67,67,80,416,440,440,483,483,483,483,483,37,78,78],"floor_reached":55,"playtime":1600,"items_purged":["Shame"],"score":1012,"play_id":"e64f1521-6d05-465e-948b-f3314ca0f026","local_time":"20190202035315","is_ascension_mode":false,"campfire_choices":[{"data":"Whirlwind","floor":6.0,"key":"SMITH"},{"data":"Perfected Strike","floor":8.0,"key":"SMITH"},{"data":"Inflame","floor":15.0,"key":"SMITH"},{"data":"Corruption","floor":23.0,"key":"SMITH"},{"data":"Perfected Strike","floor":25.0,"key":"SMITH"},{"data":"Blood for Blood","floor":32.0,"key":"SMITH"},{"data":"Apotheosis","floor":41.0,"key":"SMITH"},{"floor":47.0,"key":"RECALL"},{"data":"Mind Blast","floor":49.0,"key":"SMITH"},{"data":"Offering","floor":52.0,"key":"SMITH"}],"neow_cost":"PERCENT_DAMAGE","seed_source_timestamp":203900380617100,"circlet_count":0,"master_deck":["Strike_R","Strike_R","Strike_R","Strike_R","Strike_R","Defend_R","Defend_R","Defend_R+1","Defend_R","Bash","Inflame+1","Perfected Strike+1","Corruption+1","Whirlwind+1","Fiend Fire","Injury","Wild Strike","Pommel Strike","Immolate","Twin Strike","Pommel Strike","Offering+1","Perfected Strike+1","Blood for Blood+1","Injury","Uppercut+1","Perfected Strike+1","Bullet Time","Battle Trance+1","Evolve+1","Metallicize","Conserve Battery","Havoc+1","Mind Blast+1","Flash of Steel","Apotheosis+1","Accuracy+1","Perfected Strike","Writhe","Twin Strike+1","Capacitor+1","Pummel","Shrug It Off","True Grit","Rage+1"],"special_seed":0,"relics":["Burning Blood","PreservedInsect","Pen Nib","Bag of Marbles","Golden Idol","Darkstone Periapt","Cursed Key","Happy Flower","The Courier","PrismaticShard","Juzu Bracelet","Orrery","FossilizedHelix","Potion Belt","Old Coin","Ancient Tea Set","Bronze Scales","War Paint"],"potions_floor_usage":[54,55,55,55,55,55],"damage_taken":[{"damage":1.0,"enemies":"2 Louse","floor":1.0,"turns":2.0},{"damage":5.0,"enemies":"Small Slimes","floor":2.0,"turns":3.0},{"damage":1.0,"enemies":"Jaw Worm","floor":3.0,"turns":5.0},{"damage":16.0,"enemies":"Exordium Thugs","floor":4.0,"turns":5.0},{"damage":11.0,"enemies":"3 Louse","floor":5.0,"turns":4.0},{"damage":10.0,"enemies":"Gremlin Nob","floor":7.0,"turns":3.0},{"damage":1.0,"enemies":"Exordium Wildlife","floor":13.0,"turns":2.0},{"damage":8.0,"enemies":"3 Sentries","floor":14.0,"turns":4.0},{"damage":0.0,"enemies":"Slime Boss","floor":16.0,"turns":4.0},{"damage":15.0,"enemies":"3 Byrds","floor":18.0,"turns":4.0},{"damage":6.0,"enemies":"Spheric Guardian","floor":21.0,"turns":2.0},{"damage":6.0,"enemies":"Centurion and Healer","floor":22.0,"turns":2.0},{"damage":0.0,"enemies":"Snake Plant","floor":28.0,"turns":1.0},{"damage":26.0,"enemies":"Book of Stabbing","floor":29.0,"turns":3.0},{"damage":10.0,"enemies":"Cultist and Chosen","floor":31.0,"turns":2.0},{"damage":6.0,"enemies":"Collector","floor":33.0,"turns":3.0},{"damage":0.0,"enemies":"Orb Walker","floor":35.0,"turns":1.0},{"damage":7.0,"enemies":"3 Shapes","floor":36.0,"turns":3.0},{"damage":14.0,"enemies":"3 Darklings","floor":37.0,"turns":3.0},{"damage":4.0,"enemies":"Nemesis","floor":40.0,"turns":3.0},{"damage":0.0,"enemies":"Maw","floor":42.0,"turns":4.0},{"damage":13.0,"enemies":"Sphere and 2 Shapes","floor":44.0,"turns":5.0},{"damage":0.0,"enemies":"Giant Head","floor":45.0,"turns":5.0},{"damage":12.0,"enemies":"Nemesis","floor":48.0,"turns":3.0},{"damage":100.0,"enemies":"Awakened One","floor":50.0,"turns":8.0},{"damage":16,"enemies":"Shield and Spear","floor":54,"turns":3},{"damage":112,"enemies":"The Heart","floor":55,"turns":6}],"seed_played":"7932839016495080667","potions_obtained":[{"floor":4.0,"key":"Fire Potion"},{"floor":14.0,"key":"Fire Potion"},{"floor":22.0,"key":"PowerPotion"},{"floor":28.0,"key":"Fruit Juice"},{"floor":31.0,"key":"Ancient Potion"},{"floor":35.0,"key":"PowerPotion"},{"floor":36.0,"key":"Poison Potion"},{"floor":42.0,"key":"SpeedPotion"},{"floor":45.0,"key":"SteroidPotion"},{"floor":54,"key":"Strength Potion"}],"is_trial":false,"path_per_floor":["M","M","M","M","M","R","E","R","T","?","$","?","M","E","R","B",null,"M","?","$","M","M","R","$","R","T","$","M","E","?","M","R","B",null,"M","M","M","?","$","E","R","M","T","M","E","T","R","E","R","B",null,"R","$","E","B"],"character_chosen":"IRONCLAD","items_purchased":["Bag of Marbles","Pommel Strike","Offering","PrismaticShard","Fire Potion","FossilizedHelix","Pummel","Strength Potion","Swift Potion","Fire Potion","LiquidBronze","Block Potion","PowerPotion","Shrug It Off","True Grit"],"campfire_rested":0,"item_purchase_floors":[11,20,20,27,27,39,53,53,53,53,53,53,53,53,53],"current_hp_per_floor":[77,78,83,73,68,68,64,64,64,53,53,53,58,56,56,62,96,87,87,87,87,87,87,87,87,93,93,104,84,84,80,80,80,107,107,106,98,88,88,90,90,96,102,95,101,107,107,101,101,7,119,119,119,109,0],"gold":78,"neow_bonus":"TWENTY_PERCENT_HP_BONUS","is_prod":false,"is_daily":false,"chose_seed":false,"campfire_upgraded":9,"win_rate":0,"timestamp":1549047195,"path_taken":["M","M","M","M","M","R","E","R","T","?","$","?","M","E","R","BOSS","M","?","$","M","M","R","?","R","T","$","?","E","?","M","R","BOSS","M","M","M","?","$","E","R","M","T","M","E","?","R","E","R","BOSS","R","$","E","BOSS"],"build_version":"2019-01-23","purchased_purges":1,"victory":false,"max_hp_per_floor":[96,96,96,96,96,96,96,96,96,96,96,96,96,96,96,96,96,96,96,96,96,96,96,96,96,102,102,107,107,107,107,107,107,107,107,107,107,107,107,107,107,107,113,113,113,119,119,119,119,119,119,119,119,119,119],"card_choices":[{"not_picked":["Headbutt","Flex"],"picked":"Inflame","floor":1.0},{"not_picked":["Rupture","Combust"],"picked":"Uppercut","floor":2.0},{"not_picked":["Twin Strike","Second Wind"],"picked":"Perfected Strike","floor":3.0},{"not_picked":["Shrug It Off","Armaments"],"picked":"Corruption","floor":4.0},{"not_picked":["Body Slam","Shrug It Off"],"picked":"Whirlwind","floor":5.0},{"not_picked":["Seeing Red","Entrench"],"picked":"Fiend Fire","floor":7.0},{"not_picked":["Battle Trance","Headbutt"],"picked":"Wild Strike","floor":13.0},{"not_picked":["Iron Wave","Metallicize"],"picked":"Pommel Strike","floor":14.0},{"not_picked":["Demon Form","Dark Embrace"],"picked":"Immolate","floor":16.0},{"not_picked":["Body Slam","Iron Wave"],"picked":"Twin Strike","floor":18.0},{"not_picked":["Armaments","Cleave"],"picked":"Perfected Strike","floor":21.0},{"not_picked":["Carnage","Havoc"],"picked":"Blood for Blood","floor":22.0},{"not_picked":["Gash","Dagger Spray+1","Leap"],"picked":"SKIP","floor":28.0},{"not_picked":["Deadly Poison","Heatsinks"],"picked":"Uppercut+1","floor":29.0},{"not_picked":["Havoc","Leap"],"picked":"Perfected Strike+1","floor":31.0},{"not_picked":["Berserk","Reboot"],"picked":"Bullet Time","floor":33.0},{"not_picked":["Stack+1","Havoc"],"picked":"Battle Trance","floor":34.0},{"not_picked":["Havoc","Enlightenment"],"picked":"Evolve+1","floor":34.0},{"not_picked":["Bane","Deep Breath"],"picked":"Metallicize","floor":34.0},{"not_picked":["Dagger Spray","Sucker Punch+1","Stack"],"picked":"SKIP","floor":35.0},{"not_picked":["Immolate","Blind"],"picked":"Conserve Battery","floor":36.0},{"not_picked":["Blade Dance","Flash of Steel"],"picked":"Havoc+1","floor":37.0},{"not_picked":["Sadistic Nature","Violence"],"picked":"Mind Blast","floor":38.0},{"not_picked":["HandOfGreed","Discovery"],"picked":"Flash of Steel","floor":38.0},{"not_picked":["Transmutation","Magnetism"],"picked":"Apotheosis","floor":38.0},{"not_picked":["Backflip","Masterful Stab"],"picked":"Accuracy+1","floor":40.0},{"not_picked":["Rebound","Leap"],"picked":"Perfected Strike","floor":42.0},{"not_picked":["Masterful Stab+1","Predator+1"],"picked":"Twin Strike+1","floor":44.0},{"not_picked":["Outmaneuver+1","Bane","Sweeping Beam+1"],"picked":"SKIP","floor":45.0},{"not_picked":["Outmaneuver+1","Bane","Sweeping Beam+1"],"picked":"SKIP","floor":45.0},{"not_picked":["Self Repair+1","Corruption+1"],"picked":"Capacitor+1","floor":48.0},{"not_picked":["Dash+1","Redo"],"picked":"Rage+1","floor":54}],"player_experience":4192106,"relics_obtained":[{"floor":7.0,"key":"PreservedInsect"},{"floor":9.0,"key":"Pen Nib"},{"floor":14.0,"key":"Darkstone Periapt"},{"floor":26.0,"key":"The Courier"},{"floor":29.0,"key":"Juzu Bracelet"},{"floor":40.0,"key":"Potion Belt"},{"floor":45.0,"key":"Old Coin"},{"floor":46.0,"key":"Ancient Tea Set"},{"floor":48.0,"key":"Bronze Scales"},{"floor":54,"key":"War Paint"}],"event_choices":[{"damage_healed":0.0,"max_hp_gain":0.0,"max_hp_loss":0.0,"gold_gain":75.0,"event_name":"World of Goop","player_choice":"Gather Gold","floor":10.0,"gold_loss":0.0,"damage_taken":11.0},{"damage_healed":0.0,"max_hp_gain":0.0,"max_hp_loss":0.0,"gold_gain":0.0,"event_name":"Golden Idol","player_choice":"Take Wound","floor":12.0,"gold_loss":0.0,"damage_taken":0.0,"relics_obtained":["Golden Idol"],"cards_obtained":["Injury"]},{"cards_removed":["Uppercut"],"damage_healed":0.0,"max_hp_gain":0.0,"max_hp_loss":0.0,"gold_gain":0.0,"event_name":"WeMeetAgain","player_choice":"Gave Card","floor":19.0,"gold_loss":0.0,"damage_taken":0.0,"relics_obtained":["Happy Flower"]},{"damage_healed":0.0,"max_hp_gain":0.0,"max_hp_loss":0.0,"gold_gain":0.0,"event_name":"N\u0027loth","player_choice":"Ignored","floor":30.0,"gold_loss":0.0,"damage_taken":0.0},{"damage_healed":0.0,"max_hp_gain":0.0,"max_hp_loss":0.0,"gold_gain":0.0,"event_name":"SensoryStone","player_choice":"Memory 3","floor":38.0,"gold_loss":0.0,"damage_taken":10.0}],"is_beta":false,"boss_relics":[{"not_picked":["Sozu","Busted Crown"],"picked":"Cursed Key"},{"not_picked":["White Beast Statue","Coffee Dripper"],"picked":"Orrery"}],"items_purged_floors":[53],"is_endless":false,"potions_floor_spawned":[4,14,22,28,31,35,36,42,45,54],"killed_by":"The Heart","ascension_level":0}