{"gold_per_floor":[112,126,126,145,162,162,195,195,246,271,318,349,396,421,433,521,533,565,283,302,316,326,326,336,336,359,359,379,654,665,683,683,683],"floor_reached":33,"playtime":1452,"items_purged":["Defend_G"],"score":575,"play_id":"d9bac5bc-cfd4-4061-8a7e-f87686de3098","local_time":"20190323004934","is_ascension_mode":true,"campfire_choices":[{"data":"Noxious Fumes","floor":6,"key":"SMITH"},{"data":"Blade Dance","floor":8,"key":"SMITH"},{"floor":15,"key":"REST"},{"data":"Cloak And Dagger","floor":23,"key":"SMITH"},{"floor":25,"key":"REST"},{"floor":27,"key":"REST"},{"floor":32,"key":"REST"}],"neow_cost":"NONE","seed_source_timestamp":780185268739900,"circlet_count":0,"master_deck":["AscendersBane","Defend_G+1","Defend_G","Defend_G+1","Defend_G","Strike_G","Strike_G","Strike_G","Strike_G+1","Survivor","Neutralize+1","Noxious Fumes+1","All Out Attack","Quick Slash","Endless Agony","Blade Dance+1","Cloak And Dagger+1","Calculated Gamble","Dodge and Roll","PiercingWail","Dagger Spray","Envenom","Finisher+1","Footwork+1","After Image","Underhanded Strike+1","Calculated Gamble","Prepared+1","Footwork","Terror+1"],"relics":["Ring of the Snake","Whetstone","Mummified Hand","MawBank","Happy Flower","War Paint","Cursed Key","Omamori"],"potions_floor_usage":[10,11,11,16,16,22,28,30],"damage_taken":[{"damage":0,"enemies":"Cultist","floor":1,"turns":4},{"damage":1,"enemies":"Small Slimes","floor":2,"turns":5},{"damage":0,"enemies":"Jaw Worm","floor":4,"turns":4},{"damage":1,"enemies":"Looter","floor":5,"turns":4},{"damage":21,"enemies":"Gremlin Nob","floor":7,"turns":4},{"damage":7,"enemies":"Exordium Thugs","floor":10,"turns":4},{"damage":2,"enemies":"3 Sentries","floor":11,"turns":4},{"damage":0,"enemies":"Large Slime","floor":12,"turns":4},{"damage":26,"enemies":"Gremlin Nob","floor":13,"turns":4},{"damage":0,"enemies":"Blue Slaver","floor":14,"turns":4},{"damage":22,"enemies":"Slime Boss","floor":16,"turns":10},{"damage":17,"enemies":"2 Thieves","floor":18,"turns":4},{"damage":0,"enemies":"Chosen","floor":20,"turns":2},{"damage":5,"enemies":"Centurion and Healer","floor":21,"turns":7},{"damage":0,"enemies":"3 Cultists","floor":22,"turns":4},{"damage":25,"enemies":"Snake Plant","floor":24,"turns":5},{"damage":6,"enemies":"Chosen and Byrds","floor":28,"turns":7},{"damage":18,"enemies":"3 Cultists","floor":30,"turns":5},{"damage":1,"enemies":"Centurion and Healer","floor":31,"turns":5},{"damage":38,"enemies":"Automaton","floor":33,"turns":6}],"seed_played":"-8391256822710335780","potions_obtained":[{"floor":4,"key":"Regen Potion"},{"floor":5,"key":"Explosive Potion"},{"floor":10,"key":"SkillPotion"},{"floor":11,"key":"Dexterity Potion"},{"floor":14,"key":"Dexterity Potion"},{"floor":18,"key":"Block Potion"},{"floor":24,"key":"Block Potion"}],"is_trial":false,"path_per_floor":["M","M","?","M","M","R","E","R","T","M","E","M","E","M","R","B",null,"M","$","M","M","M","R","M","R","T","R","M","?","M","M","R","B"],"character_chosen":"THE_SILENT","items_purchased":["Omamori","FearPotion"],"campfire_rested":4,"item_purchase_floors":[19,19],"current_hp_per_floor":[59,58,58,58,57,57,36,36,36,41,39,39,13,13,32,10,52,35,35,35,30,30,30,5,24,24,43,37,37,19,18,37,0],"gold":683,"neow_bonus":"RANDOM_COMMON_RELIC","is_prod":false,"is_daily":false,"chose_seed":false,"campfire_upgraded":3,"win_rate":0,"timestamp":1553269774,"path_taken":["M","M","?","M","M","R","E","R","T","M","E","M","E","M","R","BOSS","M","$","M","M","M","R","M","R","T","R","?","?","M","M","R","BOSS"],"build_version":"2019-01-23","purchased_purges":1,"victory":false,"max_hp_per_floor":[66,66,66,66,66,66,66,66,66,66,66,66,66,66,66,66,66,66,66,66,66,66,66,66,66,66,66,66,66,66,66,66,66],"card_choices":[{"not_picked":["Sucker Punch","Dagger Throw"],"picked":"Noxious Fumes","floor":1},{"not_picked":["Concentrate","Flying Knee"],"picked":"All Out Attack","floor":2},{"not_picked":["Dagger Spray","Dodge and Roll"],"picked":"Quick Slash","floor":4},{"not_picked":["Dodge and Roll","Concentrate"],"picked":"Endless Agony","floor":5},{"not_picked":["Eviscerate","Dagger Spray"],"picked":"Blade Dance","floor":7},{"not_picked":["Underhanded Strike","Concentrate"],"picked":"Cloak And Dagger","floor":10},{"not_picked":["Deadly Poison","Dagger Throw"],"picked":"Calculated Gamble","floor":11},{"not_picked":["Blade Dance","Escape Plan"],"picked":"Dodge and Roll","floor":12},{"not_picked":["Outmaneuver","Sucker Punch"],"picked":"PiercingWail","floor":13},{"not_picked":["Dagger Throw","Dash"],"picked":"Dagger Spray","floor":14},{"not_picked":["Grand Finale","Malaise"],"picked":"Envenom","floor":16},{"not_picked":["Outmaneuver","Accuracy"],"picked":"Finisher+1","floor":18},{"not_picked":["Riddle With Holes","Underhanded Strike"],"picked":"Footwork+1","floor":20},{"not_picked":["Quick Slash","Prepared"],"picked":"After Image","floor":21},{"not_picked":["Cloak And Dagger","Slice"],"picked":"Underhanded Strike+1","floor":22},{"not_picked":["Dagger Throw","Slice"],"picked":"Calculated Gamble","floor":24},{"not_picked":["Dagger Spray","Quick Slash"],"picked":"Prepared+1","floor":28},{"not_picked":["Cloak And Dagger","Flying Knee"],"picked":"Footwork","floor":30},{"not_picked":["Cloak And Dagger","Infinite Blades"],"picked":"Terror+1","floor":31}],"player_experience":4588395,"relics_obtained":[{"floor":7,"key":"Mummified Hand"},{"floor":9,"key":"MawBank"},{"floor":11,"key":"Happy Flower"},{"floor":13,"key":"War Paint"}],"event_choices":[{"cards_removed":["Strike_G"],"damage_healed":0,"gold_gain":0,"player_choice":"Purged","damage_taken":0,"max_hp_gain":0,"max_hp_loss":0,"event_name":"Purifier","floor":3,"gold_loss":0},{"damage_healed":0,"gold_gain":275,"player_choice":"Desecrate","damage_taken":0,"max_hp_gain":0,"max_hp_loss":0,"event_name":"Golden Shrine","floor":29,"gold_loss":0,"cards_obtained":["Regret"]}],"is_beta":false,"boss_relics":[{"not_picked":["Ring of the Serpent","Fusion Hammer"],"picked":"Cursed Key"}],"items_purged_floors":[19],"is_endless":false,"potions_floor_spawned":[4,5,10,11,14,18,24],"killed_by":"Automaton","ascension_level":20}