{"gold_per_floor":[117,133,133,133,153,153,188,188,188,205,205,235,26,42,42,42],"floor_reached":16,"playtime":716,"items_purged":["Strike_R"],"score":204,"play_id":"5287649c-d458-4699-9a83-be8231d1aeef","local_time":"20190315132553","is_ascension_mode":true,"campfire_choices":[{"data":"Battle Trance","floor":6.0,"key":"SMITH"},{"data":"Limit Break","floor":8.0,"key":"SMITH"},{"floor":15.0,"key":"REST"}],"neow_cost":"TEN_PERCENT_HP_LOSS","seed_source_timestamp":12578443639943,"circlet_count":0,"master_deck":["AscendersBane","Strike_R+1","Strike_R","Strike_R","Defend_R","Defend_R","Defend_R","Defend_R","Bash","Battle Trance+1","Pommel Strike","Cleave+1","Limit Break+1","Perfected Strike","Seeing Red","Clothesline","Metallicize","Evolve"],"special_seed":0,"relics":["Burning Blood","Ginger","PreservedInsect","Smiling Mask","Whetstone"],"potions_floor_usage":[16],"damage_taken":[{"damage":5.0,"enemies":"2 Louse","floor":1.0,"turns":3.0},{"damage":7.0,"enemies":"Jaw Worm","floor":2.0,"turns":3.0},{"damage":1.0,"enemies":"Cultist","floor":5.0,"turns":3.0},{"damage":16.0,"enemies":"Gremlin Nob","floor":7.0,"turns":3.0},{"damage":0.0,"enemies":"3 Louse","floor":10.0,"turns":3.0},{"damage":20.0,"enemies":"3 Sentries","floor":12.0,"turns":5.0},{"damage":15.0,"enemies":"Large Slime","floor":14.0,"turns":2.0},{"damage":60,"enemies":"Slime Boss","floor":16,"turns":6}],"seed_played":"-4777005763580483346","potions_obtained":[{"floor":1.0,"key":"Strength Potion"},{"floor":2.0,"key":"Energy Potion"},{"floor":14.0,"key":"Weak Potion"}],"is_trial":false,"path_per_floor":["M","M","?","?","M","R","E","R","T","M","?","E","$","M","R","B"],"character_chosen":"IRONCLAD","items_purchased":["Clothesline","Metallicize","Energy Potion"],"campfire_rested":1,"item_purchase_floors":[13,13,13],"current_hp_per_floor":[68,67,72,72,73,73,63,63,63,69,51,37,37,28,49,0],"gold":42,"neow_bonus":"ONE_RARE_RELIC","is_prod":false,"is_daily":false,"chose_seed":false,"campfire_upgraded":2,"win_rate":0,"timestamp":1552623953,"path_taken":["M","M","?","?","M","R","E","R","T","M","?","E","?","?","R","BOSS"],"build_version":"2019-01-23","purchased_purges":1,"victory":false,"max_hp_per_floor":[68,68,73,73,73,73,73,73,73,73,73,73,73,73,73,73],"card_choices":[{"not_picked":["Corruption","Hemokinesis"],"picked":"Battle Trance","floor":1.0},{"not_picked":["Twin Strike","Havoc"],"picked":"Pommel Strike","floor":2.0},{"not_picked":["Wild Strike","Pommel Strike"],"picked":"Cleave","floor":5.0},{"not_picked":["Thunderclap","Shrug It Off"],"picked":"Limit Break","floor":7.0},{"not_picked":["True Grit","Searing Blow"],"picked":"Perfected Strike","floor":10.0},{"not_picked":["Dual Wield","Corruption"],"picked":"Seeing Red","floor":12.0},{"not_picked":["Thunderclap","Headbutt"],"picked":"Evolve","floor":14.0}],"player_experience":329554,"relics_obtained":[{"floor":9.0,"key":"PreservedInsect"},{"floor":12.0,"key":"Whetstone"}],"event_choices":[{"damage_healed":0.0,"max_hp_gain":5.0,"max_hp_loss":0.0,"gold_gain":0.0,"event_name":"Big Fish","player_choice":"Donut","floor":3.0,"gold_loss":0.0,"damage_taken":0.0},{"cards_removed":["Strike_R"],"damage_healed":0.0,"max_hp_gain":0.0,"max_hp_loss":0.0,"gold_gain":0.0,"event_name":"Living Wall","player_choice":"Forget","floor":4.0,"gold_loss":0.0,"damage_taken":0.0},{"damage_healed":0.0,"max_hp_gain":0.0,"max_hp_loss":0.0,"gold_gain":0.0,"event_name":"Scrap Ooze","player_choice":"Success","floor":11.0,"gold_loss":0.0,"damage_taken":18.0,"relics_obtained":["Smiling Mask"]}],"is_beta":false,"boss_relics":[],"items_purged_floors":[13],"is_endless":false,"potions_floor_spawned":[1,2,14],"killed_by":"Slime Boss","ascension_level":17}