{"gold_per_floor":[114,133,133,133,144,144,172,74,74,74,74,93,93,93,120,120,263,263,274,274,285,45,62,62,94,0,23,23,23,23,34,45,80,80,230,230,244,257,32,51,64,64,80,80,80,80,90,107,34,34,62,62,62,62,62,12,39,39],"floor_reached":59,"playtime":2322,"items_purged":["Steam","Scrape+1","Aggregate","Aggregate+1","Parasite","Gash"],"score":859,"play_id":"555549ee-96c8-46f3-83a3-bfdc9cafeb67","local_time":"20190220013336","is_ascension_mode":true,"campfire_choices":[{"data":"Skim","floor":6,"key":"SMITH"},{"data":"Recycle","floor":11,"key":"SMITH"},{"data":"Hologram","floor":14,"key":"SMITH"},{"data":"Coolheaded","floor":16,"key":"SMITH"},{"data":"Heatsinks","floor":24,"key":"SMITH"},{"floor":34,"key":"RECALL"},{"data":"Biased Cognition","floor":42,"key":"SMITH"},{"data":"Coolheaded","floor":44,"key":"SMITH"},{"data":"Capacitor","floor":52,"key":"SMITH"},{"data":"Glacier","floor":55,"key":"SMITH"}],"neow_cost":"NONE","seed_source_timestamp":470936545633700,"circlet_count":0,"master_deck":["Hologram+1","Coolheaded+1","Undo","Coolheaded+1","Skim+1","Gash","Gash","Gash","Scrape+1","Recycle+1","Biased Cognition+1","Go for the Eyes+1","Heatsinks+1","Doom and Gloom+1","Go for the Eyes+1","Hyperbeam+1","Gash+1","Steam Power+1","Gash+1","Turbo+1","All For One+1","Writhe","Clumsy","Go for the Eyes+1","Gash+1","Reboot","Capacitor+1","Gash+1","Glacier+1","All For One+1","Gash+1"],"relics":["Black Star","Bird Faced Urn","The Courier","Molten Egg 2","Nunchaku","Blue Candle","Velvet Choker","OrangePellets","Centennial Puzzle","Blood Vial","Smiling Mask","Dodecahedron","Boot","Calling Bell","Omamori","Letter Opener","Mango","Happy Flower","Bag of Preparation","Bag of Marbles","PreservedInsect","Bottled Tornado"],"potions_floor_usage":[17,58,58,58],"damage_taken":[{"damage":0,"enemies":"Jaw Worm","floor":1,"turns":2},{"damage":0,"enemies":"2 Louse","floor":2,"turns":2},{"damage":0,"enemies":"Cultist","floor":5,"turns":3},{"damage":0,"enemies":"Gremlin Nob","floor":7,"turns":3},{"damage":0,"enemies":"Blue Slaver","floor":12,"turns":2},{"damage":0,"enemies":"Lagavulin","floor":15,"turns":3},{"damage":0,"enemies":"Slime Boss","floor":17,"turns":2},{"damage":0,"enemies":"2 Thieves","floor":19,"turns":4},{"damage":2,"enemies":"3 Byrds","floor":21,"turns":3},{"damage":0,"enemies":"Centurion and Healer","floor":23,"turns":3},{"damage":14,"enemies":"Slavers","floor":25,"turns":4},{"damage":0,"enemies":"Sentry and Sphere","floor":31,"turns":3},{"damage":6,"enemies":"Chosen and Byrds","floor":32,"turns":3},{"damage":18,"enemies":"Gremlin Leader","floor":33,"turns":4},{"damage":9,"enemies":"Collector","floor":35,"turns":7},{"damage":14,"enemies":"3 Darklings","floor":37,"turns":3},{"damage":5,"enemies":"Orb Walker","floor":38,"turns":2},{"damage":1,"enemies":"Spire Growth","floor":40,"turns":3},{"damage":14,"enemies":"Writhing Mass","floor":41,"turns":5},{"damage":3,"enemies":"Sphere and 2 Shapes","floor":43,"turns":5},{"damage":0,"enemies":"Transient","floor":47,"turns":5},{"damage":0,"enemies":"Spire Growth","floor":48,"turns":4},{"damage":14,"enemies":"Nemesis","floor":51,"turns":5},{"damage":6,"enemies":"Time Eater","floor":53,"turns":8},{"damage":15,"enemies":"Shield and Spear","floor":57,"turns":7},{"damage":28,"enemies":"The Heart","floor":58,"turns":10}],"seed_played":"6889617859231026609","potions_obtained":[{"floor":1,"key":"FearPotion"},{"floor":4,"key":"GamblersBrew"},{"floor":4,"key":"LiquidBronze"},{"floor":19,"key":"Dexterity Potion"},{"floor":31,"key":"PowerPotion"},{"floor":33,"key":"FearPotion"}],"is_trial":false,"path_per_floor":["M","M","?","?","M","R","E","$","T","T","R","M","?","R","E","R","B",null,"M","?","M","$","M","R","E","$","T","T","?","$","M","M","E","R","B",null,"M","M","$","M","M","R","M","R","T","T","M","M","$","?","E","R","B",null,"R","$","E","B",null],"character_chosen":"DEFECT","items_purchased":["Recycle","Hyperbeam+1","OrangePellets","Happy Flower","Bag of Preparation","Glacier"],"campfire_rested":0,"item_purchase_floors":[8,22,22,39,39,49],"current_hp_per_floor":[79,79,84,84,84,84,84,84,84,84,84,84,77,77,77,77,77,84,84,84,82,82,84,84,72,72,72,72,84,84,84,80,66,66,63,98,84,81,81,86,78,78,81,81,81,81,87,91,91,95,84,84,84,95,95,95,86,68],"gold":39,"neow_bonus":"BOSS_RELIC","is_prod":false,"is_daily":false,"chose_seed":false,"campfire_upgraded":9,"win_rate":0,"timestamp":1550594016,"path_taken":["M","M","?","?","M","R","E","$","T","R","?","?","R","E","R","BOSS","M","?","M","?","M","R","E","$","T","?","$","M","?","E","R","BOSS","M","?","$","M","M","R","M","R","T","M","M","$","?","E","R","BOSS","R","$","E","BOSS"],"build_version":"2019-01-23","purchased_purges":6,"victory":true,"max_hp_per_floor":[79,79,84,84,84,84,84,84,84,84,84,84,84,84,84,84,84,84,84,84,84,84,84,84,84,84,84,84,84,84,84,84,84,84,84,98,98,98,98,98,98,98,98,98,98,98,98,98,95,95,95,95,95,95,95,95,95,95],"card_choices":[{"not_picked":["Streamline","Steam"],"picked":"Turbo","floor":1},{"not_picked":["Rebound","Leap"],"picked":"Fusion","floor":2},{"not_picked":["Sunder","Sweeping Beam"],"picked":"Gash","floor":5},{"not_picked":["Chaos+1","Stack"],"picked":"Scrape+1","floor":7},{"not_picked":["Consume+1","Compile Driver+1"],"picked":"Scrape+1","floor":12},{"not_picked":["Self Repair+1","Reprogram"],"picked":"Steam","floor":15},{"not_picked":["Echo Form","Electrodynamics"],"picked":"Biased Cognition","floor":17},{"not_picked":["Cold Snap+1","Coolheaded"],"picked":"Go for the Eyes+1","floor":19},{"not_picked":["Barrage+1","Cold Snap+1"],"picked":"Go for the Eyes+1","floor":21},{"not_picked":["Rip and Tear+1","Ball Lightning+1"],"picked":"Gash+1","floor":23},{"not_picked":["Compile Driver+1","Leap+1"],"picked":"Aggregate","floor":25},{"not_picked":["Static Discharge+1","Genetic Algorithm+1"],"picked":"Steam Power+1","floor":31},{"not_picked":["Barrage+1","Turbo+1"],"picked":"Gash+1","floor":32},{"not_picked":["Lockon+1","Reprogram+1"],"picked":"Turbo+1","floor":33},{"not_picked":["Multi-Cast","Electrodynamics"],"picked":"All For One+1","floor":35},{"not_picked":["Barrage+1","Steam+1"],"picked":"Aggregate+1","floor":38},{"not_picked":["Lockon+1","Leap+1"],"picked":"Go for the Eyes+1","floor":40},{"not_picked":["Streamline+1","Undo+1"],"picked":"Gash+1","floor":41},{"not_picked":["Melter+1","Compile Driver+1"],"picked":"Reboot","floor":43},{"not_picked":["Cold Snap+1","Leap+1"],"picked":"Capacitor","floor":47},{"not_picked":["Rip and Tear+1","Barrage+1"],"picked":"Gash+1","floor":48},{"not_picked":["Lockon+1","Tempest+1"],"picked":"All For One+1","floor":51},{"not_picked":["Rebound+1","Cold Snap+1"],"picked":"Gash+1","floor":57}],"player_experience":4349656,"relics_obtained":[{"floor":7,"key":"Bird Faced Urn"},{"floor":7,"key":"The Courier"},{"floor":9,"key":"Molten Egg 2"},{"floor":15,"key":"Nunchaku"},{"floor":15,"key":"Blue Candle"},{"floor":25,"key":"Centennial Puzzle"},{"floor":25,"key":"Blood Vial"},{"floor":27,"key":"Smiling Mask"},{"floor":33,"key":"Dodecahedron"},{"floor":33,"key":"Boot"},{"floor":36,"key":"Omamori"},{"floor":36,"key":"Letter Opener"},{"floor":36,"key":"Mango"},{"floor":51,"key":"Bag of Marbles"},{"floor":51,"key":"PreservedInsect"},{"floor":57,"key":"Bottled Tornado"}],"event_choices":[{"damage_healed":0,"gold_gain":0,"player_choice":"Donut","damage_taken":0,"max_hp_gain":5,"max_hp_loss":0,"event_name":"Big Fish","floor":3,"gold_loss":0},{"damage_healed":0,"gold_gain":0,"player_choice":"Got Potions","damage_taken":0,"max_hp_gain":0,"max_hp_loss":0,"event_name":"Lab","floor":4,"gold_loss":0},{"cards_removed":["Turbo"],"damage_healed":0,"gold_gain":0,"player_choice":"Card Removal","damage_taken":7,"max_hp_gain":0,"max_hp_loss":0,"event_name":"Golden Wing","floor":13,"gold_loss":0},{"damage_healed":0,"gold_gain":0,"cards_transformed":["Steam","Steam"],"player_choice":"Became Test Subject","damage_taken":0,"max_hp_gain":0,"max_hp_loss":0,"event_name":"Drug Dealer","floor":20,"gold_loss":0,"cards_obtained":["Heatsinks","Doom and Gloom"]},{"cards_removed":["Fusion"],"damage_healed":12,"gold_gain":0,"player_choice":"Offered Uncommon","damage_taken":0,"max_hp_gain":0,"max_hp_loss":0,"event_name":"Bonfire Elementals","floor":29,"gold_loss":0},{"damage_healed":24,"gold_gain":0,"player_choice":"Writhe","damage_taken":0,"max_hp_gain":0,"max_hp_loss":0,"event_name":"Winding Halls","floor":50,"gold_loss":0,"cards_obtained":["Writhe"]}],"is_beta":false,"boss_relics":[{"not_picked":["Orrery","Inserter"],"picked":"Velvet Choker"},{"not_picked":["Runic Dome","Runic Pyramid"],"picked":"Calling Bell"}],"items_purged_floors":[8,22,26,39,49,56],"is_endless":false,"potions_floor_spawned":[1,12,19,31,33,38,40,48],"ascension_level":-10}