{"gold_per_floor":[118,128,128,140,150,178,197,231,231,10,23,23,23,66,66,195,195,214,239,255,32,50,50,63,63,63,63,63,77,112,135,135,263,263,287,287,311,92,105,105,123,146,146,186,186,221,221,221,221,221,221,221,9,42,42],"floor_reached":56,"playtime":7378,"items_purged":["Clumsy"],"score":1275,"play_id":"febda024-b289-4679-9fa8-cb62a621cb6e","local_time":"20190214235528","is_ascension_mode":true,"campfire_choices":[{"floor":12.0,"key":"REST"},{"floor":15.0,"key":"REST"},{"data":"Neutralize","floor":23.0,"key":"SMITH"},{"data":"Footwork","floor":25.0,"key":"SMITH"},{"floor":28.0,"key":"REST"},{"floor":32.0,"key":"REST"},{"data":"Adrenaline","floor":40.0,"key":"SMITH"},{"data":"Catalyst","floor":45.0,"key":"SMITH"},{"floor":49.0,"key":"RECALL"},{"data":"Burst","floor":52.0,"key":"SMITH"}],"neow_cost":"PERCENT_DAMAGE","seed_source_timestamp":205467197457,"circlet_count":0,"master_deck":["Defend_G","Defend_G","Defend_G","Defend_G","Defend_G","Survivor","Neutralize+1","Bouncing Flask","Leg Sweep","Crippling Poison","Corpse Explosion","Well Laid Plans","Noxious Fumes","Reflex+1","Caltrops+1","Deadly Poison","Footwork+1","Prepared+1","Burst+1","Catalyst+1","Finesse","Flechettes","Adrenaline+1","Madness","Madness","PiercingWail+1","Noxious Fumes+1","Calculated Gamble+1","Apotheosis","Adrenaline"],"special_seed":0,"relics":["Ring of the Serpent","Paper Crane","Bottled Flame","Gremlin Horn","Blood Vial","Golden Idol","PreservedInsect","Astrolabe","Oddly Smooth Stone","Sundial","Incense Burner","Snake Skull","Meat on the Bone","Lantern","Frozen Egg 2","Kunai"],"potions_floor_usage":[],"damage_taken":[{"damage":0.0,"enemies":"2 Louse","floor":1.0,"turns":5.0},{"damage":1.0,"enemies":"Cultist","floor":2.0,"turns":4.0},{"damage":0.0,"enemies":"Jaw Worm","floor":4.0,"turns":4.0},{"damage":0.0,"enemies":"Blue Slaver","floor":5.0,"turns":4.0},{"damage":7.0,"enemies":"Lagavulin","floor":6.0,"turns":11.0},{"damage":6.0,"enemies":"Lots of Slimes","floor":7.0,"turns":4.0},{"damage":31.0,"enemies":"Gremlin Nob","floor":8.0,"turns":6.0},{"damage":2.0,"enemies":"Large Slime","floor":11.0,"turns":6.0},{"damage":7.0,"enemies":"Lagavulin","floor":14.0,"turns":8.0},{"damage":1.0,"enemies":"Hexaghost","floor":16.0,"turns":10.0},{"damage":0.0,"enemies":"Chosen","floor":18.0,"turns":6.0},{"damage":10.0,"enemies":"3 Byrds","floor":19.0,"turns":3.0},{"damage":16.0,"enemies":"3 Cultists","floor":20.0,"turns":6.0},{"damage":6.0,"enemies":"Chosen and Byrds","floor":22.0,"turns":7.0},{"damage":19.0,"enemies":"Centurion and Healer","floor":24.0,"turns":8.0},{"damage":15.0,"enemies":"Cultist and Chosen","floor":29.0,"turns":5.0},{"damage":5.0,"enemies":"Gremlin Leader","floor":30.0,"turns":7.0},{"damage":9.0,"enemies":"3 Cultists","floor":31.0,"turns":6.0},{"damage":1.0,"enemies":"Champ","floor":33.0,"turns":13.0},{"damage":2.0,"enemies":"3 Darklings","floor":35.0,"turns":3.0},{"damage":0.0,"enemies":"3 Shapes","floor":37.0,"turns":3.0},{"damage":0.0,"enemies":"Maw","floor":39.0,"turns":7.0},{"damage":6.0,"enemies":"Transient","floor":41.0,"turns":5.0},{"damage":16.0,"enemies":"Writhing Mass","floor":42.0,"turns":5.0},{"damage":37.0,"enemies":"Reptomancer","floor":44.0,"turns":7.0},{"damage":0.0,"enemies":"Giant Head","floor":46.0,"turns":7.0},{"damage":29.0,"enemies":"Donu and Deca","floor":50.0,"turns":6.0},{"damage":32.0,"enemies":"Shield and Spear","floor":54.0,"turns":7.0},{"damage":43,"enemies":"The Heart","floor":55,"turns":11}],"seed_played":"4471451046974293182","potions_obtained":[{"floor":4.0,"key":"Strength Potion"},{"floor":6.0,"key":"SpeedPotion"},{"floor":7.0,"key":"Ancient Potion"},{"floor":11.0,"key":"Fire Potion"},{"floor":16.0,"key":"Dexterity Potion"},{"floor":24.0,"key":"GhostInAJar"},{"floor":31.0,"key":"Ancient Potion"},{"floor":35.0,"key":"AttackPotion"},{"floor":37.0,"key":"Explosive Potion"},{"floor":42.0,"key":"Fruit Juice"},{"floor":54.0,"key":"Strength Potion"}],"is_trial":false,"path_per_floor":["M","M","?","M","M","E","M","E","T","$","M","R","?","E","R","B",null,"M","M","M","$","M","R","M","R","T","?","R","M","E","M","R","B",null,"M","?","M","$","M","R","M","M","T","E","R","E","T","?","R","B",null,"R","$","E","B",null],"character_chosen":"THE_SILENT","items_purchased":["Noxious Fumes","Blood Vial","Footwork","Oddly Smooth Stone","Snake Skull","Apotheosis","Poison Potion"],"campfire_rested":4,"item_purchase_floors":[10,10,21,21,38,53,53],"current_hp_per_floor":[49,48,48,48,48,41,35,4,4,4,4,25,25,20,41,42,70,70,60,46,46,42,42,25,25,25,25,46,33,30,23,44,45,70,68,59,61,61,63,63,59,50,50,27,27,41,41,41,41,26,75,75,75,43,14],"gold":42,"neow_bonus":"REMOVE_TWO","is_prod":false,"is_daily":false,"chose_seed":false,"campfire_upgraded":5,"win_rate":1,"timestamp":1550156128,"path_taken":["M","M","?","M","?","E","M","E","T","$","M","R","?","E","R","BOSS","M","M","M","$","M","R","M","R","T","?","R","M","E","?","R","BOSS","M","?","M","$","M","R","M","M","T","E","R","E","?","?","R","BOSS","R","$","E","BOSS"],"build_version":"2019-01-23","purchased_purges":1,"victory":true,"max_hp_per_floor":[70,70,70,70,70,70,70,70,70,70,70,70,70,70,70,70,70,70,70,70,70,70,70,70,70,70,70,70,70,70,70,70,70,70,70,70,70,70,70,70,70,75,75,75,75,75,75,75,75,75,75,75,75,75,75],"card_choices":[{"not_picked":["Poisoned Stab","Escape Plan"],"picked":"Bouncing Flask","floor":1.0},{"not_picked":["Cloak And Dagger","Sucker Punch","Riddle With Holes"],"picked":"SKIP","floor":2.0},{"not_picked":["Calculated Gamble","Infinite Blades"],"picked":"Leg Sweep","floor":4.0},{"not_picked":["Quick Slash","Blade Dance"],"picked":"Crippling Poison","floor":5.0},{"not_picked":["Slice","Quick Slash","Infinite Blades"],"picked":"SKIP","floor":6.0},{"not_picked":["Infinite Blades","Dodge and Roll"],"picked":"Corpse Explosion","floor":7.0},{"not_picked":["Eviscerate","Outmaneuver"],"picked":"Well Laid Plans","floor":8.0},{"not_picked":["Infinite Blades","Skewer","Cloak And Dagger"],"picked":"SKIP","floor":11.0},{"not_picked":["Tactician","Endless Agony","Finisher"],"picked":"SKIP","floor":14.0},{"not_picked":["Tactician+1","Dagger Spray","Blade Dance"],"picked":"SKIP","floor":18.0},{"not_picked":["Quick Slash","All Out Attack"],"picked":"Deadly Poison","floor":19.0},{"not_picked":["Deflect+1","Bane+1","Dagger Spray"],"picked":"SKIP","floor":20.0},{"not_picked":["Accuracy","Underhanded Strike+1"],"picked":"Prepared+1","floor":22.0},{"not_picked":["Masterful Stab","Blade Dance","Underhanded Strike"],"picked":"SKIP","floor":24.0},{"not_picked":["Quick Slash","Dagger Throw","Outmaneuver"],"picked":"SKIP","floor":29.0},{"not_picked":["Underhanded Strike+1","Dodge and Roll"],"picked":"Flechettes","floor":30.0},{"not_picked":["Quick Slash","Expertise","Slice"],"picked":"SKIP","floor":31.0},{"not_picked":["Phantasmal Killer","Die Die Die"],"picked":"Adrenaline","floor":33.0},{"not_picked":["Riddle With Holes","All Out Attack","Tactician+1"],"picked":"SKIP","floor":35.0},{"not_picked":["Underhanded Strike","Blade Dance","Deadly Poison"],"picked":"SKIP","floor":37.0},{"not_picked":["Tactician+1","Backflip+1"],"picked":"PiercingWail+1","floor":39.0},{"not_picked":["Slice","Poisoned Stab"],"picked":"Noxious Fumes+1","floor":41.0},{"not_picked":["Terror+1","Acrobatics","Heel Hook+1"],"picked":"SKIP","floor":42.0},{"not_picked":["Underhanded Strike+1","Heel Hook+1","Reflex"],"picked":"SKIP","floor":44.0},{"not_picked":["Finisher+1","Predator"],"picked":"Calculated Gamble+1","floor":46.0},{"not_picked":["Cloak And Dagger+1","Distraction"],"picked":"Adrenaline","floor":54.0}],"player_experience":89968,"relics_obtained":[{"floor":6.0,"key":"Paper Crane"},{"floor":8.0,"key":"Bottled Flame"},{"floor":9.0,"key":"Gremlin Horn"},{"floor":14.0,"key":"PreservedInsect"},{"floor":26.0,"key":"Sundial"},{"floor":30.0,"key":"Incense Burner"},{"floor":43.0,"key":"Meat on the Bone"},{"floor":44.0,"key":"Lantern"},{"floor":46.0,"key":"Frozen Egg 2"},{"floor":54.0,"key":"Kunai"}],"event_choices":[{"cards_removed":["Strike_G"],"damage_healed":0.0,"max_hp_gain":0.0,"max_hp_loss":0.0,"gold_gain":0.0,"event_name":"Bonfire Elementals","player_choice":"Offered Basic","floor":3.0,"gold_loss":0.0,"damage_taken":0.0},{"damage_healed":0.0,"max_hp_gain":0.0,"max_hp_loss":0.0,"gold_gain":0.0,"event_name":"Golden Idol","player_choice":"Take Wound","floor":13.0,"gold_loss":0.0,"damage_taken":0.0,"relics_obtained":["Golden Idol"],"cards_obtained":["Injury"]},{"damage_healed":0.0,"max_hp_gain":0.0,"max_hp_loss":0.0,"gold_gain":0.0,"event_name":"Match and Keep!","player_choice":"3 cards matched","floor":27.0,"gold_loss":0.0,"damage_taken":0.0,"cards_obtained":["Burst","Catalyst","Finesse"]},{"damage_healed":0.0,"max_hp_gain":0.0,"max_hp_loss":0.0,"gold_gain":0.0,"event_name":"Winding Halls","player_choice":"Embrace Madness","floor":36.0,"gold_loss":0.0,"damage_taken":9.0,"cards_obtained":["Madness","Madness"]},{"damage_healed":0.0,"max_hp_gain":0.0,"max_hp_loss":0.0,"gold_gain":0.0,"event_name":"Mysterious Sphere","player_choice":"Ignored","floor":48.0,"gold_loss":0.0,"damage_taken":0.0}],"is_beta":false,"boss_relics":[{"not_picked":["Snecko Eye","Coffee Dripper"],"picked":"Astrolabe"},{"not_picked":["Velvet Choker","Black Star"],"picked":"Ring of the Serpent"}],"items_purged_floors":[38],"is_endless":false,"potions_floor_spawned":[4,6,7,11,16,19,24,29,31,35,37,42,54],"ascension_level":1}