{"gold_per_floor":[115,115,125,50,50,75,91,101,101,101,121,138,156,56,56,131,131,146,156,31,31,31,31,61,61,116,116,132,132,102,112,112,186,186,197,216,316,316],"floor_reached":38,"playtime":1877,"items_purged":["Decay","Pain","Strike_B"],"score":846,"play_id":"733379ac-5529-48d0-8721-e36abd5d1dc0","local_time":"20190319232736","is_ascension_mode":true,"campfire_choices":[{"floor":10.0,"key":"REST"},{"floor":15.0,"key":"REST"},{"floor":23.0,"key":"REST"},{"floor":25.0,"key":"REST"},{"floor":27.0,"key":"REST"},{"floor":29.0,"key":"REST"},{"floor":32.0,"key":"REST"}],"neow_cost":"NONE","seed_source_timestamp":388380568741671,"circlet_count":0,"master_deck":["AscendersBane","Strike_B","Strike_B","Strike_B","Defend_B","Defend_B","Defend_B","Defend_B","Zap","Dualcast","Consume","Ball Lightning","Cold Snap","Capacitor","Coolheaded","Conserve Battery","Chill","Doom and Gloom","Core Surge","Fission","Cold Snap","Sweeping Beam","Beam Cell","Rebound","Rebound","Go for the Eyes","Defragment","Glacier","Glacier","Rainbow","FTL","Reinforced Body","Auto Shields","Buffer","Chill+1","Hologram+1","Go for the Eyes+1"],"special_seed":0,"relics":["Cracked Core","NeowsBlessing","WarpedTongs","Kunai","Prayer Wheel","Orrery","MutagenicStrength","Turnip","Juzu Bracelet","Black Star","Nunchaku"],"potions_floor_usage":[33,33,38],"damage_taken":[{"damage":0.0,"enemies":"Jaw Worm","floor":1.0,"turns":1.0},{"damage":0.0,"enemies":"Cultist","floor":3.0,"turns":1.0},{"damage":0.0,"enemies":"3 Sentries","floor":6.0,"turns":1.0},{"damage":14.0,"enemies":"Small Slimes","floor":7.0,"turns":3.0},{"damage":12.0,"enemies":"Blue Slaver","floor":8.0,"turns":4.0},{"damage":9.0,"enemies":"Red Slaver","floor":11.0,"turns":4.0},{"damage":2.0,"enemies":"3 Louse","floor":12.0,"turns":3.0},{"damage":24.0,"enemies":"Exordium Wildlife","floor":13.0,"turns":3.0},{"damage":53.0,"enemies":"Hexaghost","floor":16.0,"turns":11.0},{"damage":29.0,"enemies":"2 Thieves","floor":18.0,"turns":4.0},{"damage":5.0,"enemies":"Chosen","floor":19.0,"turns":6.0},{"damage":36.0,"enemies":"Gremlin Leader","floor":24.0,"turns":9.0},{"damage":23.0,"enemies":"Snake Plant","floor":28.0,"turns":5.0},{"damage":8.0,"enemies":"Chosen and Byrds","floor":31.0,"turns":5.0},{"damage":19,"enemies":"Champ","floor":33,"turns":23},{"damage":18,"enemies":"3 Shapes","floor":35,"turns":6},{"damage":6,"enemies":"Orb Walker","floor":36,"turns":5},{"damage":34,"enemies":"Mind Bloom Boss Battle","floor":37,"turns":8},{"damage":19,"enemies":"Jaw Worm Horde","floor":38,"turns":3}],"seed_played":"3866155850531278530","potions_obtained":[{"floor":3.0,"key":"AttackPotion"},{"floor":7.0,"key":"Swift Potion"},{"floor":8.0,"key":"SkillPotion"},{"floor":11.0,"key":"Regen Potion"},{"floor":18.0,"key":"PowerPotion"},{"floor":19.0,"key":"PowerPotion"},{"floor":30.0,"key":"Strength Potion"},{"floor":30.0,"key":"AttackPotion"},{"floor":37,"key":"PowerPotion"}],"is_trial":false,"path_per_floor":["M","?","M","$","?","E","M","M","T","R","M","M","M","$","R","B",null,"M","M","$","?","$","R","E","R","T","R","M","R","?","M","R","B",null,"M","M","?","M"],"character_chosen":"DEFECT","items_purchased":[],"campfire_rested":7,"item_purchase_floors":[],"current_hp_per_floor":[64,64,64,64,64,64,50,38,38,59,50,48,33,33,54,1,54,25,20,20,20,20,41,5,26,26,47,24,45,45,37,58,39,63,45,39,5,0],"gold":316,"neow_bonus":"THREE_ENEMY_KILL","is_prod":false,"is_daily":false,"chose_seed":false,"campfire_upgraded":0,"win_rate":0,"timestamp":1553052456,"path_taken":["M","?","?","$","?","E","M","M","T","R","M","?","M","$","R","BOSS","M","?","?","?","$","R","E","R","T","R","M","R","?","M","R","BOSS","M","M","?","M"],"build_version":"2019-01-23","purchased_purges":3,"victory":false,"max_hp_per_floor":[71,71,71,71,71,71,71,71,71,71,71,71,71,71,71,71,71,71,71,71,71,71,71,71,71,71,71,71,71,71,71,71,71,71,71,71,71,71],"card_choices":[{"not_picked":["Compile Driver","Hello World"],"picked":"Consume","floor":1.0},{"not_picked":["Scrape","Coolheaded"],"picked":"Ball Lightning","floor":3.0},{"not_picked":["Ball Lightning","Scrape"],"picked":"Cold Snap","floor":6.0},{"not_picked":["Defragment","Rebound"],"picked":"Capacitor","floor":7.0},{"not_picked":["Go for the Eyes","Sweeping Beam"],"picked":"Coolheaded","floor":8.0},{"not_picked":["Storm","Compile Driver","Fusion"],"picked":"SKIP","floor":11.0},{"not_picked":["Aggregate","Double Energy","Melter"],"picked":"SKIP","floor":11.0},{"not_picked":["Skim","Thunder Strike"],"picked":"Conserve Battery","floor":12.0},{"not_picked":["Stack","Hologram"],"picked":"Chill","floor":12.0},{"not_picked":["Leap","Genetic Algorithm"],"picked":"Doom and Gloom","floor":13.0},{"not_picked":["Steam","Coolheaded"],"picked":"Core Surge","floor":13.0},{"not_picked":["Creative AI","Machine Learning"],"picked":"Fission","floor":16.0},{"not_picked":["Ball Lightning","Barrage"],"picked":"Cold Snap","floor":17.0},{"not_picked":["Hologram","Turbo"],"picked":"Sweeping Beam","floor":17.0},{"not_picked":["Steam","Melter"],"picked":"Beam Cell","floor":17.0},{"not_picked":["Genetic Algorithm","White Noise"],"picked":"Rebound","floor":17.0},{"not_picked":["Turbo","Blizzard"],"picked":"Rebound","floor":17.0},{"not_picked":["Fusion","Gash"],"picked":"Go for the Eyes","floor":18.0},{"not_picked":["Go for the Eyes","Beam Cell"],"picked":"Defragment","floor":18.0},{"not_picked":["Recycle","Go for the Eyes"],"picked":"Glacier","floor":19.0},{"not_picked":["Hello World","Reboot"],"picked":"Glacier","floor":19.0},{"not_picked":["Streamline","Undo"],"picked":"Rainbow","floor":24.0},{"not_picked":["Storm","Rip and Tear"],"picked":"FTL","floor":28.0},{"not_picked":["Doom and Gloom","Gash+1"],"picked":"Reinforced Body","floor":28.0},{"not_picked":["Turbo","Leap"],"picked":"Auto Shields","floor":31.0},{"not_picked":["Ball Lightning","Gash","Compile Driver"],"picked":"SKIP","floor":31.0},{"not_picked":["Reboot","Multi-Cast"],"picked":"Buffer","floor":33},{"not_picked":["Sunder","Genetic Algorithm+1"],"picked":"Chill+1","floor":35},{"not_picked":["Rebound","Hello World+1","Darkness"],"picked":"SKIP","floor":35},{"not_picked":["Genetic Algorithm","Leap+1"],"picked":"Hologram+1","floor":36},{"not_picked":["Double Energy","Gash","Steam"],"picked":"SKIP","floor":36},{"not_picked":["Leap+1","Sweeping Beam"],"picked":"Go for the Eyes+1","floor":37}],"player_experience":555592,"relics_obtained":[{"floor":6.0,"key":"Kunai"},{"floor":9.0,"key":"Prayer Wheel"},{"floor":24.0,"key":"Turnip"},{"floor":26.0,"key":"Juzu Bracelet"},{"floor":37,"key":"Nunchaku"}],"event_choices":[{"damage_healed":0.0,"max_hp_gain":0.0,"max_hp_loss":0.0,"gold_gain":0.0,"event_name":"Wheel of Change","player_choice":"Cursed","floor":2.0,"gold_loss":0.0,"damage_taken":0.0,"cards_obtained":["Decay"]},{"damage_healed":0.0,"max_hp_gain":0.0,"max_hp_loss":0.0,"gold_gain":0.0,"event_name":"Accursed Blacksmith","player_choice":"Rummage","floor":5.0,"gold_loss":0.0,"damage_taken":0.0,"relics_obtained":["WarpedTongs"],"cards_obtained":["Pain"]},{"damage_healed":0.0,"max_hp_gain":0.0,"max_hp_loss":0.0,"gold_gain":0.0,"event_name":"Drug Dealer","player_choice":"Inject Mutagens","floor":21.0,"gold_loss":0.0,"damage_taken":0.0,"relics_obtained":["MutagenicStrength"]},{"damage_healed":0.0,"max_hp_gain":0.0,"max_hp_loss":0.0,"gold_gain":0.0,"event_name":"The Woman in Blue","player_choice":"Bought 2 Potions","floor":30.0,"gold_loss":0.0,"damage_taken":0.0},{"damage_healed":0,"gold_gain":0,"player_choice":"Fight","damage_taken":0,"max_hp_gain":0,"max_hp_loss":0,"event_name":"MindBloom","floor":37,"gold_loss":0}],"is_beta":false,"boss_relics":[{"not_picked":["Ectoplasm","Cursed Key"],"picked":"Orrery"},{"not_picked":["FrozenCore","Runic Pyramid"],"picked":"Black Star"}],"items_purged_floors":[4,14,20],"is_endless":false,"potions_floor_spawned":[3,7,8,11,18,19,37],"killed_by":"Jaw Worm Horde","ascension_level":19}