{"gold_per_floor":[111,127,139,139,152,180,180,105,105,105,105,105,105,121,121,121],"floor_reached":16,"playtime":420,"items_purged":["Eviscerate"],"score":200,"play_id":"84b97493-6a8e-45fc-9c5c-d84b42e08ca6","local_time":"20190221014039","is_ascension_mode":true,"campfire_choices":[{"data":"Reflex","floor":7,"key":"SMITH"},{"floor":10,"key":"REST"},{"data":"A Thousand Cuts","floor":13,"key":"SMITH"},{"data":"Well Laid Plans","floor":15,"key":"SMITH"}],"neow_cost":"NONE","seed_source_timestamp":0,"circlet_count":0,"master_deck":["AscendersBane","Survivor","Neutralize","Corpse Explosion","Flying Knee","Choke","Dagger Throw","A Thousand Cuts+1","Caltrops","Masterful Stab","All Out Attack","Outmaneuver","Reflex+1","Well Laid Plans+1"],"special_seed":0,"relics":["Pandora\u0027s Box","WingedGreaves","Tingsha"],"potions_floor_usage":[16],"damage_taken":[{"damage":6,"enemies":"Cultist","floor":1,"turns":3},{"damage":7,"enemies":"2 Louse","floor":2,"turns":2},{"damage":9,"enemies":"Jaw Worm","floor":3,"turns":3},{"damage":12,"enemies":"Large Slime","floor":5,"turns":3},{"damage":10,"enemies":"3 Sentries","floor":6,"turns":3},{"damage":0,"enemies":"2 Fungi Beasts","floor":14,"turns":2},{"damage":42,"enemies":"The Guardian","floor":16,"turns":8}],"seed_played":"8369073890704238619","potions_obtained":[{"floor":1,"key":"Dexterity Potion"}],"is_trial":false,"path_per_floor":["M","M","M","?","M","E","R","$","T","R","?","?","R","M","R","B"],"character_chosen":"THE_SILENT","items_purchased":[],"campfire_rested":1,"item_purchase_floors":[],"current_hp_per_floor":[53,46,37,37,25,15,15,15,15,34,34,39,39,39,39,0],"gold":121,"neow_bonus":"BOSS_RELIC","is_prod":false,"is_daily":false,"chose_seed":false,"campfire_upgraded":3,"win_rate":0,"timestamp":1550680839,"path_taken":["M","?","M","?","M","E","R","$","T","R","?","?","R","?","R","BOSS"],"build_version":"2019-01-23","purchased_purges":1,"victory":false,"max_hp_per_floor":[66,66,66,66,66,66,66,66,66,66,66,71,71,71,71,71],"card_choices":[{"not_picked":["Poisoned Stab","Deflect","Underhanded Strike"],"picked":"SKIP","floor":1},{"not_picked":["PiercingWail","Caltrops","Cloak And Dagger"],"picked":"SKIP","floor":2},{"not_picked":["Dagger Throw","Backstab","Catalyst"],"picked":"SKIP","floor":3},{"not_picked":["Underhanded Strike","Choke","Footwork"],"picked":"SKIP","floor":5},{"not_picked":["Dagger Throw","Skewer"],"picked":"Reflex","floor":6},{"not_picked":["Sucker Punch","Catalyst"],"picked":"Well Laid Plans","floor":14}],"player_experience":4364280,"relics_obtained":[{"floor":6,"key":"WingedGreaves"},{"floor":9,"key":"Tingsha"}],"event_choices":[{"damage_healed":0,"gold_gain":0,"player_choice":"Ignored","damage_taken":0,"max_hp_gain":0,"max_hp_loss":0,"event_name":"Shining Light","floor":4,"gold_loss":0},{"damage_healed":0,"gold_gain":0,"player_choice":"Ignored","damage_taken":0,"max_hp_gain":0,"max_hp_loss":0,"event_name":"Liars Game","floor":11,"gold_loss":0},{"damage_healed":0,"gold_gain":0,"player_choice":"Donut","damage_taken":0,"max_hp_gain":5,"max_hp_loss":0,"event_name":"Big Fish","floor":12,"gold_loss":0}],"is_beta":false,"boss_relics":[],"items_purged_floors":[8],"is_endless":false,"potions_floor_spawned":[1],"killed_by":"The Guardian","ascension_level":20}