{"gold_per_floor":[110,110,123,123,123,123,163,47,47,68,68,130,143,178,178,277,277,257,273,289,289],"floor_reached":21,"playtime":983,"items_purged":["Strike_R"],"score":407,"play_id":"152314c4-ee82-4782-8ee1-bd8b57a024d6","local_time":"20190318191307","is_ascension_mode":true,"campfire_choices":[{"data":"Bash","floor":6.0,"key":"SMITH"},{"data":"Fiend Fire","floor":11.0,"key":"SMITH"},{"data":"Second Wind","floor":15.0,"key":"SMITH"}],"neow_cost":"NONE","seed_source_timestamp":33163803115640,"circlet_count":0,"master_deck":["AscendersBane","Strike_R","Strike_R+1","Strike_R","Defend_R+1","Defend_R","Defend_R","Defend_R","Bash+1","Headbutt","Sword Boomerang","Injury","Fiend Fire+1","Inflame","Ghostly Armor","Second Wind+1","Battle Trance","Juggernaut","Body Slam+1","Reckless Charge","Shrug It Off"],"special_seed":0,"relics":["Burning Blood","NeowsBlessing","Golden Idol","Anchor","Meat on the Bone","Pear","Shuriken","Sozu"],"potions_floor_usage":[],"damage_taken":[{"damage":0.0,"enemies":"Cultist","floor":1.0,"turns":1.0},{"damage":0.0,"enemies":"Small Slimes","floor":3.0,"turns":1.0},{"damage":0.0,"enemies":"3 Sentries","floor":7.0,"turns":1.0},{"damage":0.0,"enemies":"Jaw Worm","floor":10.0,"turns":2.0},{"damage":42.0,"enemies":"3 Sentries","floor":12.0,"turns":7.0},{"damage":6.0,"enemies":"Looter","floor":13.0,"turns":3.0},{"damage":8.0,"enemies":"Gremlin Nob","floor":14.0,"turns":3.0},{"damage":51.0,"enemies":"Hexaghost","floor":16.0,"turns":14.0},{"damage":17.0,"enemies":"2 Thieves","floor":18.0,"turns":4.0},{"damage":0.0,"enemies":"Spheric Guardian","floor":19.0,"turns":2.0},{"damage":50.0,"enemies":"Snecko","floor":20.0,"turns":6.0},{"damage":34,"enemies":"3 Cultists","floor":21,"turns":4}],"seed_played":"-5956799061091158410","potions_obtained":[{"floor":7.0,"key":"SmokeBomb"},{"floor":12.0,"key":"Swift Potion"},{"floor":14.0,"key":"GamblersBrew"}],"is_trial":false,"path_per_floor":["M","?","M","?","?","R","E","$","T","M","R","?","M","E","R","B",null,"M","M","M","M"],"character_chosen":"IRONCLAD","items_purchased":["Inflame"],"campfire_rested":0,"item_purchase_floors":[8],"current_hp_per_floor":[74,67,73,50,50,50,56,56,56,62,62,48,60,58,58,25,70,59,65,33,0],"gold":289,"neow_bonus":"THREE_ENEMY_KILL","is_prod":false,"is_daily":false,"chose_seed":false,"campfire_upgraded":3,"win_rate":0,"timestamp":1552903987,"path_taken":["M","?","M","?","?","R","E","$","T","?","R","?","M","E","R","BOSS","M","?","?","M"],"build_version":"2019-01-23","purchased_purges":1,"victory":false,"max_hp_per_floor":[75,75,75,75,75,75,75,75,75,75,75,85,85,85,85,85,85,85,85,85,85],"card_choices":[{"not_picked":["Perfected Strike","Flex"],"picked":"Headbutt","floor":1.0},{"not_picked":["Anger","Clash"],"picked":"Sword Boomerang","floor":3.0},{"not_picked":["Iron Wave","Rampage"],"picked":"Fiend Fire","floor":7.0},{"not_picked":["Clothesline","Anger"],"picked":"Ghostly Armor","floor":10.0},{"not_picked":["Body Slam","Thunderclap"],"picked":"Second Wind","floor":13.0},{"not_picked":["Thunderclap","Cleave"],"picked":"Battle Trance","floor":14.0},{"not_picked":["Berserk","Brutality"],"picked":"Juggernaut","floor":16.0},{"not_picked":["Metallicize","Iron Wave"],"picked":"Body Slam+1","floor":18.0},{"not_picked":["Havoc","Infernal Blade"],"picked":"Reckless Charge","floor":19.0},{"not_picked":["Thunderclap","Headbutt"],"picked":"Shrug It Off","floor":20.0}],"player_experience":353018,"relics_obtained":[{"floor":7.0,"key":"Anchor"},{"floor":9.0,"key":"Meat on the Bone"},{"floor":12.0,"key":"Pear"},{"floor":14.0,"key":"Shuriken"}],"event_choices":[{"cards_removed":["Strike_R"],"damage_healed":0.0,"max_hp_gain":0.0,"max_hp_loss":0.0,"gold_gain":0.0,"event_name":"Golden Wing","player_choice":"Card Removal","floor":2.0,"gold_loss":0.0,"damage_taken":7.0},{"damage_healed":0.0,"max_hp_gain":0.0,"max_hp_loss":0.0,"gold_gain":0.0,"event_name":"Shining Light","player_choice":"Entered Light","floor":4.0,"gold_loss":0.0,"damage_taken":23.0,"cards_upgraded":["Defend_R","Strike_R"]},{"damage_healed":0.0,"max_hp_gain":0.0,"max_hp_loss":0.0,"gold_gain":0.0,"event_name":"Golden Idol","player_choice":"Take Wound","floor":5.0,"gold_loss":0.0,"damage_taken":0.0,"relics_obtained":["Golden Idol"],"cards_obtained":["Injury"]},{"damage_healed":0.0,"max_hp_gain":0.0,"max_hp_loss":0.0,"gold_gain":30.0,"event_name":"Dead Adventurer","player_choice":"Searched \u00273\u0027 times","floor":12.0,"gold_loss":0.0,"damage_taken":0.0}],"is_beta":false,"boss_relics":[{"not_picked":["Astrolabe","Busted Crown"],"picked":"Sozu"}],"items_purged_floors":[8],"is_endless":false,"potions_floor_spawned":[7,12,14,18,20],"killed_by":"3 Cultists","ascension_level":18}