{"gold_per_floor":[113,131,231,243,113,113,28,54,77,145,145,159,159,194,194,269,269,284,284,131,131,144,471,471,129,181,181,214,264,264,295,295,369,369,388,408,73,88,102,102,129,174,174,274,306,306,306,324,324,324,324,324,324,117,144,144],"floor_reached":57,"playtime":2790,"items_purged":["Tools of the Trade","Riddle With Holes","Underhanded Strike","Bullet Time+1","Doubt"],"score":3344,"play_id":"ee7e245f-f934-41a4-b71a-e85b8b917572","local_time":"20190219002226","is_ascension_mode":true,"campfire_choices":[{"data":"Well Laid Plans","floor":6,"key":"SMITH"},{"data":"Calculated Gamble","floor":11,"key":"SMITH"},{"data":"Flechettes","floor":13,"key":"SMITH"},{"data":"Tactician","floor":15,"key":"SMITH"},{"floor":24,"key":"REST"},{"data":"Bullet Time","floor":27,"key":"SMITH"},{"data":"Distraction","floor":32,"key":"SMITH"},{"floor":40,"key":"RECALL"},{"floor":49,"key":"DIG"},{"floor":53,"key":"DIG"}],"neow_cost":"NONE","seed_source_timestamp":0,"circlet_count":0,"master_deck":["AscendersBane","Survivor","Neutralize","Flechettes+1","Predator","Distraction+1","Well Laid Plans+1","Doppelganger","Blur","Calculated Gamble+1","Escape Plan","Tactician+1","Backflip","Backflip","Footwork+1","Reflex+1","Prepared+1","Backflip+1"],"relics":["Pandora\u0027s Box","Bronze Scales","Pen Nib","Frozen Egg 2","Snake Skull","Sozu","Old Coin","HandDrill","Vajra","Smiling Mask","Toxic Egg 2","Cursed Key","TheAbacus","Ice Cream","Torii","Pocketwatch","Shovel","Bottled Lightning","Shuriken","Bag of Preparation"],"potions_floor_usage":[8,16,56],"damage_taken":[{"damage":7,"enemies":"2 Louse","floor":1,"turns":3},{"damage":4,"enemies":"Cultist","floor":2,"turns":3},{"damage":12,"enemies":"Jaw Worm","floor":4,"turns":2},{"damage":4,"enemies":"Gremlin Nob","floor":8,"turns":3},{"damage":4,"enemies":"Blue Slaver","floor":12,"turns":3},{"damage":0,"enemies":"Lagavulin","floor":14,"turns":3},{"damage":0,"enemies":"The Guardian","floor":16,"turns":3},{"damage":0,"enemies":"Spheric Guardian","floor":18,"turns":3},{"damage":8,"enemies":"2 Thieves","floor":22,"turns":2},{"damage":24,"enemies":"Slavers","floor":23,"turns":4},{"damage":0,"enemies":"Gremlin Leader","floor":28,"turns":4},{"damage":6,"enemies":"Book of Stabbing","floor":31,"turns":3},{"damage":0,"enemies":"Automaton","floor":33,"turns":2},{"damage":0,"enemies":"3 Shapes","floor":35,"turns":4},{"damage":0,"enemies":"3 Darklings","floor":36,"turns":3},{"damage":0,"enemies":"Jaw Worm Horde","floor":38,"turns":2},{"damage":0,"enemies":"Maw","floor":39,"turns":2},{"damage":8,"enemies":"Giant Head","floor":41,"turns":3},{"damage":1,"enemies":"2 Orb Walkers","floor":42,"turns":2},{"damage":0,"enemies":"Mind Bloom Boss Battle","floor":44,"turns":2},{"damage":0,"enemies":"Nemesis","floor":45,"turns":9},{"damage":0,"enemies":"4 Shapes","floor":48,"turns":3},{"damage":0,"enemies":"Donu and Deca","floor":50,"turns":5},{"damage":0,"enemies":"Awakened One","floor":51,"turns":3},{"damage":0,"enemies":"Shield and Spear","floor":55,"turns":1},{"damage":5,"enemies":"The Heart","floor":56,"turns":7}],"seed_played":"4658153997273951453","potions_obtained":[{"floor":1,"key":"EssenceOfSteel"},{"floor":8,"key":"FearPotion"},{"floor":14,"key":"GhostInAJar"}],"is_trial":false,"path_per_floor":["M","M","?","M","$","R","$","E","T","T","R","M","R","E","R","B",null,"M","?","$","?","M","E","R","$","T","R","E","?","?","E","R","B",null,"M","M","$","M","M","R","E","?","T","?","E","?","?","M","R","B","B",null,"R","$","E","B",null],"character_chosen":"THE_SILENT","items_purchased":["Explosive Potion","Tactician","Backflip","HandDrill","Prepared+1","TheAbacus","Bag of Preparation"],"campfire_rested":1,"item_purchase_floors":[5,7,20,25,37,37,54],"current_hp_per_floor":[52,48,48,36,36,36,36,32,32,32,32,28,28,28,28,28,57,57,57,57,53,45,21,40,40,40,40,40,40,40,34,34,34,58,58,58,58,58,58,58,50,49,49,49,49,49,49,49,49,49,49,60,60,60,60,55],"gold":144,"neow_bonus":"BOSS_RELIC","is_prod":false,"is_daily":false,"chose_seed":true,"campfire_upgraded":6,"win_rate":0,"timestamp":1550503346,"path_taken":["M","M","?","?","$","R","?","E","T","?","R","M","R","E","R","BOSS","M","?","$","?","?","E","R","$","T","R","E","?","?","E","R","BOSS","M","M","$","M","?","R","E","?","T","?","E","?","?","M","R","BOSS","BOSS","R","$","E","BOSS"],"build_version":"2019-01-23","purchased_purges":5,"victory":true,"max_hp_per_floor":[66,66,66,66,66,66,66,66,66,66,66,66,66,66,66,66,66,66,66,66,66,66,66,66,66,66,66,66,66,66,66,66,66,66,66,66,66,66,66,66,66,66,66,66,66,66,63,63,63,63,63,63,63,63,63,63],"card_choices":[{"not_picked":["Setup","Distraction"],"picked":"Calculated Gamble","floor":1},{"not_picked":["Deadly Poison","Dodge and Roll"],"picked":"Escape Plan","floor":2},{"not_picked":["Deflect","Predator","PiercingWail"],"picked":"SKIP","floor":4},{"not_picked":["Riddle With Holes","Deadly Poison"],"picked":"Backflip","floor":8},{"not_picked":["Leg Sweep","Cloak And Dagger","Backstab"],"picked":"SKIP","floor":12},{"not_picked":["Dodge and Roll","Concentrate","Quick Slash"],"picked":"SKIP","floor":14},{"not_picked":["PiercingWail","Dagger Spray","Slice"],"picked":"SKIP","floor":18},{"not_picked":["Outmaneuver","Heel Hook","Poisoned Stab"],"picked":"SKIP","floor":22},{"not_picked":["A Thousand Cuts+1","Deadly Poison"],"picked":"Footwork+1","floor":23},{"not_picked":["Underhanded Strike","Crippling Poison"],"picked":"Reflex","floor":28},{"not_picked":["Underhanded Strike","Infinite Blades+1","Blur"],"picked":"SKIP","floor":31},{"not_picked":["Footwork+1","Backflip+1","Cloak And Dagger+1"],"picked":"SKIP","floor":35},{"not_picked":["PiercingWail+1","Slice","Skewer+1"],"picked":"SKIP","floor":36},{"not_picked":["Bane+1","Blade Dance+1","Dodge and Roll+1"],"picked":"SKIP","floor":38},{"not_picked":["Noxious Fumes+1","Accuracy+1","Bane"],"picked":"SKIP","floor":39},{"not_picked":["Burst+1","Distraction+1","Sucker Punch"],"picked":"SKIP","floor":41},{"not_picked":["Outmaneuver+1","Grand Finale"],"picked":"Backflip+1","floor":45},{"not_picked":["Flying Knee+1","Quick Slash","All Out Attack"],"picked":"SKIP","floor":48},{"not_picked":["Flying Knee","Night Terror+1","Quick Slash"],"picked":"SKIP","floor":55}],"player_experience":4335023,"relics_obtained":[{"floor":8,"key":"Bronze Scales"},{"floor":9,"key":"Pen Nib"},{"floor":10,"key":"Frozen Egg 2"},{"floor":14,"key":"Snake Skull"},{"floor":23,"key":"Old Coin"},{"floor":26,"key":"Vajra"},{"floor":28,"key":"Smiling Mask"},{"floor":31,"key":"Toxic Egg 2"},{"floor":41,"key":"Ice Cream"},{"floor":42,"key":"Torii"},{"floor":44,"key":"Pocketwatch"},{"floor":45,"key":"Shovel"},{"floor":49,"key":"Bottled Lightning"},{"floor":53,"key":"Shuriken"}],"event_choices":[{"damage_healed":0,"gold_gain":100,"player_choice":"Gold","damage_taken":0,"max_hp_gain":0,"max_hp_loss":0,"event_name":"Wheel of Change","floor":3,"gold_loss":0},{"damage_healed":0,"gold_gain":0,"player_choice":"Ignored","damage_taken":0,"max_hp_gain":0,"max_hp_loss":0,"event_name":"Cursed Tome","floor":19,"gold_loss":0},{"damage_healed":0,"gold_gain":0,"player_choice":"Bought 0 Potions","damage_taken":0,"max_hp_gain":0,"max_hp_loss":0,"event_name":"The Woman in Blue","floor":21,"gold_loss":0},{"damage_healed":0,"gold_gain":50,"player_choice":"Stole From Cult","damage_taken":0,"max_hp_gain":0,"max_hp_loss":0,"event_name":"Nest","floor":29,"gold_loss":0},{"damage_healed":0,"gold_gain":0,"player_choice":"Forge","damage_taken":0,"max_hp_gain":0,"max_hp_loss":0,"event_name":"Accursed Blacksmith","floor":30,"gold_loss":0,"cards_upgraded":["Reflex"]},{"damage_healed":0,"gold_gain":0,"player_choice":"Fight","damage_taken":0,"max_hp_gain":0,"max_hp_loss":0,"event_name":"Mysterious Sphere","floor":42,"gold_loss":0},{"damage_healed":0,"gold_gain":0,"player_choice":"Fight","damage_taken":0,"max_hp_gain":0,"max_hp_loss":0,"event_name":"MindBloom","floor":44,"gold_loss":0},{"damage_healed":0,"gold_gain":0,"player_choice":"Ignored","damage_taken":0,"max_hp_gain":0,"max_hp_loss":0,"event_name":"Tomb of Lord Red Mask","floor":46,"gold_loss":0},{"damage_healed":0,"gold_gain":0,"player_choice":"Max HP","damage_taken":0,"max_hp_gain":0,"max_hp_loss":3,"event_name":"Winding Halls","floor":47,"gold_loss":0}],"is_beta":false,"boss_relics":[{"not_picked":["Busted Crown","Velvet Choker"],"picked":"Sozu"},{"not_picked":["Snecko Eye","Eternal Feather"],"picked":"Cursed Key"}],"items_purged_floors":[5,20,25,37,54],"is_endless":false,"potions_floor_spawned":[1,8,14,28,33,38,42,45],"ascension_level":20}