{"gold_per_floor":[19,19,94,109,12,38,38,50,50,50,64,84,84,103,103,177,177,152,152,152,38,38],"floor_reached":22,"playtime":949,"items_purged":["Decay"],"score":340,"play_id":"5aff9d6a-9648-4cf0-a3ed-6a09e12dd835","local_time":"20190313120156","is_ascension_mode":true,"campfire_choices":[{"data":"Uppercut","floor":7.0,"key":"SMITH"},{"floor":10.0,"key":"REST"},{"data":"Discovery","floor":13.0,"key":"SMITH"},{"floor":15.0,"key":"REST"}],"neow_cost":"NO_GOLD","seed_source_timestamp":7094173546982,"circlet_count":0,"master_deck":["AscendersBane","Strike_R","Strike_R","Strike_R","Defend_R","Defend_R","Defend_R","Defend_R","Bash","Discovery+1","Panacea","Shockwave","Uppercut+1","Shrug It Off","Heavy Blade","Offering","Shrug It Off","Limit Break","Burning Pact","Necronomicurse","Infernal Blade"],"special_seed":0,"relics":["Burning Blood","Kunai","Boot","Self Forming Clay","Empty Cage","Necronomicon"],"potions_floor_usage":[],"damage_taken":[{"damage":17.0,"enemies":"2 Louse","floor":1.0,"turns":3.0},{"damage":7.0,"enemies":"Cultist","floor":4.0,"turns":4.0},{"damage":38.0,"enemies":"Lagavulin","floor":6.0,"turns":8.0},{"damage":4.0,"enemies":"Jaw Worm","floor":8.0,"turns":3.0},{"damage":10.0,"enemies":"Red Slaver","floor":11.0,"turns":3.0},{"damage":3.0,"enemies":"Looter","floor":12.0,"turns":3.0},{"damage":27.0,"enemies":"Large Slime","floor":14.0,"turns":6.0},{"damage":53.0,"enemies":"Slime Boss","floor":16.0,"turns":12.0},{"damage":25.0,"enemies":"2 Thieves","floor":18.0,"turns":4.0},{"damage":19,"enemies":"Shell Parasite","floor":22,"turns":3}],"seed_played":"-6525129455100049774","potions_obtained":[{"floor":1.0,"key":"Block Potion"},{"floor":11.0,"key":"AttackPotion"},{"floor":12.0,"key":"Swift Potion"},{"floor":16.0,"key":"Poison Potion"}],"is_trial":false,"path_per_floor":["M","?","?","M","?","E","R","M","T","R","M","M","R","M","R","B",null,"M","?","?","$","M"],"character_chosen":"IRONCLAD","items_purchased":["Infernal Blade"],"campfire_rested":2,"item_purchase_floors":[21],"current_hp_per_floor":[57,75,64,63,63,31,31,33,33,55,51,54,54,33,55,8,58,39,18,18,18,0],"gold":38,"neow_bonus":"RANDOM_COLORLESS_2","is_prod":false,"is_daily":false,"chose_seed":false,"campfire_upgraded":2,"win_rate":0,"timestamp":1552446116,"path_taken":["M","?","?","M","?","E","R","M","T","R","M","M","R","M","R","BOSS","M","?","?","$","M"],"build_version":"2019-01-23","purchased_purges":1,"victory":false,"max_hp_per_floor":[75,75,75,75,75,75,75,75,75,75,75,75,75,75,75,75,75,75,75,75,75,75],"card_choices":[{"not_picked":["Anger","Seeing Red"],"picked":"Shockwave","floor":1.0},{"not_picked":["Infernal Blade","Havoc"],"picked":"Uppercut","floor":4.0},{"not_picked":["Bloodletting","Sever Soul"],"picked":"Shrug It Off","floor":6.0},{"not_picked":["Entrench","Body Slam"],"picked":"Heavy Blade","floor":8.0},{"not_picked":["Twin Strike","Ghostly Armor"],"picked":"Offering","floor":11.0},{"not_picked":["Armaments","Perfected Strike"],"picked":"Shrug It Off","floor":12.0},{"not_picked":["Flex","Hemokinesis","Thunderclap"],"picked":"SKIP","floor":14.0},{"not_picked":["Double Tap","Dark Embrace"],"picked":"Limit Break","floor":16.0},{"not_picked":["Shrug It Off","Heavy Blade"],"picked":"Burning Pact","floor":18.0}],"player_experience":301159,"relics_obtained":[{"floor":6.0,"key":"Boot"},{"floor":9.0,"key":"Self Forming Clay"},{"floor":19.0,"key":"Necronomicon"}],"event_choices":[{"damage_healed":25.0,"max_hp_gain":0.0,"max_hp_loss":0.0,"gold_gain":0.0,"event_name":"Big Fish","player_choice":"Banana","floor":2.0,"gold_loss":0.0,"damage_taken":0.0},{"damage_healed":0.0,"max_hp_gain":0.0,"max_hp_loss":0.0,"gold_gain":75.0,"event_name":"World of Goop","player_choice":"Gather Gold","floor":3.0,"gold_loss":0.0,"damage_taken":11.0},{"damage_healed":0.0,"max_hp_gain":0.0,"max_hp_loss":0.0,"gold_gain":0.0,"event_name":"WeMeetAgain","player_choice":"Paid Gold","floor":5.0,"gold_loss":97.0,"damage_taken":0.0,"relics_obtained":["Kunai"]},{"damage_healed":0.0,"max_hp_gain":0.0,"max_hp_loss":0.0,"gold_gain":0.0,"event_name":"Cursed Tome","player_choice":"Obtained Book","floor":19.0,"gold_loss":0.0,"damage_taken":21.0},{"damage_healed":0.0,"max_hp_gain":0.0,"max_hp_loss":0.0,"gold_gain":0.0,"event_name":"Forgotten Altar","player_choice":"Smashed Altar","floor":20.0,"gold_loss":0.0,"damage_taken":0.0,"cards_obtained":["Decay"]}],"is_beta":false,"boss_relics":[{"not_picked":["Runic Cube","White Beast Statue"],"picked":"Empty Cage"}],"items_purged_floors":[21],"is_endless":false,"potions_floor_spawned":[1,11,12,16],"killed_by":"Shell Parasite","ascension_level":17}