{"gold_per_floor":[119,79,4,21,45,77,77,110,110,138,138,148,148,176,176,252,252,265,265,280,295,220,252,252,282,309,309,37,53,79,94,94,167,167,177,194,1193,1193,1212,1212,1241,1241,1294,1307,1338,1385,1385,832,832,832,832,832,832,399,432,432],"floor_reached":57,"playtime":2071,"items_purged":["Strike_R","Strike_R","Normality","Strike_R"],"score":3238,"play_id":"82a5ecf7-fb4d-45fa-b887-422a86c79091","local_time":"20190320011631","is_ascension_mode":true,"campfire_choices":[{"data":"Immolate","floor":7.0,"key":"SMITH"},{"data":"Battle Trance","floor":13.0,"key":"SMITH"},{"data":"Bloodletting","floor":15.0,"key":"SMITH"},{"data":"Demon Form","floor":24.0,"key":"SMITH"},{"data":"Evolve","floor":32.0,"key":"SMITH"},{"floor":40.0,"key":"RECALL"},{"data":"Bash","floor":42.0,"key":"SMITH"},{"floor":47.0,"key":"REST"},{"data":"Metallicize","floor":49.0,"key":"SMITH"},{"floor":53.0,"key":"REST"}],"neow_cost":"PERCENT_DAMAGE","seed_source_timestamp":521563060010200,"circlet_count":0,"master_deck":["AscendersBane","Defend_R","Defend_R","Defend_R","Defend_R","Bash+1","Immolate+1","Infernal Blade","Battle Trance+1","Seeing Red+1","Metallicize+1","Uppercut+1","Bloodletting+1","Fiend Fire+1","Seeing Red+1","Demon Form+1","Sever Soul+1","Inflame+1","Whirlwind+1","Dual Wield+1","Sentinel+1","Evolve+1","Immolate+1","Sentinel+1","Sword Boomerang+1","Parasite","Second Wind+1","Limit Break+1","Battle Trance+1","Flame Barrier+1","Purity+1","Second Wind+1","Panacea+1","Burning Pact+1","True Grit+1"],"special_seed":0,"relics":["Burning Blood","Omamori","Molten Egg 2","Dodecahedron","Lantern","Strawberry","Mummified Hand","Snecko Eye","Ornamental Fan","Toxic Egg 2","Anchor","WarpedTongs","Membership Card","Centennial Puzzle","Cursed Key","Ice Cream","Thread and Needle","Pocketwatch","Art of War","Darkstone Periapt","Lee\u0027s Waffle","Chemical X","Happy Flower","War Paint","Bag of Preparation"],"potions_floor_usage":[56,56],"damage_taken":[{"damage":15.0,"enemies":"Small Slimes","floor":1.0,"turns":4.0},{"damage":1.0,"enemies":"Cultist","floor":4.0,"turns":3.0},{"damage":5.0,"enemies":"3 Sentries","floor":6.0,"turns":5.0},{"damage":37.0,"enemies":"Lagavulin","floor":8.0,"turns":7.0},{"damage":0.0,"enemies":"Gremlin Nob","floor":10.0,"turns":2.0},{"damage":0.0,"enemies":"Jaw Worm","floor":12.0,"turns":1.0},{"damage":2.0,"enemies":"Lagavulin","floor":14.0,"turns":3.0},{"damage":48.0,"enemies":"Slime Boss","floor":16.0,"turns":7.0},{"damage":7.0,"enemies":"Shell Parasite","floor":18.0,"turns":2.0},{"damage":0.0,"enemies":"Chosen","floor":20.0,"turns":2.0},{"damage":19.0,"enemies":"Centurion and Healer","floor":21.0,"turns":4.0},{"damage":0.0,"enemies":"Gremlin Leader","floor":23.0,"turns":3.0},{"damage":7.0,"enemies":"Slavers","floor":25.0,"turns":2.0},{"damage":15.0,"enemies":"Snake Plant","floor":29.0,"turns":3.0},{"damage":0.0,"enemies":"Gremlin Leader","floor":30.0,"turns":2.0},{"damage":0.0,"enemies":"Snecko","floor":31.0,"turns":1.0},{"damage":7.0,"enemies":"Collector","floor":33.0,"turns":5.0},{"damage":0.0,"enemies":"Orb Walker","floor":35.0,"turns":1.0},{"damage":3.0,"enemies":"3 Darklings","floor":36.0,"turns":2.0},{"damage":2.0,"enemies":"Transient","floor":39.0,"turns":6.0},{"damage":3.0,"enemies":"Nemesis","floor":41.0,"turns":3.0},{"damage":1.0,"enemies":"Writhing Mass","floor":44.0,"turns":3.0},{"damage":33.0,"enemies":"Reptomancer","floor":45.0,"turns":4.0},{"damage":4.0,"enemies":"2 Orb Walkers","floor":46.0,"turns":2.0},{"damage":3.0,"enemies":"Donu and Deca","floor":50.0,"turns":4.0},{"damage":12.0,"enemies":"Awakened One","floor":51.0,"turns":5.0},{"damage":3.0,"enemies":"Shield and Spear","floor":55.0,"turns":2.0},{"damage":63,"enemies":"The Heart","floor":56,"turns":8}],"seed_played":"-3542255843367302573","potions_obtained":[{"floor":2.0,"key":"Regen Potion"},{"floor":2.0,"key":"EntropicBrew"},{"floor":6.0,"key":"Swift Potion"},{"floor":8.0,"key":"Regen Potion"},{"floor":12.0,"key":"Weak Potion"},{"floor":16.0,"key":"SteroidPotion"},{"floor":29.0,"key":"Dexterity Potion"},{"floor":33.0,"key":"Swift Potion"},{"floor":36.0,"key":"Fire Potion"},{"floor":44.0,"key":"Fire Potion"},{"floor":55.0,"key":"SteroidPotion"}],"is_trial":false,"path_per_floor":["M","?","$","M","T","E","R","E","T","E","?","M","R","E","R","B",null,"M","?","M","M","?","E","R","E","T","?","$","M","E","M","R","B",null,"M","M","?","?","M","R","E","R","T","M","E","?","R","$","R","B","B",null,"R","$","E","B",null],"character_chosen":"IRONCLAD","items_purchased":["Membership Card","Flame Barrier+1","Purity+1","Art of War","Darkstone Periapt","Lee\u0027s Waffle","GamblersBrew","Second Wind+1","Chemical X","Happy Flower","Panacea+1","Burning Pact+1","War Paint"],"campfire_rested":2,"item_purchase_floors":[28,48,48,48,48,48,48,48,54,54,54,54,54],"current_hp_per_floor":[41,41,41,46,46,61,61,30,30,48,48,54,54,58,58,16,66,65,65,71,58,58,64,64,63,63,63,63,54,60,66,66,65,78,82,82,82,78,78,78,78,78,78,78,51,53,76,85,85,85,79,84,85,85,85,28],"gold":432,"neow_bonus":"THREE_RARE_CARDS","is_prod":false,"is_daily":false,"chose_seed":false,"campfire_upgraded":7,"win_rate":0,"timestamp":1553012191,"path_taken":["M","?","?","M","?","E","R","E","T","E","?","M","R","E","R","BOSS","M","?","?","M","?","E","R","E","T","?","$","M","E","M","R","BOSS","M","?","?","?","M","R","E","R","T","M","E","?","R","$","R","BOSS","BOSS","R","$","E","BOSS"],"build_version":"2019-01-23","purchased_purges":4,"victory":true,"max_hp_per_floor":[75,75,75,75,75,75,75,75,75,82,82,82,82,82,82,82,82,82,82,82,82,82,82,82,82,82,82,82,82,82,82,82,82,82,82,82,82,78,78,78,78,78,78,78,78,78,78,85,85,85,85,85,85,85,85,85],"card_choices":[{"not_picked":["Bludgeon","Juggernaut"],"picked":"Immolate","floor":0.0},{"not_picked":["Thunderclap","Corruption"],"picked":"Infernal Blade","floor":1.0},{"not_picked":["Sentinel","True Grit"],"picked":"Battle Trance","floor":4.0},{"not_picked":["Clash","Dropkick"],"picked":"Seeing Red","floor":6.0},{"not_picked":["Flex","Dropkick+1","Exhume"],"picked":"SKIP","floor":8.0},{"not_picked":["Pommel Strike+1","Armaments","Perfected Strike+1"],"picked":"SKIP","floor":10.0},{"not_picked":["Iron Wave+1","Warcry"],"picked":"Uppercut+1","floor":12.0},{"not_picked":["Pommel Strike+1","Searing Blow+1"],"picked":"Bloodletting","floor":14.0},{"not_picked":["Barricade","Dark Embrace"],"picked":"Fiend Fire+1","floor":16.0},{"not_picked":["Twin Strike+1","Iron Wave+1","Armaments"],"picked":"SKIP","floor":18.0},{"not_picked":["Bloodletting","Armaments"],"picked":"Sever Soul+1","floor":20.0},{"not_picked":["Armaments","Infernal Blade"],"picked":"Inflame+1","floor":21.0},{"not_picked":["Pommel Strike+1","Twin Strike+1"],"picked":"Whirlwind+1","floor":23.0},{"not_picked":["Heavy Blade+1","Rupture+1"],"picked":"Dual Wield","floor":25.0},{"not_picked":["Anger+1","Iron Wave+1"],"picked":"Sentinel+1","floor":29.0},{"not_picked":["Armaments+1","Bloodletting+1","Spot Weakness+1"],"picked":"SKIP","floor":30.0},{"not_picked":["Dropkick+1","Havoc+1"],"picked":"Evolve","floor":31.0},{"not_picked":["Exhume+1","Demon Form"],"picked":"Immolate+1","floor":33.0},{"not_picked":["Headbutt+1","Armaments+1"],"picked":"Sentinel+1","floor":35.0},{"not_picked":["Perfected Strike+1","Clothesline+1"],"picked":"Sword Boomerang+1","floor":36.0},{"not_picked":["Anger+1","Twin Strike+1","Blood for Blood+1"],"picked":"SKIP","floor":39.0},{"not_picked":["Thunderclap+1","Seeing Red+1","Brutality"],"picked":"SKIP","floor":41.0},{"not_picked":["Battle Trance+1","Sentinel+1"],"picked":"Second Wind+1","floor":44.0},{"not_picked":["Reckless Charge+1","True Grit+1"],"picked":"Limit Break+1","floor":45.0},{"not_picked":["Bloodletting+1","Body Slam+1"],"picked":"Battle Trance+1","floor":46.0},{"not_picked":["Thunderclap+1","Fiend Fire+1"],"picked":"True Grit+1","floor":55.0}],"player_experience":4573128,"relics_obtained":[{"floor":5.0,"key":"Omamori"},{"floor":6.0,"key":"Molten Egg 2"},{"floor":8.0,"key":"Dodecahedron"},{"floor":9.0,"key":"Lantern"},{"floor":10.0,"key":"Strawberry"},{"floor":14.0,"key":"Mummified Hand"},{"floor":23.0,"key":"Ornamental Fan"},{"floor":25.0,"key":"Toxic Egg 2"},{"floor":26.0,"key":"Anchor"},{"floor":30.0,"key":"Centennial Puzzle"},{"floor":41.0,"key":"Ice Cream"},{"floor":45.0,"key":"Thread and Needle"},{"floor":46.0,"key":"Pocketwatch"},{"floor":55.0,"key":"Bag of Preparation"}],"event_choices":[{"damage_healed":0.0,"max_hp_gain":0.0,"max_hp_loss":0.0,"gold_gain":0.0,"event_name":"The Woman in Blue","player_choice":"Bought 3 Potions","floor":2.0,"gold_loss":0.0,"damage_taken":0.0},{"damage_healed":0.0,"max_hp_gain":0.0,"max_hp_loss":0.0,"gold_gain":0.0,"cards_transformed":["Strike_R"],"event_name":"Living Wall","player_choice":"Change","floor":11.0,"gold_loss":0.0,"damage_taken":0.0,"cards_obtained":["Metallicize"]},{"damage_healed":0.0,"max_hp_gain":0.0,"max_hp_loss":0.0,"gold_gain":0.0,"event_name":"Match and Keep!","player_choice":"2 cards matched","floor":19.0,"gold_loss":0.0,"damage_taken":0.0,"cards_obtained":["Seeing Red","Demon Form"]},{"cards_removed":["Strike_R"],"damage_healed":0.0,"max_hp_gain":0.0,"max_hp_loss":0.0,"gold_gain":0.0,"event_name":"Beggar","player_choice":"Gave Gold","floor":22.0,"gold_loss":75.0,"damage_taken":0.0},{"damage_healed":0.0,"max_hp_gain":0.0,"max_hp_loss":0.0,"gold_gain":0.0,"event_name":"Accursed Blacksmith","player_choice":"Rummage","floor":27.0,"gold_loss":0.0,"damage_taken":0.0,"relics_obtained":["WarpedTongs"],"cards_obtained":["Pain"]},{"damage_healed":0.0,"max_hp_gain":0.0,"max_hp_loss":0.0,"gold_gain":999.0,"event_name":"MindBloom","player_choice":"Gold","floor":37.0,"gold_loss":0.0,"damage_taken":0.0,"cards_obtained":["Normality","Normality"]},{"damage_healed":0.0,"max_hp_gain":0.0,"max_hp_loss":4.0,"gold_gain":0.0,"event_name":"Winding Halls","player_choice":"Max HP","floor":38.0,"gold_loss":0.0,"damage_taken":0.0},{"damage_healed":0.0,"max_hp_gain":0.0,"max_hp_loss":0.0,"gold_gain":0.0,"event_name":"Mysterious Sphere","player_choice":"Fight","floor":46.0,"gold_loss":0.0,"damage_taken":0.0}],"is_beta":false,"boss_relics":[{"not_picked":["Velvet Choker","Calling Bell"],"picked":"Snecko Eye"},{"not_picked":["Sozu","Lizard Tail"],"picked":"Cursed Key"}],"items_purged_floors":[3,28,48,54],"is_endless":false,"potions_floor_spawned":[6,8,12,16,18,23,29,30,33,35,36,44,55],"ascension_level":20}