{"gold_per_floor":[115,135,152,25,42,75,75,75,75,110,110,122,140,175,175,280,280,297,317,242,255,275,308,318,318,371,371,1,31,31,50,50,148,148,160,176,5,105,121,121,148,148],"floor_reached":42,"playtime":7318,"items_purged":["Darkness","Shame"],"score":643,"play_id":"0775efbd-4ed2-4a03-abf7-f6b50a080614","local_time":"20181227222641","is_ascension_mode":true,"campfire_choices":[{"data":"Defragment","floor":7.0,"key":"SMITH"},{"data":"Coolheaded","floor":11.0,"key":"SMITH"},{"data":"Loop","floor":15.0,"key":"SMITH"},{"data":"Echo Form","floor":25.0,"key":"SMITH"},{"floor":27.0,"key":"REST"},{"data":"Loop","floor":32,"key":"SMITH"},{"floor":40,"key":"REST"}],"neow_cost":"NONE","seed_source_timestamp":515010063006210,"circlet_count":0,"master_deck":["Zap","Dualcast","Reinforced Body","Redo","Capacitor+1","Defragment+1","Coolheaded+1","Conserve Battery","Glacier","Cold Snap","White Noise","Hologram","Loop+1","Biased Cognition","Capacitor","Cold Snap","Loop+1","Heatsinks","Coolheaded","Tempest","Echo Form+1","Fusion","Cold Snap","Chill","Cold Snap+1","Go for the Eyes+1","Tempest","Tempest+1","Undo","Seek","Aggregate+1","Rainbow","Double Energy+1","Go for the Eyes","Capacitor"],"special_seed":0,"relics":["Lizard Tail","Pen Nib","Boot","Mummified Hand","Bottled Flame","Pandora\u0027s Box","Incense Burner","Dream Catcher","Ice Cream","Sundial","Smiling Mask","Busted Crown","Dead Branch","Bronze Scales"],"potions_floor_usage":[33,36,41,42],"damage_taken":[{"damage":7.0,"enemies":"2 Louse","floor":1.0,"turns":2.0},{"damage":1.0,"enemies":"Cultist","floor":2.0,"turns":4.0},{"damage":1.0,"enemies":"Jaw Worm","floor":3.0,"turns":5.0},{"damage":5.0,"enemies":"Exordium Wildlife","floor":5.0,"turns":5.0},{"damage":7.0,"enemies":"Lagavulin","floor":6.0,"turns":10.0},{"damage":28.0,"enemies":"Gremlin Nob","floor":10.0,"turns":10.0},{"damage":1.0,"enemies":"2 Fungi Beasts","floor":12.0,"turns":4.0},{"damage":0.0,"enemies":"Blue Slaver","floor":13.0,"turns":5.0},{"damage":0.0,"enemies":"Lagavulin","floor":14.0,"turns":9.0},{"damage":0.0,"enemies":"Hexaghost","floor":16.0,"turns":14.0},{"damage":0.0,"enemies":"3 Byrds","floor":18.0,"turns":4.0},{"damage":0.0,"enemies":"Chosen","floor":19.0,"turns":7.0},{"damage":9.0,"enemies":"Shelled Parasite and Fungi","floor":21.0,"turns":5.0},{"damage":12.0,"enemies":"Centurion and Healer","floor":22.0,"turns":4.0},{"damage":25.0,"enemies":"Slavers","floor":23.0,"turns":6.0},{"damage":13.0,"enemies":"Snake Plant","floor":24.0,"turns":4.0},{"damage":5.0,"enemies":"Book of Stabbing","floor":29.0,"turns":7.0},{"damage":11,"enemies":"Cultist and Chosen","floor":31,"turns":6},{"damage":26,"enemies":"Collector","floor":33,"turns":7},{"damage":16,"enemies":"Orb Walker","floor":35,"turns":4},{"damage":28,"enemies":"3 Darklings","floor":36,"turns":6},{"damage":0,"enemies":"Mind Bloom Boss Battle","floor":38,"turns":5},{"damage":30,"enemies":"Spire Growth","floor":39,"turns":5},{"damage":7,"enemies":"Giant Head","floor":41,"turns":5},{"damage":34,"enemies":"Writhing Mass","floor":42,"turns":2}],"seed_played":"-7231287021127723071","potions_obtained":[{"floor":1.0,"key":"Energy Potion"},{"floor":3.0,"key":"Poison Potion"},{"floor":6.0,"key":"Ancient Potion"},{"floor":10.0,"key":"Energy Potion"},{"floor":13.0,"key":"EssenceOfSteel"},{"floor":18.0,"key":"SpeedPotion"},{"floor":22.0,"key":"LiquidBronze"},{"floor":29,"key":"LiquidBronze"},{"floor":33,"key":"Fire Potion"},{"floor":41,"key":"Block Potion"}],"is_trial":false,"path_per_floor":["M","M","M","$","M","E","R","?","T","E","R","M","M","E","R","B",null,"M","M","?","M","M","E","M","R","T","R","$","E","E","?","M","R","B",null,"M","M","$","?","M","R","E","M"],"character_chosen":"DEFECT","items_purchased":["Defragment","Coolheaded","Ice Cream","Rainbow","Weak Potion"],"campfire_rested":2,"item_purchase_floors":[4,4,28,37,37],"current_hp_per_floor":[68,67,66,66,61,54,54,54,54,26,26,25,25,25,25,25,75,75,75,75,66,54,29,16,16,16,38,38,33,33,22,22,37,75,59,31,31,31,1,23,16,0],"gold":148,"neow_bonus":"BOSS_RELIC","is_prod":false,"is_daily":false,"chose_seed":false,"campfire_upgraded":5,"win_rate":0,"timestamp":1545967601,"path_taken":["M","M","M","$","M","E","R","?","T","E","R","M","M","E","R","BOSS","M","M","?","M","M","E","M","R","T","R","$","E","?","M","R","BOSS","M","M","$","?","M","R","E","M"],"build_version":"2018-12-20","purchased_purges":2,"victory":false,"max_hp_per_floor":[75,75,75,75,75,75,75,75,75,75,75,75,75,75,75,75,75,75,75,75,75,75,75,75,75,75,75,75,75,75,75,75,75,75,75,75,75,75,75,75,75,75],"card_choices":[{"not_picked":["Reprogram","Genetic Algorithm"],"picked":"Reinforced Body","floor":1.0},{"not_picked":["Streamline","Turbo"],"picked":"Redo","floor":2.0},{"not_picked":["Rip and Tear","Melter"],"picked":"Capacitor","floor":3.0},{"not_picked":["Turbo","Redo"],"picked":"Conserve Battery","floor":5.0},{"not_picked":["BootSequence","Thunder Strike"],"picked":"Glacier","floor":6.0},{"not_picked":["Genetic Algorithm","Undo"],"picked":"Cold Snap","floor":10.0},{"not_picked":["Streamline","Leap"],"picked":"White Noise","floor":12.0},{"not_picked":["Redo","Stack"],"picked":"Hologram","floor":13.0},{"not_picked":["Stack","Fission"],"picked":"Loop","floor":14.0},{"not_picked":["Reboot","Fission"],"picked":"Biased Cognition","floor":16.0},{"not_picked":["Sweeping Beam","Stack"],"picked":"Fusion","floor":18.0},{"not_picked":["Redo","Auto Shields"],"picked":"Cold Snap","floor":19.0},{"not_picked":["Rebound","Sweeping Beam+1"],"picked":"Darkness","floor":21.0},{"not_picked":["Self Repair","Chaos"],"picked":"Chill","floor":22.0},{"not_picked":["Fusion+1","Conserve Battery"],"picked":"Cold Snap+1","floor":23.0},{"not_picked":["Turbo+1","Steam+1"],"picked":"Go for the Eyes+1","floor":24.0},{"not_picked":["Heatsinks","Streamline"],"picked":"Tempest","floor":27.0},{"not_picked":["Conserve Battery","Steam Power"],"picked":"Tempest+1","floor":29},{"not_picked":["Steam Power","Darkness"],"picked":"Undo","floor":31},{"not_picked":["Fission","All For One"],"picked":"Seek","floor":33},{"not_picked":["Steam+1"],"picked":"SKIP","floor":35},{"not_picked":[],"picked":"Aggregate+1","floor":36},{"not_picked":[],"picked":"Double Energy+1","floor":38},{"not_picked":["Melter+1"],"picked":"SKIP","floor":39},{"not_picked":[],"picked":"Go for the Eyes","floor":40},{"not_picked":[],"picked":"Capacitor","floor":41}],"player_experience":106980,"relics_obtained":[{"floor":6.0,"key":"Pen Nib"},{"floor":9.0,"key":"Boot"},{"floor":10.0,"key":"Mummified Hand"},{"floor":14.0,"key":"Bottled Flame"},{"floor":23.0,"key":"Incense Burner"},{"floor":26.0,"key":"Dream Catcher"},{"floor":29,"key":"Sundial"},{"floor":38,"key":"Dead Branch"},{"floor":41,"key":"Bronze Scales"}],"event_choices":[{"damage_healed":0.0,"max_hp_gain":0.0,"max_hp_loss":0.0,"gold_gain":0.0,"event_name":"Living Wall","player_choice":"Grow","floor":8.0,"gold_loss":0.0,"damage_taken":0.0,"cards_upgraded":["Capacitor"]},{"cards_removed":["Gash"],"damage_healed":0.0,"max_hp_gain":0.0,"max_hp_loss":0.0,"gold_gain":0.0,"event_name":"Beggar","player_choice":"Gave Gold","floor":20.0,"gold_loss":75.0,"damage_taken":0.0},{"damage_healed":0,"gold_gain":0,"player_choice":"Stole Relic","damage_taken":0,"relics_obtained":["Smiling Mask"],"max_hp_gain":0,"max_hp_loss":0,"event_name":"Addict","floor":30,"gold_loss":0,"cards_obtained":["Shame"]},{"damage_healed":0,"gold_gain":0,"player_choice":"Fight","damage_taken":0,"max_hp_gain":0,"max_hp_loss":0,"event_name":"MindBloom","floor":38,"gold_loss":0}],"is_beta":false,"boss_relics":[{"not_picked":["White Beast Statue","Snecko Eye"],"picked":"Pandora\u0027s Box"},{"not_picked":["Black Star","Runic Dome"],"picked":"Busted Crown"}],"items_purged_floors":[28,37],"is_endless":false,"potions_floor_spawned":[1,3,6,10,13,18,22,29,33,41],"killed_by":"Writhing Mass","ascension_level":1}