{"gold_per_floor":[16,16,16,16,39,39,60,60,60,60,73,73,93,129,129,254,254,268,268,281,281],"floor_reached":21,"playtime":1927,"items_purged":[],"score":204,"play_id":"323c4578-17a2-4039-b8fe-df5666ad4629","local_time":"20190213125645","is_ascension_mode":false,"campfire_choices":[{"data":"Barricade","floor":6.0,"key":"SMITH"},{"data":"Entrench","floor":8.0,"key":"SMITH"},{"data":"True Grit","floor":10.0,"key":"SMITH"},{"data":"Infernal Blade","floor":12.0,"key":"SMITH"},{"floor":15,"key":"REST"}],"neow_cost":"NO_GOLD","seed_source_timestamp":9661307475897,"circlet_count":0,"master_deck":["Strike_R","Strike_R","Strike_R","Strike_R","Strike_R","Defend_R","Defend_R","Defend_R","Defend_R","Bash","Barricade+1","Entrench+1","True Grit+1","Infernal Blade+1","Demon Form","Intimidate"],"special_seed":0,"relics":["Burning Blood","Golden Idol","Gremlin Horn","Pear","Fusion Hammer","MutagenicStrength"],"potions_floor_usage":[14],"damage_taken":[{"damage":26.0,"enemies":"Cultist","floor":1.0,"turns":8.0},{"damage":2.0,"enemies":"2 Louse","floor":5.0,"turns":3.0},{"damage":6.0,"enemies":"Jaw Worm","floor":7.0,"turns":8.0},{"damage":2.0,"enemies":"Blue Slaver","floor":11.0,"turns":8.0},{"damage":1.0,"enemies":"Exordium Thugs","floor":13.0,"turns":6.0},{"damage":39,"enemies":"Lagavulin","floor":14,"turns":22},{"damage":34,"enemies":"The Guardian","floor":16,"turns":23},{"damage":1,"enemies":"Chosen","floor":18,"turns":4},{"damage":25,"enemies":"3 Byrds","floor":20,"turns":6},{"damage":29,"enemies":"Colosseum Slavers","floor":21,"turns":6},{"damage":68,"enemies":"Colosseum Nobs","floor":21,"turns":4}],"seed_played":"7174575297546645529","potions_obtained":[{"floor":1.0,"key":"Energy Potion"},{"floor":13.0,"key":"FearPotion"},{"floor":14,"key":"EntropicBrew"},{"floor":16,"key":"Block Potion"}],"is_trial":false,"path_per_floor":["M","?","?","?","M","R","M","R","T","R","M","R","M","E","R","B",null,"M","?","M","?"],"character_chosen":"IRONCLAD","items_purchased":[],"campfire_rested":1,"item_purchase_floors":[],"current_hp_per_floor":[60,40,40,45,49,49,49,49,49,49,53,53,58,35,63,35,95,95,95,76,0],"gold":281,"neow_bonus":"THREE_RARE_CARDS","is_prod":false,"is_daily":false,"chose_seed":false,"campfire_upgraded":4,"win_rate":0,"timestamp":1550030205,"path_taken":["M","?","?","?","M","R","M","R","T","R","M","R","M","E","R","BOSS","M","?","M","?"],"build_version":"2019-01-23","purchased_purges":0,"victory":false,"max_hp_per_floor":[80,80,80,85,85,85,85,85,85,85,85,85,85,95,95,95,95,95,95,95,95],"card_choices":[{"not_picked":["Demon Form","Fiend Fire"],"picked":"Barricade","floor":0.0},{"not_picked":["Searing Blow","Rage","Pommel Strike"],"picked":"SKIP","floor":1.0},{"not_picked":["Burning Pact","Perfected Strike"],"picked":"Entrench","floor":5.0},{"not_picked":["Reckless Charge","Clash"],"picked":"True Grit","floor":7.0},{"not_picked":["Anger","Carnage"],"picked":"Infernal Blade","floor":11.0},{"not_picked":["Thunderclap","Flex","Wild Strike"],"picked":"SKIP","floor":13.0},{"not_picked":["Rage","Feed","Iron Wave"],"picked":"SKIP","floor":14},{"not_picked":["Reaper","Immolate"],"picked":"Demon Form","floor":16},{"not_picked":["Cleave","Sword Boomerang","Heavy Blade"],"picked":"SKIP","floor":18},{"not_picked":["Cleave","Sword Boomerang","Heavy Blade"],"picked":"SKIP","floor":18},{"not_picked":["Iron Wave","Headbutt+1"],"picked":"Intimidate","floor":20}],"player_experience":63248,"relics_obtained":[{"floor":9.0,"key":"Gremlin Horn"},{"floor":14,"key":"Pear"}],"event_choices":[{"damage_healed":0.0,"max_hp_gain":0.0,"max_hp_loss":0.0,"gold_gain":0.0,"event_name":"Golden Idol","player_choice":"Take Damage","floor":2.0,"gold_loss":0.0,"damage_taken":20.0,"relics_obtained":["Golden Idol"]},{"damage_healed":0.0,"max_hp_gain":0.0,"max_hp_loss":0.0,"gold_gain":0.0,"event_name":"Liars Game","player_choice":"Ignored","floor":3.0,"gold_loss":0.0,"damage_taken":0.0},{"damage_healed":0.0,"max_hp_gain":5.0,"max_hp_loss":0.0,"gold_gain":0.0,"event_name":"Big Fish","player_choice":"Donut","floor":4.0,"gold_loss":0.0,"damage_taken":0.0},{"damage_healed":0,"gold_gain":0,"player_choice":"Inject Mutagens","damage_taken":0,"relics_obtained":["MutagenicStrength"],"max_hp_gain":0,"max_hp_loss":0,"event_name":"Drug Dealer","floor":19,"gold_loss":0},{"damage_healed":0,"gold_gain":0,"player_choice":"Fight","damage_taken":0,"max_hp_gain":0,"max_hp_loss":0,"event_name":"Colosseum","floor":21,"gold_loss":0},{"damage_healed":0,"gold_gain":0,"player_choice":"Fought Nobs","damage_taken":0,"max_hp_gain":0,"max_hp_loss":0,"event_name":"Colosseum","floor":21,"gold_loss":0}],"is_beta":false,"boss_relics":[{"not_picked":["Ectoplasm","Philosopher\u0027s Stone"],"picked":"Fusion Hammer"}],"items_purged_floors":[],"is_endless":false,"potions_floor_spawned":[1,13,14,16,20],"killed_by":"Colosseum Nobs","ascension_level":0}