{"gold_per_floor":[111,125,50,64,79,79,109,34,59,78,111,123,146,188,200,212],"floor_reached":16,"playtime":840,"items_purged":["Strike_R"],"score":201,"play_id":"8933c3a6-5452-4537-af3c-42e1eff89808","local_time":"20190306225541","is_ascension_mode":true,"campfire_choices":[{"data":"Blood for Blood","floor":6.0,"key":"SMITH"},{"floor":12,"key":"REST"},{"floor":15,"key":"REST"}],"neow_cost":"NONE","seed_source_timestamp":264547688274536,"circlet_count":0,"master_deck":["AscendersBane","Strike_R","Strike_R","Strike_R","Strike_R","Defend_R","Defend_R","Defend_R","Defend_R","Bash","Limit Break","Shrug It Off","Perfected Strike","Evolve","Bloodletting","Blood for Blood+1","Pommel Strike","Perfected Strike","Flex","Inflame","Sentinel"],"special_seed":0,"relics":["Burning Blood","Anchor","Potion Belt","MawBank","Lantern"],"potions_floor_usage":[7,10,14,16],"damage_taken":[{"damage":13.0,"enemies":"Jaw Worm","floor":1.0,"turns":4.0},{"damage":8.0,"enemies":"Cultist","floor":2.0,"turns":4.0},{"damage":0.0,"enemies":"2 Louse","floor":4.0,"turns":2.0},{"damage":10.0,"enemies":"Exordium Wildlife","floor":5.0,"turns":4.0},{"damage":35,"enemies":"Lagavulin","floor":7,"turns":5},{"damage":6,"enemies":"Exordium Thugs","floor":10,"turns":4},{"damage":32,"enemies":"Gremlin Nob","floor":11,"turns":4},{"damage":8,"enemies":"Blue Slaver","floor":13,"turns":3},{"damage":23,"enemies":"3 Sentries","floor":14,"turns":6},{"damage":47,"enemies":"Hexaghost","floor":16,"turns":9}],"seed_played":"-1715127473039075007","potions_obtained":[{"floor":2.0,"key":"SteroidPotion"},{"floor":5.0,"key":"SteroidPotion"},{"floor":7,"key":"AttackPotion"},{"floor":14,"key":"BloodPotion"}],"is_trial":false,"path_per_floor":["M","M","$","M","M","R","E","$","T","M","E","R","M","E","R","B"],"character_chosen":"IRONCLAD","items_purchased":["Evolve"],"campfire_rested":2,"item_purchase_floors":[3],"current_hp_per_floor":[65,63,63,69,65,65,36,36,36,36,10,34,32,15,39,0],"gold":212,"neow_bonus":"ONE_RANDOM_RARE_CARD","is_prod":false,"is_daily":false,"chose_seed":false,"campfire_upgraded":1,"win_rate":0,"timestamp":1551880541,"path_taken":["M","M","$","M","M","R","E","$","T","M","E","R","M","E","R","BOSS"],"build_version":"2019-01-23","purchased_purges":1,"victory":false,"max_hp_per_floor":[80,80,80,80,80,80,80,80,80,80,80,80,80,80,80,80],"card_choices":[{"not_picked":["Iron Wave","Blood for Blood"],"picked":"Shrug It Off","floor":1.0},{"not_picked":["Dual Wield","Disarm"],"picked":"Perfected Strike","floor":2.0},{"not_picked":["Wild Strike","Cleave"],"picked":"Bloodletting","floor":4.0},{"not_picked":["Havoc","True Grit"],"picked":"Blood for Blood","floor":5.0},{"not_picked":["Pommel Strike","Limit Break","Fire Breathing"],"picked":"SKIP","floor":7},{"not_picked":["Limit Break","Fire Breathing"],"picked":"Pommel Strike","floor":7},{"not_picked":["Spot Weakness","Twin Strike"],"picked":"Perfected Strike","floor":10},{"not_picked":["Heavy Blade","Armaments"],"picked":"Flex","floor":11},{"not_picked":["Combust","Armaments"],"picked":"Inflame","floor":13},{"not_picked":["Warcry","Carnage"],"picked":"Sentinel","floor":14}],"player_experience":246208,"relics_obtained":[{"floor":7,"key":"Anchor"},{"floor":9,"key":"Potion Belt"},{"floor":11,"key":"MawBank"},{"floor":14,"key":"Lantern"}],"event_choices":[],"is_beta":false,"boss_relics":[],"items_purged_floors":[8],"is_endless":false,"potions_floor_spawned":[2,5,7,14],"killed_by":"Hexaghost","ascension_level":13}