{"gold_per_floor":[116,116,116,127,52,52,81,81,134,134,165,175,201,201,201,201],"floor_reached":16,"playtime":459,"items_purged":[],"score":232,"play_id":"b3ee584a-ad49-41d5-aa3e-f08b9b74880c","local_time":"20190209024902","is_ascension_mode":true,"campfire_choices":[{"data":"Cleave","floor":6,"key":"SMITH"},{"data":"Anger","floor":8,"key":"SMITH"},{"floor":10,"key":"REST"},{"data":"Burning Pact","floor":15,"key":"SMITH"}],"neow_cost":"NONE","seed_source_timestamp":806301183289200,"circlet_count":0,"master_deck":["AscendersBane","Strike_R","Strike_R","Strike_R","Strike_R+1","Defend_R","Defend_R","Defend_R","Defend_R","Bash+1","Cleave+1","Wild Strike","Anger+1","Shrug It Off","Burning Pact+1","Flame Barrier"],"relics":["Burning Blood","Shuriken","Boot","Smiling Mask","Question Card"],"potions_floor_usage":[11,16],"damage_taken":[{"damage":9,"enemies":"Jaw Worm","floor":1,"turns":4},{"damage":10,"enemies":"Small Slimes","floor":4,"turns":3},{"damage":35,"enemies":"3 Sentries","floor":7,"turns":9},{"damage":36,"enemies":"Lagavulin","floor":11,"turns":7},{"damage":1,"enemies":"2 Louse","floor":12,"turns":2},{"damage":32,"enemies":"Gremlin Nob","floor":13,"turns":4},{"damage":16,"enemies":"Hexaghost","floor":16,"turns":9}],"seed_played":"1042026769865217126","potions_obtained":[{"floor":4,"key":"LiquidBronze"},{"floor":7,"key":"BloodPotion"}],"is_trial":false,"path_per_floor":["M","?","?","M","?","R","E","R","T","R","E","M","E","T","R","B"],"character_chosen":"IRONCLAD","items_purchased":[],"campfire_rested":1,"item_purchase_floors":[],"current_hp_per_floor":[65,42,67,63,63,63,34,34,34,56,33,38,12,12,12,0],"gold":201,"neow_bonus":"THREE_CARDS","is_prod":false,"is_daily":false,"chose_seed":false,"campfire_upgraded":3,"win_rate":0,"timestamp":1549648142,"path_taken":["M","?","?","M","?","R","E","R","T","R","E","M","E","?","R","BOSS"],"build_version":"2019-01-23","purchased_purges":0,"victory":false,"max_hp_per_floor":[75,75,75,75,75,75,75,75,75,75,75,75,75,75,75,75],"card_choices":[{"not_picked":["Clothesline","Clash"],"picked":"Cleave","floor":0},{"not_picked":["Flex","Rupture"],"picked":"Wild Strike","floor":1},{"not_picked":["Sentinel","Body Slam","Heavy Blade"],"picked":"SKIP","floor":4},{"not_picked":["Headbutt","Barricade"],"picked":"Anger","floor":7},{"not_picked":["Anger","Cleave"],"picked":"Shrug It Off","floor":11},{"not_picked":["Thunderclap","Anger"],"picked":"Burning Pact","floor":12},{"not_picked":["Second Wind","Spot Weakness"],"picked":"Flame Barrier","floor":13}],"player_experience":4236209,"relics_obtained":[{"floor":7,"key":"Shuriken"},{"floor":9,"key":"Boot"},{"floor":11,"key":"Smiling Mask"},{"floor":13,"key":"Question Card"}],"event_choices":[{"damage_healed":0,"gold_gain":0,"player_choice":"Entered Light","damage_taken":23,"max_hp_gain":0,"max_hp_loss":0,"event_name":"Shining Light","floor":2,"gold_loss":0,"cards_upgraded":["Strike_R","Bash"]},{"damage_healed":25,"gold_gain":0,"player_choice":"Banana","damage_taken":0,"max_hp_gain":0,"max_hp_loss":0,"event_name":"Big Fish","floor":3,"gold_loss":0},{"cards_removed":["Strike_R"],"damage_healed":0,"gold_gain":0,"player_choice":"Card Removal","damage_taken":0,"max_hp_gain":0,"max_hp_loss":0,"event_name":"The Cleric","floor":5,"gold_loss":75}],"is_beta":false,"boss_relics":[],"items_purged_floors":[],"is_endless":false,"potions_floor_spawned":[4,7],"killed_by":"Hexaghost","ascension_level":20}