{"gold_per_floor":[111,111,167,167,179,209,221,221,247,269,281,320,342,365,377,462,474,505,517,540,572,247,280,280,305,329,349,349,26,54,68,68,146,146,160,171,46,64,64,64,64,90,90,101,120,140,159,170,170,170],"floor_reached":50,"playtime":2382,"items_purged":["Strike_G","Strike_G","Defend_G"],"score":1496,"play_id":"581cd38e-a37d-40a9-a7c1-d502d63abf01","local_time":"20190319020828","is_ascension_mode":true,"campfire_choices":[{"data":"Tools of the Trade","floor":8.0,"key":"SMITH"},{"data":"Neutralize","floor":15.0,"key":"SMITH"},{"data":"Night Terror","floor":24.0,"key":"SMITH"},{"data":"Flash of Steel","floor":32.0,"key":"SMITH"},{"data":"Adrenaline","floor":40.0,"key":"SMITH"},{"floor":49,"key":"REST"}],"neow_cost":"NONE","seed_source_timestamp":438220141748700,"circlet_count":0,"master_deck":["AscendersBane","Defend_G+1","Defend_G","Defend_G","Strike_G","Survivor+1","Neutralize+1","Adrenaline+1","Flying Knee","Tools of the Trade+1","Infinite Blades","Concentrate","Deflect","Night Terror+1","Ghostly","Ghostly","Ghostly","Flash of Steel+1","Terror+1","Outmaneuver+1","Blur","Adrenaline"],"special_seed":0,"relics":["Ring of the Snake","NeowsBlessing","Tiny Chest","Nunchaku","Unceasing Top","MawBank","Boot","Busted Crown","Pen Nib","Turnip","Ancient Tea Set","PreservedInsect","TheAbacus","War Paint","Empty Cage","Anchor","Centennial Puzzle"],"potions_floor_usage":[42,42,50,50],"damage_taken":[{"damage":0.0,"enemies":"Small Slimes","floor":1.0,"turns":1.0},{"damage":0.0,"enemies":"Jaw Worm","floor":5.0,"turns":1.0},{"damage":0.0,"enemies":"Lagavulin","floor":6.0,"turns":1.0},{"damage":0.0,"enemies":"2 Louse","floor":7.0,"turns":2.0},{"damage":8.0,"enemies":"Large Slime","floor":10.0,"turns":4.0},{"damage":0.0,"enemies":"3 Sentries","floor":12.0,"turns":6.0},{"damage":0.0,"enemies":"3 Louse","floor":13.0,"turns":2.0},{"damage":0.0,"enemies":"Exordium Thugs","floor":14.0,"turns":3.0},{"damage":35.0,"enemies":"Slime Boss","floor":16.0,"turns":11.0},{"damage":0.0,"enemies":"Spheric Guardian","floor":18.0,"turns":2.0},{"damage":7.0,"enemies":"Shell Parasite","floor":20.0,"turns":7.0},{"damage":0.0,"enemies":"Centurion and Healer","floor":21.0,"turns":6.0},{"damage":0.0,"enemies":"Book of Stabbing","floor":23.0,"turns":4.0},{"damage":0.0,"enemies":"Slavers","floor":25.0,"turns":5.0},{"damage":0.0,"enemies":"3 Cultists","floor":27.0,"turns":3.0},{"damage":0.0,"enemies":"Book of Stabbing","floor":30.0,"turns":3.0},{"damage":0.0,"enemies":"Snake Plant","floor":31.0,"turns":3.0},{"damage":0.0,"enemies":"Automaton","floor":33.0,"turns":8.0},{"damage":0.0,"enemies":"3 Darklings","floor":35.0,"turns":5.0},{"damage":0.0,"enemies":"Orb Walker","floor":36.0,"turns":5.0},{"damage":0.0,"enemies":"3 Darklings","floor":38.0,"turns":7.0},{"damage":23,"enemies":"Nemesis","floor":42,"turns":7},{"damage":0,"enemies":"Writhing Mass","floor":44,"turns":5},{"damage":0,"enemies":"Spire Growth","floor":45,"turns":2},{"damage":0,"enemies":"4 Shapes","floor":46,"turns":8},{"damage":0,"enemies":"Sphere and 2 Shapes","floor":47,"turns":8},{"damage":0,"enemies":"Spire Growth","floor":48,"turns":4},{"damage":35,"enemies":"Time Eater","floor":50,"turns":15}],"seed_played":"2168604145476379119","potions_obtained":[{"floor":1.0,"key":"Block Potion"},{"floor":10.0,"key":"LiquidBronze"},{"floor":16.0,"key":"Weak Potion"},{"floor":21.0,"key":"Fruit Juice"},{"floor":23.0,"key":"Energy Potion"},{"floor":27.0,"key":"EssenceOfSteel"},{"floor":36.0,"key":"AttackPotion"},{"floor":42,"key":"Swift Potion"},{"floor":44,"key":"Swift Potion"},{"floor":48,"key":"PowerPotion"}],"is_trial":false,"path_per_floor":["M","?","T","T","M","E","M","R","T","M","?","E","M","M","R","B",null,"M","?","M","M","$","E","R","E","T","M","?","$","E","M","R","B",null,"M","M","$","M","?","R","?","E","T","M","M","M","M","M","R","B"],"character_chosen":"THE_SILENT","items_purchased":["Flash of Steel","Pen Nib","TheAbacus"],"campfire_rested":1,"item_purchase_floors":[22,22,29],"current_hp_per_floor":[59,59,59,59,59,59,59,59,59,51,44,44,44,44,44,9,52,52,33,26,26,26,31,31,31,31,31,31,31,31,31,31,31,36,36,36,36,36,36,36,36,13,13,13,13,13,13,13,24,0],"gold":170,"neow_bonus":"THREE_ENEMY_KILL","is_prod":false,"is_daily":false,"chose_seed":false,"campfire_upgraded":5,"win_rate":0,"timestamp":1552928908,"path_taken":["M","?","?","?","M","E","M","R","T","M","?","E","M","M","R","BOSS","M","?","M","M","$","E","R","E","T","M","?","$","E","?","R","BOSS","M","M","$","M","?","R","?","E","T","?","M","?","M","M","R","BOSS"],"build_version":"2019-01-23","purchased_purges":3,"victory":false,"max_hp_per_floor":[66,66,66,66,66,66,66,66,66,66,66,66,66,66,66,66,66,66,33,33,33,33,38,38,38,38,38,38,38,38,38,38,38,38,38,38,38,38,38,38,38,38,38,38,38,38,38,38,38,38],"card_choices":[{"not_picked":["Crippling Poison","Acrobatics"],"picked":"Masterful Stab","floor":1.0},{"not_picked":["Eviscerate","Dodge and Roll"],"picked":"Flying Knee","floor":5.0},{"not_picked":["Backflip","Dagger Throw"],"picked":"Tools of the Trade","floor":6.0},{"not_picked":["Well Laid Plans","Dodge and Roll"],"picked":"Infinite Blades","floor":7.0},{"not_picked":["Dodge and Roll","Endless Agony"],"picked":"Concentrate","floor":10.0},{"not_picked":["Slice","Backflip"],"picked":"Masterful Stab","floor":12.0},{"not_picked":["Dagger Spray","Cloak And Dagger","Bane"],"picked":"SKIP","floor":13.0},{"not_picked":["Acrobatics","Outmaneuver"],"picked":"Deflect","floor":14.0},{"not_picked":["Bullet Time","Wraith Form v2"],"picked":"Night Terror","floor":16.0},{"not_picked":["All Out Attack+1"],"picked":"SKIP","floor":18.0},{"not_picked":["Dagger Throw"],"picked":"SKIP","floor":20.0},{"not_picked":["Caltrops"],"picked":"SKIP","floor":21.0},{"not_picked":["Caltrops"],"picked":"SKIP","floor":23.0},{"not_picked":["Caltrops"],"picked":"SKIP","floor":23.0},{"not_picked":[],"picked":"Terror","floor":25.0},{"not_picked":["PiercingWail"],"picked":"SKIP","floor":27.0},{"not_picked":["Slice+1"],"picked":"SKIP","floor":30.0},{"not_picked":["Underhanded Strike+1"],"picked":"SKIP","floor":31.0},{"not_picked":["Underhanded Strike+1"],"picked":"SKIP","floor":31.0},{"not_picked":[],"picked":"Outmaneuver+1","floor":35.0},{"not_picked":[],"picked":"Blur","floor":36.0},{"not_picked":["Leg Sweep"],"picked":"SKIP","floor":38.0},{"not_picked":["Prepared"],"picked":"SKIP","floor":42},{"not_picked":["Sucker Punch"],"picked":"SKIP","floor":44},{"not_picked":["Backflip"],"picked":"SKIP","floor":45},{"not_picked":["Blade Dance+1"],"picked":"SKIP","floor":46},{"not_picked":["Crippling Poison"],"picked":"SKIP","floor":47},{"not_picked":["Deflect"],"picked":"SKIP","floor":48}],"player_experience":4566143,"relics_obtained":[{"floor":3.0,"key":"Tiny Chest"},{"floor":4.0,"key":"Nunchaku"},{"floor":6.0,"key":"Unceasing Top"},{"floor":9.0,"key":"MawBank"},{"floor":12.0,"key":"Boot"},{"floor":23.0,"key":"Turnip"},{"floor":25.0,"key":"Ancient Tea Set"},{"floor":26.0,"key":"PreservedInsect"},{"floor":30.0,"key":"War Paint"},{"floor":42,"key":"Anchor"},{"floor":43,"key":"Centennial Puzzle"}],"event_choices":[{"damage_healed":0.0,"max_hp_gain":0.0,"max_hp_loss":0.0,"gold_gain":0.0,"cards_transformed":["Defend_G"],"event_name":"Living Wall","player_choice":"Change","floor":2.0,"gold_loss":0.0,"damage_taken":0.0,"cards_obtained":["Adrenaline"]},{"cards_removed":["Strike_G"],"damage_healed":0.0,"max_hp_gain":0.0,"max_hp_loss":0.0,"gold_gain":0.0,"event_name":"Golden Wing","player_choice":"Card Removal","floor":11.0,"gold_loss":0.0,"damage_taken":7.0},{"damage_healed":0.0,"max_hp_gain":0.0,"max_hp_loss":33.0,"gold_gain":0.0,"event_name":"Ghosts","player_choice":"Became a Ghost","floor":19.0,"gold_loss":0.0,"damage_taken":0.0,"cards_obtained":["Ghostly","Ghostly","Ghostly"]},{"damage_healed":0.0,"max_hp_gain":0.0,"max_hp_loss":0.0,"gold_gain":0.0,"event_name":"Accursed Blacksmith","player_choice":"Forge","floor":28.0,"gold_loss":0.0,"damage_taken":0.0,"cards_upgraded":["Terror"]},{"cards_removed":["Strike_G"],"damage_healed":0.0,"max_hp_gain":0.0,"max_hp_loss":0.0,"gold_gain":0.0,"event_name":"Falling","player_choice":"Removed Attack","floor":39.0,"gold_loss":0.0,"damage_taken":0.0},{"damage_healed":0.0,"max_hp_gain":0.0,"max_hp_loss":0.0,"gold_gain":0.0,"event_name":"Match and Keep!","player_choice":"1 cards matched","floor":41.0,"gold_loss":0.0,"damage_taken":0.0,"cards_obtained":["Adrenaline"]}],"is_beta":false,"boss_relics":[{"not_picked":["Philosopher\u0027s Stone","Sozu"],"picked":"Busted Crown"},{"not_picked":["Snecko Eye","Tiny House"],"picked":"Empty Cage"}],"items_purged_floors":[22,29,37],"is_endless":false,"potions_floor_spawned":[1,10,12,16,20,21,23,27,36,42,44,48],"killed_by":"Time Eater","ascension_level":20}