{"gold_per_floor":[119,130,147,158,55,80,80,80,80,99,117,117,117,144,144,219,219,231,181,181,191,39,39,64,78,78,91,102,102,127,42,42,116,116,131,231,231,244,194,194,144,163,163,191,203,203,99,129,129,129,129],"floor_reached":52,"playtime":2702,"items_purged":["Strike_B","Defend_B","Defend_B","Hyperbeam","Strike_B","Zap"],"score":2005,"play_id":"5b57fa3d-7686-45e0-8f60-19548e420820","local_time":"20190217034133","is_ascension_mode":true,"campfire_choices":[{"floor":8.0,"key":"REST"},{"data":"Defragment","floor":12.0,"key":"SMITH"},{"data":"Recycle","floor":15.0,"key":"SMITH"},{"data":"Bandage Up","floor":23.0,"key":"SMITH"},{"data":"Skim","floor":32.0,"key":"SMITH"},{"data":"Capacitor","floor":40,"key":"SMITH"},{"data":"Conserve Battery","floor":46,"key":"SMITH"},{"data":"Conserve Battery","floor":49,"key":"SMITH"}],"neow_cost":"NONE","seed_source_timestamp":218729510529100,"circlet_count":0,"master_deck":["AscendersBane","Dualcast","Ball Lightning","Ball Lightning","Defragment+1","Capacitor+1","Conserve Battery+1","Cold Snap","Cold Snap","Conserve Battery+1","Recycle+1","Electrodynamics","Go for the Eyes","Bandage Up+1","FTL","Skim+1","Hologram","Fission","Undo","Capacitor+1","Gash","Force Field+1"],"special_seed":0,"relics":["Cracked Core","Smiling Mask","Unceasing Top","Coffee Dripper","Art of War","Symbiotic Virus","Red Mask","Happy Flower","Nuclear Battery","Incense Burner","Shuriken","Cables","FossilizedHelix"],"potions_floor_usage":[33,50,51],"damage_taken":[{"damage":14.0,"enemies":"Jaw Worm","floor":1.0,"turns":4.0},{"damage":1.0,"enemies":"Cultist","floor":2.0,"turns":3.0},{"damage":3.0,"enemies":"2 Louse","floor":3.0,"turns":3.0},{"damage":12.0,"enemies":"Looter","floor":4.0,"turns":3.0},{"damage":38.0,"enemies":"3 Sentries","floor":6.0,"turns":6.0},{"damage":8.0,"enemies":"Red Slaver","floor":10.0,"turns":3.0},{"damage":1.0,"enemies":"Gremlin Gang","floor":11.0,"turns":3.0},{"damage":9.0,"enemies":"Lagavulin","floor":14.0,"turns":7.0},{"damage":3.0,"enemies":"Hexaghost","floor":16.0,"turns":9.0},{"damage":17.0,"enemies":"2 Thieves","floor":18.0,"turns":3.0},{"damage":0.0,"enemies":"3 Byrds","floor":21.0,"turns":2.0},{"damage":32.0,"enemies":"Gremlin Leader","floor":24.0,"turns":6.0},{"damage":12.0,"enemies":"Centurion and Healer","floor":25.0,"turns":7.0},{"damage":38.0,"enemies":"Snecko","floor":27.0,"turns":6.0},{"damage":0.0,"enemies":"3 Cultists","floor":28.0,"turns":3.0},{"damage":1.0,"enemies":"Masked Bandits","floor":30.0,"turns":2.0},{"damage":2,"enemies":"Champ","floor":33,"turns":16},{"damage":10,"enemies":"3 Darklings","floor":35,"turns":3},{"damage":0,"enemies":"Mind Bloom Boss Battle","floor":36,"turns":4},{"damage":0,"enemies":"3 Shapes","floor":38,"turns":1},{"damage":15,"enemies":"Spire Growth","floor":42,"turns":6},{"damage":18,"enemies":"Reptomancer","floor":44,"turns":6},{"damage":0,"enemies":"Maw","floor":45,"turns":6},{"damage":0,"enemies":"Giant Head","floor":48,"turns":6},{"damage":0,"enemies":"Time Eater","floor":50,"turns":16},{"damage":14,"enemies":"Awakened One","floor":51,"turns":10}],"seed_played":"-5577738518853571252","potions_obtained":[{"floor":1.0,"key":"Regen Potion"},{"floor":4.0,"key":"FairyPotion"},{"floor":6.0,"key":"AttackPotion"},{"floor":24.0,"key":"Poison Potion"},{"floor":27.0,"key":"Weak Potion"},{"floor":35,"key":"Block Potion"}],"is_trial":false,"path_per_floor":["M","M","M","M","$","E","?","R","T","M","M","R","?","E","R","B",null,"M","$","?","M","$","R","E","M","T","M","M","?","?","?","R","B",null,"M","?","?","M","$","R","$","M","T","E","M","R","$","E","R","B","B",null],"character_chosen":"DEFECT","items_purchased":["Conserve Battery","Bandage Up","PowerPotion"],"campfire_rested":1,"item_purchase_floors":[5,22,47],"current_hp_per_floor":[57,56,53,41,41,18,18,41,41,33,32,32,37,28,28,25,69,52,52,52,52,52,52,26,20,20,8,14,14,13,13,13,17,67,63,69,69,69,69,69,69,60,60,48,54,54,54,60,60,66,58],"gold":129,"neow_bonus":"TEN_PERCENT_HP_BONUS","is_prod":false,"is_daily":false,"chose_seed":false,"campfire_upgraded":7,"win_rate":0,"timestamp":1550342493,"path_taken":["M","M","M","M","$","E","?","R","T","?","M","R","?","E","R","BOSS","M","$","?","?","$","R","E","?","T","M","?","?","?","?","R","BOSS","M","?","?","M","?","R","$","M","T","E","M","R","$","E","R","BOSS","BOSS"],"build_version":"2019-01-23","purchased_purges":6,"victory":true,"max_hp_per_floor":[78,78,78,78,78,78,78,78,78,78,78,78,83,83,83,83,83,83,83,83,83,83,83,83,83,83,83,83,83,83,83,83,83,83,83,83,83,83,83,83,83,83,83,83,83,83,83,83,83,83,83],"card_choices":[{"not_picked":["Compile Driver","Loop"],"picked":"Ball Lightning","floor":1.0},{"not_picked":["Rebound","Defragment"],"picked":"Ball Lightning","floor":2.0},{"not_picked":["Barrage","Gash"],"picked":"Defragment","floor":3.0},{"not_picked":["Conserve Battery","Hologram"],"picked":"Capacitor","floor":4.0},{"not_picked":["Defragment","Static Discharge"],"picked":"Cold Snap","floor":6.0},{"not_picked":["Recycle","Ball Lightning"],"picked":"Cold Snap","floor":10.0},{"not_picked":["Compile Driver","FTL"],"picked":"Conserve Battery","floor":11.0},{"not_picked":["Loop","Go for the Eyes"],"picked":"Recycle","floor":14.0},{"not_picked":["Core Surge","Machine Learning"],"picked":"Electrodynamics","floor":16.0},{"not_picked":["Compile Driver","Barrage"],"picked":"Go for the Eyes","floor":18.0},{"not_picked":["Blizzard","Ball Lightning","Tempest"],"picked":"SKIP","floor":21.0},{"not_picked":["Rebound","Sweeping Beam"],"picked":"FTL","floor":24.0},{"not_picked":["Gash","Redo","Hello World+1"],"picked":"SKIP","floor":25.0},{"not_picked":["Redo","Darkness","Doom and Gloom"],"picked":"SKIP","floor":27.0},{"not_picked":["FTL","Glacier+1"],"picked":"Skim","floor":28.0},{"not_picked":["Streamline","Blizzard"],"picked":"Hologram","floor":30.0},{"not_picked":["Thunder Strike","Machine Learning"],"picked":"Fission","floor":33},{"not_picked":["Cold Snap","Sweeping Beam","Hologram"],"picked":"SKIP","floor":35},{"not_picked":["Coolheaded","Ball Lightning"],"picked":"Undo","floor":36},{"not_picked":["Blizzard+1","Glacier"],"picked":"Capacitor+1","floor":38},{"not_picked":["Capacitor+1","Leap","Recycle+1"],"picked":"SKIP","floor":42},{"not_picked":["Tempest+1","Redo+1"],"picked":"Gash","floor":44},{"not_picked":["Sweeping Beam","Barrage"],"picked":"Force Field+1","floor":45},{"not_picked":["Ball Lightning","Buffer","Hello World+1"],"picked":"SKIP","floor":48}],"player_experience":4315968,"relics_obtained":[{"floor":6.0,"key":"Smiling Mask"},{"floor":14.0,"key":"Unceasing Top"},{"floor":24.0,"key":"Art of War"},{"floor":26.0,"key":"Symbiotic Virus"},{"floor":30.0,"key":"Red Mask"},{"floor":36,"key":"Incense Burner"},{"floor":43,"key":"Shuriken"},{"floor":44,"key":"Cables"},{"floor":48,"key":"FossilizedHelix"}],"event_choices":[{"damage_healed":0.0,"max_hp_gain":0.0,"max_hp_loss":0.0,"gold_gain":0.0,"cards_transformed":["Strike_B"],"event_name":"Transmorgrifier","player_choice":"Transformed","floor":7.0,"gold_loss":0.0,"damage_taken":0.0,"cards_obtained":["Hyperbeam"]},{"damage_healed":0.0,"max_hp_gain":5.0,"max_hp_loss":0.0,"gold_gain":0.0,"event_name":"Big Fish","player_choice":"Donut","floor":13.0,"gold_loss":0.0,"damage_taken":0.0},{"cards_removed":["Strike_B"],"damage_healed":0.0,"max_hp_gain":0.0,"max_hp_loss":0.0,"gold_gain":0.0,"event_name":"Purifier","player_choice":"Purged","floor":20.0,"gold_loss":0.0,"damage_taken":0.0},{"cards_removed":["Defend_B"],"damage_healed":0.0,"max_hp_gain":0.0,"max_hp_loss":0.0,"gold_gain":0.0,"event_name":"Back to Basics","player_choice":"Elegance","floor":29.0,"gold_loss":0.0,"damage_taken":0.0},{"damage_healed":0.0,"max_hp_gain":0.0,"max_hp_loss":0.0,"gold_gain":0.0,"event_name":"Masked Bandits","player_choice":"Fought Bandits","floor":30.0,"gold_loss":0.0,"damage_taken":0.0},{"damage_healed":0.0,"max_hp_gain":0.0,"max_hp_loss":0.0,"gold_gain":0.0,"event_name":"Addict","player_choice":"Obtained Relic","floor":31.0,"gold_loss":85.0,"damage_taken":0.0,"relics_obtained":["Happy Flower"]},{"damage_healed":0,"gold_gain":0,"player_choice":"Fight","damage_taken":0,"max_hp_gain":0,"max_hp_loss":0,"event_name":"MindBloom","floor":36,"gold_loss":0},{"cards_removed":["Defend_B"],"damage_healed":0,"gold_gain":0,"player_choice":"Removed Skill","damage_taken":0,"max_hp_gain":0,"max_hp_loss":0,"event_name":"Falling","floor":37,"gold_loss":0}],"is_beta":false,"boss_relics":[{"not_picked":["Runic Dome","Calling Bell"],"picked":"Coffee Dripper"},{"not_picked":["FrozenCore","Fusion Hammer"],"picked":"Nuclear Battery"}],"items_purged_floors":[5,19,22,39,41,47],"is_endless":false,"potions_floor_spawned":[1,4,6,10,24,25,27,35,45],"ascension_level":20}