{"gold_per_floor":[111,131,141,141,154,154,185,185,210,239,239,239,249,261,261,338,338,354,373,388,388],"floor_reached":21,"playtime":915,"items_purged":[],"score":386,"play_id":"e60fabfc-2cbf-49fa-bc86-84b46afcf632","local_time":"20190303010137","is_ascension_mode":true,"campfire_choices":[{"data":"Bouncing Flask","floor":6,"key":"SMITH"},{"data":"After Image","floor":8,"key":"SMITH"},{"data":"Caltrops","floor":12,"key":"SMITH"},{"data":"Tactician","floor":15,"key":"SMITH"}],"neow_cost":"NONE","seed_source_timestamp":1420864767126300,"circlet_count":0,"master_deck":["AscendersBane","Survivor","Neutralize","Poisoned Stab","Deadly Poison","Bouncing Flask+1","Sucker Punch","Sucker Punch","After Image+1","Caltrops+1","Tactician+1","Acrobatics","Malaise","Masterful Stab","Infinite Blades","Sucker Punch","Catalyst","Choke","A Thousand Cuts","Unload","Distraction","Venomology","Blade Dance+1","Accuracy"],"relics":["Ring of the Snake","Regal Pillow","Centennial Puzzle","PreservedInsect","Pandora\u0027s Box"],"potions_floor_usage":[7,7,10,19,20,20,21,21],"damage_taken":[{"damage":1,"enemies":"Cultist","floor":1,"turns":4},{"damage":1,"enemies":"Small Slimes","floor":2,"turns":4},{"damage":4,"enemies":"Jaw Worm","floor":3,"turns":4},{"damage":6,"enemies":"Looter","floor":5,"turns":4},{"damage":8,"enemies":"Gremlin Nob","floor":7,"turns":3},{"damage":4,"enemies":"3 Sentries","floor":10,"turns":10},{"damage":19,"enemies":"Large Slime","floor":13,"turns":8},{"damage":3,"enemies":"Blue Slaver","floor":14,"turns":4},{"damage":5,"enemies":"Hexaghost","floor":16,"turns":7},{"damage":11,"enemies":"Spheric Guardian","floor":18,"turns":3},{"damage":19,"enemies":"2 Thieves","floor":19,"turns":4},{"damage":14,"enemies":"Centurion and Healer","floor":20,"turns":7},{"damage":17,"enemies":"Shelled Parasite and Fungi","floor":21,"turns":3}],"seed_played":"6516026983663656806","potions_obtained":[{"floor":2,"key":"SneckoOil"},{"floor":5,"key":"Regen Potion"},{"floor":7,"key":"EssenceOfSteel"},{"floor":14,"key":"PowerPotion"},{"floor":20,"key":"Energy Potion"}],"is_trial":false,"path_per_floor":["M","M","M","?","M","R","E","R","T","E","?","R","M","M","R","B",null,"M","M","M","M"],"character_chosen":"THE_SILENT","items_purchased":[],"campfire_rested":0,"item_purchase_floors":[],"current_hp_per_floor":[58,57,53,58,52,52,56,56,56,52,45,45,26,23,23,18,58,47,28,14,0],"gold":388,"neow_bonus":"THREE_CARDS","is_prod":false,"is_daily":false,"chose_seed":false,"campfire_upgraded":4,"win_rate":0,"timestamp":1551542497,"path_taken":["M","M","M","?","M","R","E","R","T","E","?","R","M","M","R","BOSS","M","M","M","M"],"build_version":"2019-01-23","purchased_purges":0,"victory":false,"max_hp_per_floor":[66,66,66,71,71,71,71,71,71,71,71,71,71,71,71,71,71,71,71,71,71],"card_choices":[{"not_picked":["Acrobatics","Bouncing Flask"],"picked":"Poisoned Stab","floor":0},{"not_picked":["Underhanded Strike","Deflect"],"picked":"Deadly Poison","floor":1},{"not_picked":["Outmaneuver","Predator"],"picked":"Bouncing Flask","floor":2},{"not_picked":["Deflect","Quick Slash"],"picked":"Sucker Punch","floor":3},{"not_picked":["Reflex","Setup"],"picked":"Sucker Punch","floor":5},{"not_picked":["Calculated Gamble","Noxious Fumes"],"picked":"After Image","floor":7},{"not_picked":["Outmaneuver","Underhanded Strike"],"picked":"Caltrops","floor":10},{"not_picked":["Sucker Punch","Reflex"],"picked":"Tactician","floor":13},{"not_picked":["Flying Knee","Leg Sweep"],"picked":"Acrobatics","floor":14},{"not_picked":["Tools of the Trade","Adrenaline"],"picked":"Malaise","floor":16},{"not_picked":["Poisoned Stab+1","Underhanded Strike"],"picked":"Blade Dance+1","floor":18},{"not_picked":["Flying Knee+1","Poisoned Stab+1","Acrobatics"],"picked":"SKIP","floor":19},{"not_picked":["Prepared","Sucker Punch"],"picked":"Accuracy","floor":20}],"player_experience":4452460,"relics_obtained":[{"floor":7,"key":"Regal Pillow"},{"floor":9,"key":"Centennial Puzzle"},{"floor":10,"key":"PreservedInsect"}],"event_choices":[{"damage_healed":0,"gold_gain":0,"player_choice":"Donut","damage_taken":0,"max_hp_gain":5,"max_hp_loss":0,"event_name":"Big Fish","floor":4,"gold_loss":0},{"cards_removed":["Strike_G"],"damage_healed":0,"gold_gain":0,"player_choice":"Card Removal","damage_taken":7,"max_hp_gain":0,"max_hp_loss":0,"event_name":"Golden Wing","floor":11,"gold_loss":0}],"is_beta":false,"boss_relics":[{"not_picked":["Busted Crown","Cursed Key"],"picked":"Pandora\u0027s Box"}],"items_purged_floors":[],"is_endless":false,"potions_floor_spawned":[2,5,7,14,20],"killed_by":"Shelled Parasite and Fungi","ascension_level":20}