{"gold_per_floor":[12,25,44,57,69,94,114,146,201,214,231,74,74,74,74,200,200,219,144,158,58,79,79,79,79,134,165,190,203,216,259,259,389,389,412,81,0,16,29,63,81,125,150,181,200,234,234,534,534,534,534,534,74,108,108],"floor_reached":56,"playtime":2126,"items_purged":["Defend_B","Defend_B","Defend_B","Defend_B"],"score":2147,"play_id":"e1125507-f11c-40eb-a09e-bd99d43efab4","local_time":"20190119024818","is_ascension_mode":true,"campfire_choices":[{"floor":15.0,"key":"REST"},{"data":"Skim","floor":23.0,"key":"SMITH"},{"data":"Genetic Algorithm","floor":25.0,"key":"SMITH"},{"data":"Steam Power","floor":32.0,"key":"SMITH"},{"floor":47.0,"key":"RECALL"},{"data":"Clawfect:ClawCell","floor":49.0,"key":"SMITH"},{"floor":52.0,"key":"REST"}],"neow_cost":"NO_GOLD","seed_source_timestamp":721907934655831,"circlet_count":0,"master_deck":["AscendersBane","Gash","Gash","Gash","Gash","Gash","Defend_B+1","Chill+1","Madness","Clawfect:ClawCell+1","Leap","Skim+1","Clawfect:ClawForOne","Genetic Algorithm+1","Flash of Steel+1","Clawfect:ClawForOne+1","Turbo+1","Steam Power+1","Machine Learning","Genetic Algorithm+1","Clawfect:ClawSnap","Defragment+1"],"special_seed":0,"relics":["Clawfect:DRClaw","Orichalcum","Bag of Preparation","Strawberry","Centennial Puzzle","Golden Idol","Nuclear Battery","PreservedInsect","Bronze Scales","Bottled Lightning","Black Star","DollysMirror","Red Mask","Vajra","Frozen Egg 2","Regal Pillow","Dream Catcher","War Paint","The Courier","Old Coin","Ice Cream","Lantern","Whetstone"],"potions_floor_usage":[55,55,55],"damage_taken":[{"damage":4.0,"enemies":"Cultist","floor":1.0,"turns":5.0},{"damage":0.0,"enemies":"2 Louse","floor":2.0,"turns":4.0},{"damage":2.0,"enemies":"Jaw Worm","floor":3.0,"turns":4.0},{"damage":7.0,"enemies":"Lots of Slimes","floor":4.0,"turns":6.0},{"damage":9.0,"enemies":"Looter","floor":5.0,"turns":4.0},{"damage":10.0,"enemies":"3 Sentries","floor":6.0,"turns":8.0},{"damage":7.0,"enemies":"Exordium Thugs","floor":7.0,"turns":4.0},{"damage":8.0,"enemies":"Gremlin Nob","floor":8.0,"turns":4.0},{"damage":5.0,"enemies":"Blue Slaver","floor":10.0,"turns":2.0},{"damage":10.0,"enemies":"Large Slime","floor":11.0,"turns":5.0},{"damage":19.0,"enemies":"The Guardian","floor":16.0,"turns":6.0},{"damage":0.0,"enemies":"3 Byrds","floor":18.0,"turns":4.0},{"damage":3.0,"enemies":"Shell Parasite","floor":20.0,"turns":2.0},{"damage":0.0,"enemies":"Sentry and Sphere","floor":22.0,"turns":3.0},{"damage":0.0,"enemies":"Gremlin Leader","floor":27.0,"turns":2.0},{"damage":3.0,"enemies":"Shelled Parasite and Fungi","floor":28.0,"turns":3.0},{"damage":0.0,"enemies":"3 Cultists","floor":29.0,"turns":2.0},{"damage":0.0,"enemies":"Cultist and Chosen","floor":30.0,"turns":2.0},{"damage":24.0,"enemies":"Slavers","floor":31.0,"turns":2.0},{"damage":0.0,"enemies":"Automaton","floor":33.0,"turns":2.0},{"damage":0.0,"enemies":"3 Darklings","floor":35.0,"turns":2.0},{"damage":0.0,"enemies":"3 Shapes","floor":38.0,"turns":2.0},{"damage":0.0,"enemies":"Jaw Worm Horde","floor":39.0,"turns":2.0},{"damage":6.0,"enemies":"Giant Head","floor":40.0,"turns":4.0},{"damage":0.0,"enemies":"4 Shapes","floor":41.0,"turns":1.0},{"damage":0.0,"enemies":"Reptomancer","floor":42.0,"turns":1.0},{"damage":0.0,"enemies":"Nemesis","floor":44.0,"turns":3.0},{"damage":0.0,"enemies":"Transient","floor":45.0,"turns":4.0},{"damage":0.0,"enemies":"Reptomancer","floor":46.0,"turns":1.0},{"damage":45.0,"enemies":"Time Eater","floor":50.0,"turns":5.0},{"damage":0.0,"enemies":"Shield and Spear","floor":54.0,"turns":2.0},{"damage":74,"enemies":"The Heart","floor":55,"turns":3}],"seed_played":"-2690837619216466519","potions_obtained":[{"floor":3.0,"key":"PowerPotion"},{"floor":4.0,"key":"Dexterity Potion"},{"floor":5.0,"key":"Energy Potion"},{"floor":7.0,"key":"EntropicBrew"},{"floor":16.0,"key":"Energy Potion"},{"floor":20.0,"key":"PowerPotion"},{"floor":31.0,"key":"GamblersBrew"},{"floor":42.0,"key":"Energy Potion"}],"is_trial":false,"path_per_floor":["M","M","M","M","M","E","M","E","T","M","M","$","?","?","R","B",null,"M","$","M","$","M","R","?","R","T","E","M","M","M","E","R","B",null,"M","$","?","M","M","E","M","E","T","E","M","E","R","T","R","B",null,"R","$","E","B",null],"character_chosen":"DEFECT","items_purchased":["Centennial Puzzle","DollysMirror","Swift Potion","Block Potion","Ice Cream","Clawfect:ClawSnap"],"campfire_rested":2,"item_purchase_floors":[12,36,53,53,53,53],"current_hp_per_floor":[78,78,76,69,60,50,43,35,42,37,27,27,27,27,53,34,75,75,75,72,72,72,72,72,72,72,72,69,69,69,45,45,45,78,78,78,78,78,78,72,72,72,72,72,72,72,72,72,72,27,74,89,89,89,15],"gold":108,"neow_bonus":"TWENTY_PERCENT_HP_BONUS","is_prod":false,"is_daily":false,"chose_seed":false,"campfire_upgraded":4,"win_rate":0,"timestamp":1547833698,"path_taken":["M","M","M","?","M","E","M","E","T","M","M","$","?","?","R","BOSS","M","?","M","$","?","R","?","R","T","E","M","M","M","E","R","BOSS","M","$","?","M","M","E","M","E","T","E","M","E","R","?","R","BOSS","R","$","E","BOSS"],"build_version":"2019-01-17v2","purchased_purges":4,"victory":true,"max_hp_per_floor":[89,89,89,89,89,89,89,89,96,96,96,96,89,89,89,89,89,89,89,89,89,89,89,89,89,89,89,89,89,89,89,89,89,89,89,89,89,89,89,89,89,89,89,89,89,89,89,89,89,89,89,89,89,89,89],"card_choices":[{"not_picked":["Rebound","Stack","Clawfect:Clawline"],"picked":"SKIP","floor":1.0},{"not_picked":["Blizzard","Heatsinks"],"picked":"Chill","floor":2.0},{"not_picked":["Storm","Clawfect:Clawline"],"picked":"FTL","floor":3.0},{"not_picked":["Rebound","Clawfect:ClawAndTear"],"picked":"Clawfect:ClawCell","floor":4.0},{"not_picked":["Clawfect:ClawLightning","Rebound"],"picked":"Leap","floor":5.0},{"not_picked":["Undo","Clawfect:ClawCell"],"picked":"Skim","floor":6.0},{"not_picked":["Clawfect:Clawter","Clawfect:ClawpileDriver"],"picked":"Clawfect:ClawForOne","floor":7.0},{"not_picked":["Double Energy","BootSequence","Hologram"],"picked":"SKIP","floor":8.0},{"not_picked":["Clawfect:ClawingBeam","Leap","FTL"],"picked":"SKIP","floor":10.0},{"not_picked":["FTL","Redo"],"picked":"Genetic Algorithm","floor":11.0},{"not_picked":["Multi-Cast","Amplify"],"picked":"Clawfect:ClawForOne","floor":16.0},{"not_picked":["Coolheaded+1","Clawfect:ClawForTheEyes"],"picked":"Turbo+1","floor":18.0},{"not_picked":["Clawfect:ClawSnap","Turbo","Stack+1"],"picked":"SKIP","floor":20.0},{"not_picked":["Leap","Clawfect:ClawpileDriver","Force Field"],"picked":"SKIP","floor":22.0},{"not_picked":["Clawfect:ClawAndTear+1","Double Energy","Reprogram"],"picked":"SKIP","floor":27.0},{"not_picked":["Clawfect:ScrapingClaw","Clawfect:ClawCell","Fission"],"picked":"SKIP","floor":28.0},{"not_picked":["Clawfect:Clawter+1","Skim"],"picked":"Steam Power","floor":29.0},{"not_picked":["Fusion","FTL","Clawfect:ClawForTheEyes"],"picked":"SKIP","floor":30.0},{"not_picked":["Clawfect:ClawForTheEyes","Skim","FTL+1"],"picked":"SKIP","floor":31.0},{"not_picked":["Core Surge","Rainbow"],"picked":"Machine Learning","floor":33.0},{"not_picked":["Loop","Auto Shields+1","Skim"],"picked":"SKIP","floor":35.0},{"not_picked":["Conserve Battery","Hello World","Turbo+1"],"picked":"SKIP","floor":38.0},{"not_picked":["Conserve Battery","Hello World","Turbo+1"],"picked":"SKIP","floor":38.0},{"not_picked":["Redo+1","Rebound","Clawfect:Clawrage"],"picked":"SKIP","floor":39.0},{"not_picked":["Clawfect:Clawrage+1","Steam","Chaos"],"picked":"SKIP","floor":40.0},{"not_picked":["Clawfect:ScrapingClaw+1","Turbo+1","Blizzard"],"picked":"SKIP","floor":41.0},{"not_picked":["Hello World+1","Buffer+1","Auto Shields+1"],"picked":"SKIP","floor":42.0},{"not_picked":["Hello World+1","Buffer+1","Auto Shields+1"],"picked":"SKIP","floor":42.0},{"not_picked":["Fusion","White Noise","Tempest+1"],"picked":"SKIP","floor":44.0},{"not_picked":["Clawfect:ClawAndTear","Clawfect:Clawline+1","Hello World+1"],"picked":"SKIP","floor":45.0},{"not_picked":["Clawfect:ClawSnap+1","Clawfect:Clawter+1","Clawfect:ScrapingClaw"],"picked":"SKIP","floor":46.0},{"not_picked":["Reboot","Consume+1"],"picked":"Defragment+1","floor":54.0}],"player_experience":4154622,"relics_obtained":[{"floor":6.0,"key":"Orichalcum"},{"floor":8.0,"key":"Bag of Preparation"},{"floor":9.0,"key":"Strawberry"},{"floor":26.0,"key":"PreservedInsect"},{"floor":27.0,"key":"Bronze Scales"},{"floor":31.0,"key":"Bottled Lightning"},{"floor":40.0,"key":"Vajra"},{"floor":40.0,"key":"Frozen Egg 2"},{"floor":42.0,"key":"Regal Pillow"},{"floor":42.0,"key":"Dream Catcher"},{"floor":44.0,"key":"War Paint"},{"floor":46.0,"key":"The Courier"},{"floor":48.0,"key":"Old Coin"},{"floor":54.0,"key":"Lantern"},{"floor":54.0,"key":"Whetstone"}],"event_choices":[{"damage_healed":0.0,"max_hp_gain":0.0,"max_hp_loss":7.0,"gold_gain":0.0,"event_name":"Golden Idol","player_choice":"Lose Max HP","floor":13.0,"gold_loss":0.0,"damage_taken":0.0,"relics_obtained":["Golden Idol"]},{"damage_healed":0.0,"max_hp_gain":0.0,"max_hp_loss":0.0,"gold_gain":0.0,"event_name":"Match and Keep!","player_choice":"1 cards matched","floor":14.0,"gold_loss":0.0,"damage_taken":0.0,"cards_obtained":["Flash of Steel"]},{"damage_healed":0.0,"max_hp_gain":0.0,"max_hp_loss":0.0,"gold_gain":0.0,"event_name":"Ghosts","player_choice":"Ignored","floor":24.0,"gold_loss":0.0,"damage_taken":0.0},{"damage_healed":0.0,"max_hp_gain":0.0,"max_hp_loss":0.0,"gold_gain":0.0,"event_name":"Tomb of Lord Red Mask","player_choice":"Paid","floor":37.0,"gold_loss":81.0,"damage_taken":0.0,"relics_obtained":["Red Mask"]}],"is_beta":false,"boss_relics":[{"not_picked":["Ectoplasm","Astrolabe"],"picked":"Nuclear Battery"},{"not_picked":["Philosopher\u0027s Stone","Cursed Key"],"picked":"Black Star"}],"items_purged_floors":[19,21,36,53],"is_endless":false,"potions_floor_spawned":[3,4,5,7,16,20,22,29,31,42,45,46],"ascension_level":10}