{"gold_per_floor":[110,110,110,285,118,152,177,189,216,216,29,47,47,47,65,65,256,256,274,199,298,298,423,423,289,289,367,367,41,59,100,100,113,113,297,297,320,320,320,320,320,320,320,13,13,13,138,152,427,463,531,531,531,531,531,19,63,63],"floor_reached":59,"playtime":2578,"items_purged":["Doubt","Flying Knee","Poisoned Stab","Pain","Dagger Throw"],"score":912,"play_id":"9a9cb835-5e81-48ca-b60d-81f284cbd949","local_time":"20190223031710","is_ascension_mode":true,"campfire_choices":[{"data":"Acrobatics","floor":14,"key":"SMITH"},{"data":"Blade Dance","floor":16,"key":"SMITH"},{"data":"Envenom","floor":24,"key":"SMITH"},{"data":"Reflex","floor":26,"key":"SMITH"},{"data":"Well Laid Plans","floor":34,"key":"SMITH"},{"floor":42,"key":"RECALL"},{"data":"Catalyst","floor":52,"key":"SMITH"},{"data":"After Image","floor":55,"key":"SMITH"}],"neow_cost":"NONE","seed_source_timestamp":736113592148300,"circlet_count":0,"master_deck":["Blade Dance+1","Terror","PiercingWail","Backflip","PiercingWail","Acrobatics+1","All Out Attack+1","Blade Dance+1","Cloak And Dagger+1","After Image+1","Master of Strategy","After Image","Envenom+1","Blade Dance+1","Well Laid Plans+1","Expertise","Reflex+1","Flying Knee+1","Night Terror","Catalyst+1","Storm of Steel","Normality","Normality","Blade Dance+1","Jack Of All Trades","Decay","Choke+1","Catalyst+1","Regret","Night Terror","Riddle With Holes","Riddle With Holes+1"],"relics":["HoveringKite","Juzu Bracelet","PreservedInsect","Odd Mushroom","Snake Skull","Golden Idol","WristBlade","Unceasing Top","Shuriken","Vajra","Bronze Scales","Lantern","Calling Bell","Darkstone Periapt","Anchor","Ice Cream","Ninja Scroll","Du-Vu Doll","Tough Bandages","Sundial","Thread and Needle","Blue Candle","TheAbacus","Orichalcum"],"potions_floor_usage":[17,23,23,35,47,58,58],"damage_taken":[{"damage":0,"enemies":"2 Louse","floor":1,"turns":1},{"damage":2,"enemies":"3 Sentries","floor":6,"turns":3},{"damage":0,"enemies":"The Mushroom Lair","floor":7,"turns":3},{"damage":0,"enemies":"Small Slimes","floor":8,"turns":1},{"damage":0,"enemies":"Jaw Worm","floor":12,"turns":2},{"damage":0,"enemies":"2 Fungi Beasts","floor":15,"turns":1},{"damage":0,"enemies":"Slime Boss","floor":17,"turns":4},{"damage":0,"enemies":"3 Byrds","floor":19,"turns":3},{"damage":0,"enemies":"Colosseum Slavers","floor":23,"turns":3},{"damage":1,"enemies":"Colosseum Nobs","floor":23,"turns":3},{"damage":0,"enemies":"2 Thieves","floor":30,"turns":2},{"damage":0,"enemies":"Gremlin Leader","floor":31,"turns":3},{"damage":0,"enemies":"Snake Plant","floor":33,"turns":2},{"damage":21,"enemies":"Collector","floor":35,"turns":3},{"damage":0,"enemies":"3 Shapes","floor":37,"turns":5},{"damage":0,"enemies":"Mind Bloom Boss Battle","floor":47,"turns":3},{"damage":0,"enemies":"Orb Walker","floor":48,"turns":1},{"damage":0,"enemies":"Giant Head","floor":50,"turns":2},{"damage":0,"enemies":"2 Orb Walkers","floor":51,"turns":2},{"damage":0,"enemies":"Time Eater","floor":53,"turns":4},{"damage":2,"enemies":"Shield and Spear","floor":57,"turns":2},{"damage":16,"enemies":"The Heart","floor":58,"turns":5}],"seed_played":"-5887741366857522725","potions_obtained":[{"floor":8,"key":"Strength Potion"},{"floor":12,"key":"SteroidPotion"},{"floor":15,"key":"SpeedPotion"},{"floor":17,"key":"Poison Potion"},{"floor":23,"key":"Poison Potion"},{"floor":35,"key":"AttackPotion"},{"floor":37,"key":"GhostInAJar"}],"is_trial":false,"path_per_floor":["M","$","?","?","$","E","?","M","T","T","$","M","?","R","M","R","B",null,"M","?","?","?","?","R","$","R","T","T","$","M","E","$","M","R","B",null,"M","?","?","?","?","R","?","$","T","T","?","M","?","E","?","R","B",null,"R","$","E","B",null],"character_chosen":"THE_SILENT","items_purchased":["Juzu Bracelet","After Image","Master of Strategy","Reflex","Vajra","Bronze Scales","Ninja Scroll","Blue Candle","Weak Potion","TheAbacus"],"campfire_rested":0,"item_purchase_floors":[5,11,11,25,29,29,44,56,56,56],"current_hp_per_floor":[74,74,59,59,59,57,57,57,57,57,57,57,39,39,39,39,39,74,74,74,74,74,73,73,73,73,73,73,73,73,73,73,73,73,52,74,74,74,74,74,70,70,76,76,76,76,76,76,82,82,82,82,82,82,82,82,80,64],"gold":63,"neow_bonus":"BOSS_RELIC","is_prod":false,"is_daily":false,"chose_seed":false,"campfire_upgraded":7,"win_rate":0,"timestamp":1550859430,"path_taken":["M","$","?","?","$","E","?","M","T","?","M","?","R","M","R","BOSS","M","?","?","?","?","R","$","R","T","$","M","E","?","M","R","BOSS","M","?","?","?","?","R","?","$","T","?","M","?","E","?","R","BOSS","R","$","E","BOSS"],"build_version":"2019-01-23","purchased_purges":5,"victory":true,"max_hp_per_floor":[74,74,74,74,74,74,74,74,74,74,74,74,74,74,74,74,74,74,74,74,74,74,74,74,74,74,74,74,74,74,74,74,74,74,74,74,74,74,74,74,70,70,76,76,76,76,76,76,82,82,82,82,82,82,82,82,82,82],"card_choices":[{"not_picked":["After Image","All Out Attack"],"picked":"Blade Dance","floor":6},{"not_picked":["Dodge and Roll","Slice"],"picked":"Cloak And Dagger+1","floor":7},{"not_picked":["Underhanded Strike","Poisoned Stab"],"picked":"Flying Knee","floor":8},{"not_picked":["Acrobatics","Poisoned Stab+1"],"picked":"Outmaneuver","floor":12},{"not_picked":["Flying Knee","Outmaneuver+1"],"picked":"After Image","floor":15},{"not_picked":["Wraith Form v2","Unload"],"picked":"Envenom","floor":17},{"not_picked":["Skewer","Dodge and Roll+1"],"picked":"Blade Dance+1","floor":19},{"not_picked":["Bane","PiercingWail"],"picked":"Expertise","floor":23},{"not_picked":["Quick Slash","Dagger Throw"],"picked":"Flying Knee+1","floor":30},{"not_picked":["Prepared+1","Poisoned Stab+1"],"picked":"Night Terror","floor":31},{"not_picked":["Sucker Punch","Calculated Gamble"],"picked":"Catalyst","floor":33},{"not_picked":["Phantasmal Killer","Venomology"],"picked":"Storm of Steel","floor":35},{"not_picked":["Skewer+1","Cloak And Dagger+1"],"picked":"Blade Dance+1","floor":37},{"not_picked":["Bandage Up","Panacea"],"picked":"Jack Of All Trades","floor":40},{"not_picked":["Noxious Fumes","Dodge and Roll+1"],"picked":"Choke+1","floor":47},{"not_picked":["Escape Plan","Flechettes+1"],"picked":"Catalyst+1","floor":48},{"not_picked":["Crippling Poison+1","Bouncing Flask+1"],"picked":"Night Terror","floor":50},{"not_picked":["Expertise+1","Dagger Spray"],"picked":"Riddle With Holes","floor":51},{"not_picked":["Setup+1","Dagger Throw"],"picked":"Riddle With Holes+1","floor":57}],"player_experience":4381869,"relics_obtained":[{"floor":6,"key":"PreservedInsect"},{"floor":7,"key":"Odd Mushroom"},{"floor":9,"key":"Snake Skull"},{"floor":23,"key":"Unceasing Top"},{"floor":23,"key":"Shuriken"},{"floor":31,"key":"Lantern"},{"floor":36,"key":"Darkstone Periapt"},{"floor":36,"key":"Anchor"},{"floor":36,"key":"Ice Cream"},{"floor":45,"key":"Du-Vu Doll"},{"floor":47,"key":"Tough Bandages"},{"floor":50,"key":"Sundial"},{"floor":51,"key":"Thread and Needle"},{"floor":57,"key":"Orichalcum"}],"event_choices":[{"damage_healed":0,"gold_gain":0,"player_choice":"Entered Light","damage_taken":15,"max_hp_gain":0,"max_hp_loss":0,"event_name":"Shining Light","floor":3,"gold_loss":0,"cards_upgraded":["Blade Dance","All Out Attack"]},{"damage_healed":0,"gold_gain":175,"player_choice":"AGREE","damage_taken":0,"max_hp_gain":0,"max_hp_loss":0,"event_name":"Liars Game","floor":4,"gold_loss":0,"cards_obtained":["Doubt"]},{"damage_healed":0,"gold_gain":0,"player_choice":"Fought Mushrooms","damage_taken":0,"max_hp_gain":0,"max_hp_loss":0,"event_name":"Mushrooms","floor":7,"gold_loss":0},{"damage_healed":0,"gold_gain":0,"player_choice":"Take Damage","damage_taken":18,"relics_obtained":["Golden Idol"],"max_hp_gain":0,"max_hp_loss":0,"event_name":"Golden Idol","floor":13,"gold_loss":0},{"cards_removed":["Outmaneuver"],"damage_healed":0,"gold_gain":0,"player_choice":"Gave Gold","damage_taken":0,"max_hp_gain":0,"max_hp_loss":0,"event_name":"Beggar","floor":20,"gold_loss":75},{"damage_healed":0,"gold_gain":99,"player_choice":"Stole From Cult","damage_taken":0,"max_hp_gain":0,"max_hp_loss":0,"event_name":"Nest","floor":21,"gold_loss":0},{"damage_healed":0,"gold_gain":0,"player_choice":"Read","damage_taken":0,"max_hp_gain":0,"max_hp_loss":0,"event_name":"The Library","floor":22,"gold_loss":0,"cards_obtained":["Well Laid Plans"]},{"damage_healed":0,"gold_gain":0,"player_choice":"Fight","damage_taken":0,"max_hp_gain":0,"max_hp_loss":0,"event_name":"Colosseum","floor":23,"gold_loss":0},{"damage_healed":0,"gold_gain":0,"player_choice":"Fought Nobs","damage_taken":0,"max_hp_gain":0,"max_hp_loss":0,"event_name":"Colosseum","floor":23,"gold_loss":0},{"cards_removed":["Underhanded Strike"],"damage_healed":0,"gold_gain":0,"player_choice":"Removed Attack","damage_taken":0,"max_hp_gain":0,"max_hp_loss":0,"event_name":"Falling","floor":38,"gold_loss":0},{"damage_healed":0,"gold_gain":0,"player_choice":"Ignored","damage_taken":0,"max_hp_gain":0,"max_hp_loss":0,"event_name":"SecretPortal","floor":39,"gold_loss":0},{"damage_healed":0,"gold_gain":0,"player_choice":"Memory 1","damage_taken":0,"max_hp_gain":0,"max_hp_loss":0,"event_name":"SensoryStone","floor":40,"gold_loss":0},{"damage_healed":0,"gold_gain":0,"player_choice":"Max HP","damage_taken":0,"max_hp_gain":0,"max_hp_loss":4,"event_name":"Winding Halls","floor":41,"gold_loss":0},{"damage_healed":0,"gold_gain":0,"player_choice":"Cursed","damage_taken":0,"max_hp_gain":0,"max_hp_loss":0,"event_name":"Wheel of Change","floor":43,"gold_loss":0,"cards_obtained":["Decay"]},{"damage_healed":0,"gold_gain":0,"player_choice":"Fight","damage_taken":0,"max_hp_gain":0,"max_hp_loss":0,"event_name":"MindBloom","floor":47,"gold_loss":0},{"damage_healed":0,"gold_gain":275,"player_choice":"Desecrate","damage_taken":0,"max_hp_gain":0,"max_hp_loss":0,"event_name":"Golden Shrine","floor":49,"gold_loss":0,"cards_obtained":["Regret"]},{"damage_healed":0,"gold_gain":0,"player_choice":"Fight","damage_taken":0,"max_hp_gain":0,"max_hp_loss":0,"event_name":"Mysterious Sphere","floor":51,"gold_loss":0}],"is_beta":false,"boss_relics":[{"not_picked":["Cursed Key","Lizard Tail"],"picked":"WristBlade"},{"not_picked":["Runic Pyramid","Empty Cage"],"picked":"Calling Bell"}],"items_purged_floors":[5,25,29,44,56],"is_endless":false,"potions_floor_spawned":[8,12,15,17,23,23,35,37],"ascension_level":-10}