{"gold_per_floor":[115,133,145,145,145,177,177,192,192,33,64,64,87,116,128,213,225,255,70,70,70,70,70],"floor_reached":23,"playtime":771,"items_purged":["Strike_G","Defend_G"],"score":410,"play_id":"280c8f48-7f8f-443f-8aed-91c6e6b960bb","local_time":"20190225013129","is_ascension_mode":true,"campfire_choices":[{"floor":7,"key":"REST"},{"floor":12,"key":"REST"},{"floor":15,"key":"REST"}],"neow_cost":"PERCENT_DAMAGE","seed_source_timestamp":904393448287100,"circlet_count":0,"master_deck":["AscendersBane","Defend_G","Defend_G","Defend_G","Defend_G","Strike_G","Strike_G","Strike_G","Strike_G","Survivor","Neutralize","Bane","Deflect","Finisher","Blade Dance","Deadly Poison","Infinite Blades","Adrenaline","After Image","A Thousand Cuts","Deflect+1","Bandage Up"],"relics":["Ring of the Snake","Unceasing Top","Centennial Puzzle","Regal Pillow","Dodecahedron","Bag of Preparation","MawBank","Black Star"],"potions_floor_usage":[6,6,11,23],"damage_taken":[{"damage":4,"enemies":"2 Louse","floor":1,"turns":4},{"damage":0,"enemies":"Jaw Worm","floor":2,"turns":6},{"damage":1,"enemies":"Small Slimes","floor":3,"turns":4},{"damage":11,"enemies":"3 Sentries","floor":6,"turns":11},{"damage":6,"enemies":"Red Slaver","floor":8,"turns":3},{"damage":30,"enemies":"Lagavulin","floor":11,"turns":8},{"damage":39,"enemies":"Gremlin Nob","floor":14,"turns":4},{"damage":16,"enemies":"The Guardian","floor":16,"turns":13},{"damage":7,"enemies":"Chosen","floor":18,"turns":5},{"damage":54,"enemies":"Book of Stabbing","floor":23,"turns":7}],"seed_played":"-2113997759680633979","potions_obtained":[{"floor":2,"key":"Block Potion"},{"floor":3,"key":"Energy Potion"},{"floor":8,"key":"GhostInAJar"},{"floor":16,"key":"GhostInAJar"}],"is_trial":false,"path_per_floor":["M","M","M","?","?","E","R","M","T","$","E","R","T","E","R","B",null,"M","$","?","?","?","E"],"character_chosen":"THE_SILENT","items_purchased":["Infinite Blades","Bandage Up"],"campfire_rested":3,"item_purchase_floors":[10,19],"current_hp_per_floor":[40,40,39,34,34,23,42,36,36,36,6,40,40,1,35,19,54,47,47,47,47,66,12],"gold":70,"neow_bonus":"ONE_RARE_RELIC","is_prod":false,"is_daily":false,"chose_seed":false,"campfire_upgraded":0,"win_rate":0,"timestamp":1551025889,"path_taken":["M","M","M","?","?","E","R","M","T","$","E","R","?","E","R","BOSS","M","$","?","?","?","E"],"build_version":"2019-01-23","purchased_purges":2,"victory":false,"max_hp_per_floor":[66,66,66,66,66,66,66,66,66,66,66,66,66,66,66,66,66,66,66,66,66,66,66],"card_choices":[{"not_picked":["Acrobatics","Blade Dance"],"picked":"Bane","floor":1},{"not_picked":["Slice","PiercingWail"],"picked":"Deflect","floor":2},{"not_picked":["Underhanded Strike","Blur"],"picked":"Finisher","floor":3},{"not_picked":["Riddle With Holes","Cloak And Dagger"],"picked":"Blade Dance","floor":6},{"not_picked":["Dagger Throw","Eviscerate"],"picked":"Deadly Poison","floor":8},{"not_picked":["Dagger Spray","Dagger Throw"],"picked":"Adrenaline","floor":11},{"not_picked":["Bouncing Flask","Choke"],"picked":"After Image","floor":14},{"not_picked":["Bullet Time","Doppelganger"],"picked":"A Thousand Cuts","floor":16},{"not_picked":["Poisoned Stab","PiercingWail"],"picked":"Deflect+1","floor":18}],"player_experience":4394917,"relics_obtained":[{"floor":9,"key":"Regal Pillow"},{"floor":11,"key":"Dodecahedron"},{"floor":13,"key":"Bag of Preparation"},{"floor":14,"key":"MawBank"}],"event_choices":[{"damage_healed":0,"gold_gain":0,"player_choice":"Success","damage_taken":5,"relics_obtained":["Centennial Puzzle"],"max_hp_gain":0,"max_hp_loss":0,"event_name":"Scrap Ooze","floor":4,"gold_loss":0},{"damage_healed":0,"gold_gain":0,"player_choice":"Ignored","damage_taken":0,"max_hp_gain":0,"max_hp_loss":0,"event_name":"Liars Game","floor":5,"gold_loss":0},{"damage_healed":0,"gold_gain":0,"player_choice":"Ignored","damage_taken":0,"max_hp_gain":0,"max_hp_loss":0,"event_name":"Ghosts","floor":21,"gold_loss":0},{"damage_healed":19,"gold_gain":0,"player_choice":"Full Heal","damage_taken":0,"max_hp_gain":0,"max_hp_loss":0,"event_name":"Wheel of Change","floor":22,"gold_loss":0}],"is_beta":false,"boss_relics":[{"not_picked":["Sozu","Ring of the Serpent"],"picked":"Black Star"}],"items_purged_floors":[10,19],"is_endless":false,"potions_floor_spawned":[2,3,8,16],"killed_by":"Book of Stabbing","ascension_level":20}