{"gold_per_floor":[118,293,293,293,7,40,40,84,109,109,134,134,178,197,197,317,380,404,404,174,191,91,91,125,125,125,151,151,251,264,264,264,362,362,376,376,376,95,114,114,141,141,165,196,196],"floor_reached":45,"playtime":4876,"items_purged":["Strike_R","Doubt","Strike_R"],"score":696,"play_id":"4a7f0d2a-4f96-4007-9e59-d604f2c0f9b5","local_time":"20190213113618","is_ascension_mode":false,"campfire_choices":[{"data":"Armaments","floor":7.0,"key":"SMITH"},{"data":"Armaments","floor":10.0,"key":"SMITH"},{"data":"True Grit","floor":15.0,"key":"SMITH"},{"data":"Barricade","floor":23.0,"key":"SMITH"},{"data":"Body Slam","floor":25.0,"key":"SMITH"},{"data":"Entrench","floor":28.0,"key":"SMITH"},{"data":"Impervious","floor":32.0,"key":"SMITH"},{"floor":40.0,"key":"RECALL"},{"data":"Impervious","floor":42.0,"key":"SMITH"}],"neow_cost":"NONE","seed_source_timestamp":0,"circlet_count":0,"master_deck":["Strike_R","Strike_R+1","Defend_R","Defend_R","Defend_R","Defend_R","Bash+1","Armaments+1","Bandage Up+1","Feed","Shrug It Off","Bash","Body Slam+1","Second Wind","Armaments+1","Feel No Pain","Ghostly Armor","True Grit+1","Barricade+1","Entrench+1","Impervious+1","Metallicize","Power Through","Impervious+1","Shrug It Off+1","Madness","Madness"],"special_seed":0,"relics":["Burning Blood","NeowsBlessing","Bloody Idol","Meat on the Bone","Nunchaku","Champion Belt","Lantern","Matryoshka","Tiny House","Ice Cream","Paper Frog","Mango","Girya","Pantograph","Whetstone","Torii","Runic Cube","Bag of Marbles","Pear","Blood Vial","Kunai"],"potions_floor_usage":[],"damage_taken":[{"damage":0.0,"enemies":"Small Slimes","floor":1.0,"turns":1.0},{"damage":0.0,"enemies":"Lagavulin","floor":6.0,"turns":2.0},{"damage":0.0,"enemies":"3 Sentries","floor":8.0,"turns":2.0},{"damage":12.0,"enemies":"Cultist","floor":11.0,"turns":6.0},{"damage":38.0,"enemies":"Gremlin Nob","floor":13.0,"turns":5.0},{"damage":7.0,"enemies":"Jaw Worm","floor":14.0,"turns":6.0},{"damage":50.0,"enemies":"The Guardian","floor":16.0,"turns":16.0},{"damage":10.0,"enemies":"Chosen","floor":18.0,"turns":12.0},{"damage":44.0,"enemies":"Spheric Guardian","floor":21.0,"turns":22.0},{"damage":37.0,"enemies":"Slavers","floor":24.0,"turns":21.0},{"damage":59.0,"enemies":"Book of Stabbing","floor":27.0,"turns":11.0},{"damage":11.0,"enemies":"Colosseum Slavers","floor":29.0,"turns":8.0},{"damage":33.0,"enemies":"Colosseum Nobs","floor":29.0,"turns":8.0},{"damage":15.0,"enemies":"Shelled Parasite and Fungi","floor":30.0,"turns":12.0},{"damage":0.0,"enemies":"Champ","floor":33.0,"turns":11.0},{"damage":14.0,"enemies":"3 Shapes","floor":35.0,"turns":9.0},{"damage":11.0,"enemies":"Orb Walker","floor":39.0,"turns":8.0},{"damage":1.0,"enemies":"Giant Head","floor":41.0,"turns":15.0},{"damage":79.0,"enemies":"Reptomancer","floor":44.0,"turns":7.0},{"damage":95,"enemies":"2 Orb Walkers","floor":45,"turns":7}],"seed_played":"8722311336658231920","potions_obtained":[{"floor":14.0,"key":"Ancient Potion"},{"floor":17.0,"key":"GamblersBrew"},{"floor":18.0,"key":"SpeedPotion"},{"floor":21.0,"key":"SteroidPotion"},{"floor":30.0,"key":"Swift Potion"}],"is_trial":false,"path_per_floor":["M","?","?","?","$","E","R","E","T","R","M","?","E","M","R","B",null,"M","?","$","M","$","R","E","R","T","E","R","?","M","T","R","B",null,"M","?","?","$","M","R","E","R","T","E","?"],"character_chosen":"IRONCLAD","items_purchased":["Body Slam","Meat on the Bone","Impervious","Bag of Marbles"],"campfire_rested":0,"item_purchase_floors":[5,5,20,38],"current_hp_per_floor":[80,80,60,60,60,75,75,84,84,84,84,84,58,61,61,33,95,99,99,99,76,76,76,72,72,72,56,56,69,86,86,86,128,128,128,112,112,112,118,118,142,142,142,86,0],"gold":196,"neow_bonus":"THREE_ENEMY_KILL","is_prod":false,"is_daily":false,"chose_seed":false,"campfire_upgraded":8,"win_rate":0,"timestamp":1550025378,"path_taken":["M","?","?","?","$","E","R","E","T","R","?","?","E","M","R","BOSS","M","?","$","M","$","R","E","R","T","E","R","?","M","?","R","BOSS","M","?","?","?","M","R","E","R","T","E","?"],"build_version":"2019-01-23","purchased_purges":3,"victory":false,"max_hp_per_floor":[80,80,80,80,80,83,83,86,86,86,90,90,90,90,90,90,95,99,99,99,103,103,103,107,107,107,121,121,125,128,128,128,128,128,128,128,128,128,128,128,142,142,142,142,142],"card_choices":[{"not_picked":["Metallicize","Sword Boomerang"],"picked":"Armaments","floor":1.0},{"not_picked":["Perfected Strike","Dropkick"],"picked":"Second Wind","floor":6.0},{"not_picked":["Blood for Blood","Clothesline"],"picked":"Armaments","floor":8.0},{"not_picked":["Reckless Charge","Flex"],"picked":"Feel No Pain","floor":11.0},{"not_picked":["Second Wind","Twin Strike"],"picked":"Ghostly Armor","floor":13.0},{"not_picked":["Anger","Sever Soul"],"picked":"True Grit","floor":14.0},{"not_picked":["Impervious","Double Tap"],"picked":"Barricade","floor":16.0},{"not_picked":["Cleave","Searing Blow"],"picked":"Entrench","floor":17.0},{"not_picked":["Iron Wave","Fire Breathing","Perfected Strike"],"picked":"SKIP","floor":18.0},{"not_picked":["Flex","Shockwave","Iron Wave"],"picked":"SKIP","floor":21.0},{"not_picked":["Heavy Blade","Bludgeon","Anger+1"],"picked":"SKIP","floor":24.0},{"not_picked":["Body Slam+1","Clash+1"],"picked":"Metallicize","floor":27.0},{"not_picked":["Cleave","Spot Weakness"],"picked":"Power Through","floor":29.0},{"not_picked":["Clash","True Grit+1","Pummel"],"picked":"SKIP","floor":30.0},{"not_picked":["Bludgeon","Fiend Fire"],"picked":"Impervious","floor":33.0},{"not_picked":["Combust+1","Sword Boomerang"],"picked":"Shrug It Off+1","floor":35.0},{"not_picked":["Whirlwind+1","Carnage+1","Anger"],"picked":"SKIP","floor":39.0},{"not_picked":["Dropkick","Headbutt+1","Pummel"],"picked":"SKIP","floor":41.0},{"not_picked":["Flame Barrier","Reckless Charge+1","Headbutt"],"picked":"SKIP","floor":44.0}],"player_experience":56146,"relics_obtained":[{"floor":6.0,"key":"Nunchaku"},{"floor":8.0,"key":"Champion Belt"},{"floor":9.0,"key":"Lantern"},{"floor":13.0,"key":"Matryoshka"},{"floor":24.0,"key":"Ice Cream"},{"floor":26.0,"key":"Paper Frog"},{"floor":27.0,"key":"Mango"},{"floor":29.0,"key":"Girya"},{"floor":29.0,"key":"Pantograph"},{"floor":31.0,"key":"Whetstone"},{"floor":31.0,"key":"Torii"},{"floor":41.0,"key":"Pear"},{"floor":43.0,"key":"Blood Vial"},{"floor":44.0,"key":"Kunai"}],"event_choices":[{"damage_healed":0.0,"max_hp_gain":0.0,"max_hp_loss":0.0,"gold_gain":175.0,"event_name":"Liars Game","player_choice":"AGREE","floor":2.0,"gold_loss":0.0,"damage_taken":0.0,"cards_obtained":["Doubt"]},{"damage_healed":0.0,"max_hp_gain":0.0,"max_hp_loss":0.0,"gold_gain":0.0,"event_name":"Golden Idol","player_choice":"Take Damage","floor":3.0,"gold_loss":0.0,"damage_taken":20.0,"relics_obtained":["Golden Idol"]},{"damage_healed":0.0,"max_hp_gain":0.0,"max_hp_loss":0.0,"gold_gain":0.0,"event_name":"Match and Keep!","player_choice":"4 cards matched","floor":4.0,"gold_loss":0.0,"damage_taken":0.0,"cards_obtained":["Bandage Up","Feed","Shrug It Off","Bash"]},{"cards_removed":["Strike_R"],"damage_healed":0.0,"max_hp_gain":0.0,"max_hp_loss":0.0,"gold_gain":0.0,"event_name":"Living Wall","player_choice":"Forget","floor":12.0,"gold_loss":0.0,"damage_taken":0.0},{"damage_healed":0.0,"max_hp_gain":0.0,"max_hp_loss":0.0,"gold_gain":0.0,"event_name":"Forgotten Altar","player_choice":"Gave Idol","floor":19.0,"relics_lost":["Golden Idol"],"gold_loss":0.0,"damage_taken":0.0,"relics_obtained":["Bloody Idol"]},{"damage_healed":0.0,"max_hp_gain":0.0,"max_hp_loss":0.0,"gold_gain":0.0,"event_name":"Colosseum","player_choice":"Fight","floor":29.0,"gold_loss":0.0,"damage_taken":0.0},{"damage_healed":0.0,"max_hp_gain":0.0,"max_hp_loss":0.0,"gold_gain":0.0,"event_name":"Colosseum","player_choice":"Fought Nobs","floor":29.0,"gold_loss":0.0,"damage_taken":0.0},{"damage_healed":0.0,"max_hp_gain":0.0,"max_hp_loss":0.0,"gold_gain":0.0,"event_name":"Winding Halls","player_choice":"Embrace Madness","floor":36.0,"gold_loss":0.0,"damage_taken":16.0,"cards_obtained":["Madness","Madness"]},{"damage_healed":0.0,"max_hp_gain":0.0,"max_hp_loss":0.0,"gold_gain":0.0,"event_name":"Tomb of Lord Red Mask","player_choice":"Ignored","floor":37.0,"gold_loss":0.0,"damage_taken":0.0},{"damage_healed":0,"gold_gain":0,"player_choice":"Fight","damage_taken":0,"max_hp_gain":0,"max_hp_loss":0,"event_name":"Mysterious Sphere","floor":45,"gold_loss":0}],"is_beta":false,"boss_relics":[{"not_picked":["Orrery","Lizard Tail"],"picked":"Tiny House"},{"not_picked":["Eternal Feather","Snecko Eye"],"picked":"Runic Cube"}],"items_purged_floors":[20,22,38],"is_endless":false,"potions_floor_spawned":[14,18,21,29,30,35,41],"killed_by":"2 Orb Walkers","ascension_level":0}