{"gold_per_floor":[213,227,227,243,260,260,10,27,27,27,42,42,59,92,92,169,169,189,189,104,10,10,10,23,33,106,118,118,152,18,43,43,117,117,135,44,60,74,0,0,0],"floor_reached":41,"playtime":2016,"items_purged":[],"score":801,"play_id":"30620e3c-faa1-4430-badb-0d7769d07ea6","local_time":"20190312221650","is_ascension_mode":true,"campfire_choices":[{"data":"Rampage","floor":6.0,"key":"SMITH"},{"data":"Uppercut","floor":10.0,"key":"SMITH"},{"data":"Shockwave","floor":12.0,"key":"SMITH"},{"data":"Shrug It Off","floor":15.0,"key":"SMITH"},{"data":"Inflame","floor":23.0,"key":"SMITH"},{"data":"Seeing Red","floor":28.0,"key":"SMITH"},{"floor":32.0,"key":"REST"},{"floor":40,"key":"REST"}],"neow_cost":"NONE","seed_source_timestamp":779079411327310,"circlet_count":0,"master_deck":["AscendersBane","Strike_R+1","Strike_R+1","Defend_R+1","Defend_R+1","Defend_R+1","Defend_R+1","Bash","Rampage+1","Bludgeon","Shockwave+1","Feel No Pain","Shrug It Off+1","Uppercut+1","Headbutt+1","Pommel Strike+1","Immolate+1","True Grit+1","Inflame+1","RitualDagger+1","Headbutt+1","Seeing Red+1","Iron Wave+1","Perfected Strike+1","Mind Blast+1","Thunderclap+1","Feed+1","Double Tap+1","Double Tap+1","Wild Strike+1","Corruption+1","Intimidate+1","Good Instincts+1","Spot Weakness+1"],"special_seed":0,"relics":["Burning Blood","Gremlin Horn","Molten Egg 2","Potion Belt","Lizard Tail","Darkstone Periapt","Meat on the Bone","Toxic Egg 2","Happy Flower","Astrolabe","Red Mask"],"potions_floor_usage":[33,33,35,38],"damage_taken":[{"damage":1.0,"enemies":"Cultist","floor":1.0,"turns":3.0},{"damage":9.0,"enemies":"Jaw Worm","floor":2.0,"turns":4.0},{"damage":2.0,"enemies":"2 Louse","floor":4.0,"turns":2.0},{"damage":14.0,"enemies":"Large Slime","floor":5.0,"turns":5.0},{"damage":5.0,"enemies":"Blue Slaver","floor":8.0,"turns":5.0},{"damage":3.0,"enemies":"Exordium Thugs","floor":11.0,"turns":6.0},{"damage":0.0,"enemies":"2 Fungi Beasts","floor":13.0,"turns":2.0},{"damage":24.0,"enemies":"Gremlin Nob","floor":14.0,"turns":4.0},{"damage":49.0,"enemies":"The Guardian","floor":16.0,"turns":13.0},{"damage":7.0,"enemies":"3 Byrds","floor":18.0,"turns":3.0},{"damage":1.0,"enemies":"2 Thieves","floor":24.0,"turns":2.0},{"damage":7.0,"enemies":"Snecko","floor":25.0,"turns":4.0},{"damage":20.0,"enemies":"Sentry and Sphere","floor":27.0,"turns":5.0},{"damage":1.0,"enemies":"Gremlin Leader","floor":29.0,"turns":3.0},{"damage":24.0,"enemies":"Slavers","floor":31.0,"turns":4.0},{"damage":96,"enemies":"Champ","floor":33,"turns":9},{"damage":36,"enemies":"3 Darklings","floor":35,"turns":4},{"damage":12,"enemies":"Orb Walker","floor":37,"turns":2},{"damage":45,"enemies":"Spire Growth","floor":38,"turns":5},{"damage":66,"enemies":"Giant Head","floor":41,"turns":7}],"seed_played":"6843300309418293663","potions_obtained":[{"floor":4.0,"key":"SneckoOil"},{"floor":14.0,"key":"SkillPotion"},{"floor":16.0,"key":"Explosive Potion"},{"floor":18.0,"key":"SkillPotion"},{"floor":27.0,"key":"SneckoOil"},{"floor":31.0,"key":"Weak Potion"},{"floor":33,"key":"SkillPotion"},{"floor":37,"key":"Block Potion"},{"floor":38,"key":"SteroidPotion"}],"is_trial":false,"path_per_floor":["M","M","T","M","M","R","$","M","T","R","M","R","M","E","R","B",null,"M","?","?","$","?","R","M","M","T","M","R","E","$","E","R","B",null,"M","$","M","M","?","R","E"],"character_chosen":"IRONCLAD","items_purchased":["Feel No Pain","Strength Potion","AttackPotion","Shrug It Off","Inflame","AttackPotion","Mind Blast+1","Thunderclap+1","Good Instincts+1"],"campfire_rested":2,"item_purchase_floors":[7,7,7,7,21,21,30,30,36],"current_hp_per_floor":[73,70,70,74,66,66,66,67,67,67,70,70,75,57,57,14,60,59,59,59,59,53,53,58,57,57,55,55,60,60,54,75,44,67,49,49,55,28,28,50,0],"gold":0,"neow_bonus":"HUNDRED_GOLD","is_prod":false,"is_daily":false,"chose_seed":false,"campfire_upgraded":6,"win_rate":0,"timestamp":1552396610,"path_taken":["M","M","?","M","?","R","$","M","T","R","M","R","M","E","R","BOSS","M","?","?","$","?","R","M","?","T","M","R","E","?","E","R","BOSS","M","$","M","M","?","R","E"],"build_version":"2019-01-23","purchased_purges":0,"victory":false,"max_hp_per_floor":[75,75,75,75,75,75,75,75,75,75,75,75,75,75,75,75,75,75,75,75,75,75,75,75,75,75,75,75,75,75,75,75,75,75,75,75,75,75,75,75,75],"card_choices":[{"not_picked":["Thunderclap","Clash"],"picked":"Rampage","floor":1.0},{"not_picked":["Clash","Rampage","Warcry"],"picked":"SKIP","floor":2.0},{"not_picked":["Iron Wave","Wild Strike"],"picked":"Bludgeon","floor":4.0},{"not_picked":["Clash","Iron Wave"],"picked":"Shockwave","floor":5.0},{"not_picked":["Twin Strike","Cleave"],"picked":"Uppercut","floor":8.0},{"not_picked":["Thunderclap+1","Body Slam+1","Clash+1"],"picked":"SKIP","floor":11.0},{"not_picked":["Clash+1","Heavy Blade+1"],"picked":"Headbutt+1","floor":13.0},{"not_picked":["Havoc","Juggernaut"],"picked":"Pommel Strike+1","floor":14.0},{"not_picked":["Exhume","Brutality"],"picked":"Immolate+1","floor":16.0},{"not_picked":["Spot Weakness","Perfected Strike+1"],"picked":"True Grit+1","floor":18.0},{"not_picked":["Thunderclap+1","Pommel Strike+1"],"picked":"Headbutt+1","floor":24.0},{"not_picked":["Heavy Blade+1","Havoc"],"picked":"Seeing Red","floor":25.0},{"not_picked":["Cleave+1","Hemokinesis+1"],"picked":"Iron Wave+1","floor":27.0},{"not_picked":["Immolate+1","Intimidate"],"picked":"Perfected Strike+1","floor":29.0},{"not_picked":["Heavy Blade+1","Sword Boomerang+1"],"picked":"Feed+1","floor":31.0},{"not_picked":["Juggernaut","Feed+1"],"picked":"Double Tap+1","floor":33},{"not_picked":["Cleave+1","Havoc+1"],"picked":"Intimidate+1","floor":35},{"not_picked":["Wild Strike+1","Infernal Blade+1"],"picked":"Spot Weakness+1","floor":37},{"not_picked":["Perfected Strike+1","Thunderclap+1","Clash+1"],"picked":"SKIP","floor":38}],"player_experience":296385,"relics_obtained":[{"floor":3.0,"key":"Gremlin Horn"},{"floor":9.0,"key":"Molten Egg 2"},{"floor":14.0,"key":"Potion Belt"},{"floor":26.0,"key":"Meat on the Bone"},{"floor":29.0,"key":"Toxic Egg 2"},{"floor":31.0,"key":"Happy Flower"}],"event_choices":[{"damage_healed":0.0,"max_hp_gain":0.0,"max_hp_loss":0.0,"gold_gain":0.0,"event_name":"Back to Basics","player_choice":"Simplicity","floor":19.0,"gold_loss":0.0,"damage_taken":0.0,"cards_upgraded":["Strike_R","Strike_R","Strike_R","Strike_R","Strike_R","Defend_R","Defend_R","Defend_R","Defend_R"]},{"damage_healed":0.0,"max_hp_gain":0.0,"max_hp_loss":0.0,"gold_gain":0.0,"event_name":"Addict","player_choice":"Obtained Relic","floor":20.0,"gold_loss":85.0,"damage_taken":0.0,"relics_obtained":["Darkstone Periapt"]},{"damage_healed":0.0,"max_hp_gain":0.0,"max_hp_loss":0.0,"gold_gain":0.0,"event_name":"Nest","player_choice":"Joined the Cult","floor":22.0,"gold_loss":0.0,"damage_taken":6.0,"cards_obtained":["RitualDagger"]},{"damage_healed":0,"gold_gain":0,"player_choice":"Paid","damage_taken":0,"relics_obtained":["Red Mask"],"max_hp_gain":0,"max_hp_loss":0,"event_name":"Tomb of Lord Red Mask","floor":39,"gold_loss":74}],"is_beta":false,"boss_relics":[{"not_picked":["Tiny House","Black Star"],"picked":"Lizard Tail"},{"not_picked":["Orrery","Pandora\u0027s Box"],"picked":"Astrolabe"}],"items_purged_floors":[],"is_endless":false,"potions_floor_spawned":[4,11,13,14,16,18,27,31,33,37,38],"killed_by":"Giant Head","ascension_level":17}