{"gold_per_floor":[116,266,341,341,357,388,399,399,422,447,126,155,155,181,181,259,259,278,278,278,40,54,86,86,104,104,204,204,231,231,265,265,342,342,359,459,479,172,224,224,256,256,307,332,332,17,17,29,29,29,29,29,29,29,61,61],"floor_reached":57,"playtime":2422,"items_purged":["Strike_B","Pain","Zap","Defend_B"],"score":2826,"play_id":"5485b259-0bb3-4297-89a0-6b726c105057","local_time":"20190117232947","is_ascension_mode":true,"campfire_choices":[{"data":"Beam Cell","floor":8,"key":"SMITH"},{"data":"Defragment","floor":13,"key":"SMITH"},{"data":"Static Discharge","floor":15,"key":"SMITH"},{"floor":24,"key":"REST"},{"floor":30,"key":"REST"},{"data":"Defragment","floor":32,"key":"SMITH"},{"floor":40,"key":"REST"},{"floor":42,"key":"REST"},{"floor":45,"key":"RECALL"},{"data":"Heatsinks","floor":49,"key":"SMITH"},{"data":"Biased Cognition","floor":53,"key":"SMITH"}],"neow_cost":"NONE","seed_source_timestamp":623376899389673,"circlet_count":0,"master_deck":["AscendersBane","Defend_B+1","Defend_B","Dualcast+1","Compile Driver","Beam Cell+1","FTL","Ball Lightning","Cold Snap","Defragment+1","Static Discharge+1","Rainbow","Core Surge+1","Darkness+1","Core Surge+1","Loop+1","Defragment+1","Cold Snap","Electrodynamics","White Noise+1","Turbo+1","Coolheaded","Leap+1","Chaos+1","Biased Cognition+1","Master of Strategy","Sweeping Beam","Heatsinks+1","Skim"],"relics":["Cracked Core","NeowsBlessing","Vajra","Happy Flower","Centennial Puzzle","Strawberry","War Paint","Lantern","Astrolabe","WarpedTongs","Regal Pillow","Ginger","Bottled Flame","Pen Nib","Singing Bowl","Busted Crown","Thread and Needle","Torii","Anchor","Potion Belt","Bird Faced Urn","DataDisk","Bronze Scales"],"potions_floor_usage":[14,23,27,27,29,50,56,56,56],"damage_taken":[{"damage":0,"enemies":"2 Louse","floor":1,"turns":1},{"damage":0,"enemies":"Cultist","floor":5,"turns":1},{"damage":0,"enemies":"Gremlin Nob","floor":6,"turns":1},{"damage":7,"enemies":"Jaw Worm","floor":7,"turns":2},{"damage":20,"enemies":"Lagavulin","floor":10,"turns":6},{"damage":14,"enemies":"3 Sentries","floor":12,"turns":7},{"damage":2,"enemies":"Gremlin Nob","floor":14,"turns":3},{"damage":13,"enemies":"Hexaghost","floor":16,"turns":5},{"damage":3,"enemies":"3 Byrds","floor":18,"turns":3},{"damage":9,"enemies":"Spheric Guardian","floor":22,"turns":4},{"damage":22,"enemies":"Book of Stabbing","floor":23,"turns":4},{"damage":4,"enemies":"3 Cultists","floor":25,"turns":3},{"damage":11,"enemies":"Colosseum Slavers","floor":27,"turns":3},{"damage":11,"enemies":"Colosseum Nobs","floor":27,"turns":3},{"damage":22,"enemies":"Slavers","floor":29,"turns":4},{"damage":12,"enemies":"Gremlin Leader","floor":31,"turns":4},{"damage":20,"enemies":"Champ","floor":33,"turns":8},{"damage":32,"enemies":"3 Shapes","floor":35,"turns":3},{"damage":0,"enemies":"Mind Bloom Boss Battle","floor":36,"turns":4},{"damage":13,"enemies":"3 Darklings","floor":37,"turns":4},{"damage":21,"enemies":"2 Orb Walkers","floor":39,"turns":4},{"damage":9,"enemies":"Reptomancer","floor":41,"turns":5},{"damage":20,"enemies":"Nemesis","floor":44,"turns":7},{"damage":0,"enemies":"Sphere and 2 Shapes","floor":48,"turns":4},{"damage":32,"enemies":"Awakened One","floor":50,"turns":22},{"damage":17,"enemies":"Donu and Deca","floor":51,"turns":7},{"damage":41,"enemies":"Shield and Spear","floor":55,"turns":12},{"damage":91,"enemies":"The Heart","floor":56,"turns":8}],"seed_played":"2162287671873752954","potions_obtained":[{"floor":1,"key":"LiquidBronze"},{"floor":6,"key":"SkillPotion"},{"floor":7,"key":"Swift Potion"},{"floor":12,"key":"Regen Potion"},{"floor":18,"key":"Block Potion"},{"floor":23,"key":"SkillPotion"},{"floor":27,"key":"Regen Potion"},{"floor":33,"key":"FearPotion"},{"floor":36,"key":"Dexterity Potion"},{"floor":44,"key":"GamblersBrew"},{"floor":48,"key":"Dexterity Potion"},{"floor":55,"key":"Poison Potion"}],"is_trial":false,"path_per_floor":["M","?","?","?","M","E","M","R","T","E","$","E","R","E","R","B",null,"M","?","?","$","M","E","R","M","T","?","?","E","R","E","R","B",null,"M","?","M","$","?","R","E","R","T","E","R","$","?","M","R","B","B",null,"R","$","E","B",null],"character_chosen":"DEFECT","items_purchased":["Strawberry","Defragment","Defragment","Cold Snap","Master of Strategy","DataDisk"],"campfire_rested":4,"item_purchase_floors":[11,11,21,21,38,46],"current_hp_per_floor":[64,64,53,53,53,53,46,46,46,26,33,19,19,26,26,13,62,59,59,59,59,50,28,66,62,62,40,40,30,68,56,56,36,68,38,40,29,29,10,50,43,84,84,66,66,66,66,80,80,90,85,89,89,89,90,13],"gold":61,"neow_bonus":"THREE_ENEMY_KILL","is_prod":false,"is_daily":false,"chose_seed":false,"campfire_upgraded":6,"win_rate":0,"timestamp":1547735387,"path_taken":["M","?","?","?","?","E","M","R","T","E","$","E","R","E","R","BOSS","M","?","?","$","M","E","R","?","T","?","?","E","R","E","R","BOSS","M","?","M","$","?","R","E","R","T","E","R","$","?","M","R","BOSS","BOSS","R","$","E","BOSS"],"build_version":"2019-01-10","purchased_purges":4,"victory":true,"max_hp_per_floor":[71,71,71,71,71,71,71,71,71,71,78,78,78,78,78,78,78,78,78,78,78,78,78,78,78,78,78,78,78,78,78,78,78,78,80,82,84,84,86,86,88,88,88,90,90,90,90,90,90,90,90,90,90,90,90,90],"card_choices":[{"not_picked":["Skim","Fusion"],"picked":"Compile Driver","floor":1},{"not_picked":["Hello World","Compile Driver"],"picked":"Beam Cell","floor":5},{"not_picked":["Turbo","Reinforced Body"],"picked":"FTL","floor":6},{"not_picked":["Barrage","BootSequence"],"picked":"Ball Lightning","floor":7},{"not_picked":["Hologram","Rip and Tear"],"picked":"Cold Snap","floor":10},{"not_picked":["Double Energy","Scrape","Redo"],"picked":"SKIP","floor":12},{"not_picked":["Go for the Eyes","Aggregate"],"picked":"Static Discharge","floor":14},{"not_picked":["Multi-Cast","Reboot"],"picked":"Rainbow","floor":16},{"not_picked":["Rip and Tear","Steam"],"picked":"Loop+1","floor":18},{"not_picked":["Compile Driver","Ball Lightning","Barrage"],"picked":"SKIP","floor":22},{"not_picked":["Conserve Battery","Self Repair"],"picked":"Electrodynamics","floor":23},{"not_picked":["Undo+1","Genetic Algorithm"],"picked":"White Noise+1","floor":25},{"not_picked":["Barrage","Rebound"],"picked":"Turbo+1","floor":27},{"not_picked":["Streamline","Beam Cell"],"picked":"Leap+1","floor":29},{"not_picked":["Redo","All For One"],"picked":"Chaos+1","floor":31},{"not_picked":["Fission","Core Surge"],"picked":"Biased Cognition","floor":33},{"not_picked":["Beam Cell+1"],"picked":"Singing Bowl","floor":35},{"not_picked":["Compile Driver"],"picked":"Singing Bowl","floor":36},{"not_picked":["Turbo"],"picked":"Singing Bowl","floor":37},{"not_picked":["Streamline+1"],"picked":"Singing Bowl","floor":39},{"not_picked":["Loop"],"picked":"Singing Bowl","floor":41},{"not_picked":["Barrage"],"picked":"Singing Bowl","floor":44},{"not_picked":[],"picked":"Heatsinks","floor":48},{"not_picked":[],"picked":"Skim","floor":55}],"player_experience":4111180,"relics_obtained":[{"floor":6,"key":"Vajra"},{"floor":9,"key":"Happy Flower"},{"floor":10,"key":"Centennial Puzzle"},{"floor":12,"key":"War Paint"},{"floor":14,"key":"Lantern"},{"floor":23,"key":"Regal Pillow"},{"floor":27,"key":"Ginger"},{"floor":27,"key":"Bottled Flame"},{"floor":29,"key":"Pen Nib"},{"floor":31,"key":"Singing Bowl"},{"floor":36,"key":"Thread and Needle"},{"floor":39,"key":"Torii"},{"floor":41,"key":"Anchor"},{"floor":43,"key":"Potion Belt"},{"floor":44,"key":"Bird Faced Urn"},{"floor":55,"key":"Bronze Scales"}],"event_choices":[{"damage_healed":0,"gold_gain":150,"player_choice":"AGREE","damage_taken":0,"max_hp_gain":0,"max_hp_loss":0,"event_name":"Liars Game","floor":2,"gold_loss":0,"cards_obtained":["Doubt"]},{"damage_healed":0,"gold_gain":75,"player_choice":"Gather Gold","damage_taken":11,"max_hp_gain":0,"max_hp_loss":0,"event_name":"World of Goop","floor":3,"gold_loss":0},{"cards_removed":["Doubt"],"damage_healed":0,"gold_gain":0,"player_choice":"Removed Curses","damage_taken":0,"max_hp_gain":0,"max_hp_loss":0,"event_name":"Fountain of Cleansing","floor":4,"gold_loss":0},{"damage_healed":0,"gold_gain":0,"player_choice":"Ignored","damage_taken":0,"max_hp_gain":0,"max_hp_loss":0,"event_name":"The Mausoleum","floor":19,"gold_loss":0},{"damage_healed":0,"gold_gain":0,"player_choice":"Rummage","damage_taken":0,"relics_obtained":["WarpedTongs"],"max_hp_gain":0,"max_hp_loss":0,"event_name":"Accursed Blacksmith","floor":20,"gold_loss":0,"cards_obtained":["Pain"]},{"damage_healed":0,"gold_gain":0,"player_choice":"Fight","damage_taken":0,"max_hp_gain":0,"max_hp_loss":0,"event_name":"Colosseum","floor":27,"gold_loss":0},{"damage_healed":0,"gold_gain":0,"player_choice":"Fought Nobs","damage_taken":0,"max_hp_gain":0,"max_hp_loss":0,"event_name":"Colosseum","floor":27,"gold_loss":0},{"damage_healed":0,"gold_gain":0,"player_choice":"Read","damage_taken":0,"max_hp_gain":0,"max_hp_loss":0,"event_name":"The Library","floor":28,"gold_loss":0,"cards_obtained":["Coolheaded"]},{"damage_healed":0,"gold_gain":0,"player_choice":"Fight","damage_taken":0,"max_hp_gain":0,"max_hp_loss":0,"event_name":"MindBloom","floor":36,"gold_loss":0},{"damage_healed":0,"gold_gain":0,"player_choice":"Fight","damage_taken":0,"max_hp_gain":0,"max_hp_loss":0,"event_name":"Mysterious Sphere","floor":39,"gold_loss":0},{"damage_healed":0,"gold_gain":0,"cards_transformed":["Defend_B"],"player_choice":"Transformed","damage_taken":0,"max_hp_gain":0,"max_hp_loss":0,"event_name":"Transmorgrifier","floor":47,"gold_loss":0,"cards_obtained":["Sweeping Beam"]}],"is_beta":false,"boss_relics":[{"not_picked":["Lizard Tail","Tiny House"],"picked":"Astrolabe"},{"not_picked":["Runic Dome","Velvet Choker"],"picked":"Busted Crown"}],"items_purged_floors":[11,21,38,46],"is_endless":false,"potions_floor_spawned":[1,6,7,12,18,23,27,27,33,36,44,48,55],"ascension_level":20}