{"gold_per_floor":[116,116,128,144,154,154,167,187,210,210,244,264,277,307,307,382,382,399,56,56,72,22,22,48,48,48,48,81,98,128,128,128,202,202,219,219,219,236,336,368,368,401,401,401,84,95,120,147,159,171,183,195,207,19,46,46],"floor_reached":57,"playtime":2580,"items_purged":["Strike_R","Strike_R","Strike_R"],"score":2995,"play_id":"ecb7e3ea-c75f-40b1-b6e9-739c68a6c0c9","local_time":"20190219011257","is_ascension_mode":true,"campfire_choices":[{"data":"Flex","floor":6.0,"key":"SMITH"},{"data":"Whirlwind","floor":10.0,"key":"SMITH"},{"data":"Inflame","floor":15.0,"key":"SMITH"},{"data":"Inflame","floor":23.0,"key":"SMITH"},{"data":"Disarm","floor":25.0,"key":"SMITH"},{"data":"Battle Trance","floor":27.0,"key":"SMITH"},{"data":"Juggernaut","floor":32.0,"key":"SMITH"},{"data":"Dual Wield","floor":41.0,"key":"SMITH"},{"floor":44.0,"key":"RECALL"},{"floor":49.0,"key":"REST"},{"data":"Evolve","floor":53.0,"key":"SMITH"}],"neow_cost":"NONE","seed_source_timestamp":382879400663900,"circlet_count":0,"master_deck":["AscendersBane","Strike_R","Defend_R","Defend_R","Bash","Exhume","Cleave+1","Shockwave","Battle Trance+1","Flex+1","Shrug It Off","Whirlwind+1","Disarm+1","Inflame+1","True Grit","Corruption","Double Tap","Shrug It Off","Shrug It Off","Cleave","Inflame+1","Entrench","Shrug It Off","Juggernaut+1","Dual Wield+1","Feed","Heavy Blade+1","Seeing Red","Corruption","Evolve+1","Flame Barrier","Disarm"],"special_seed":0,"relics":["Burning Blood","Ancient Tea Set","Happy Flower","Centennial Puzzle","Snecko Eye","Strange Spoon","Blood Vial","Omamori","Pen Nib","Meat on the Bone","Black Star","Nunchaku","Ice Cream","Strawberry","PreservedInsect","Bag of Marbles","Lantern","Dodecahedron","MawBank","Bag of Preparation","Letter Opener"],"potions_floor_usage":[56,56],"damage_taken":[{"damage":8.0,"enemies":"2 Louse","floor":1.0,"turns":6.0},{"damage":7.0,"enemies":"Cultist","floor":3.0,"turns":4.0},{"damage":2.0,"enemies":"Jaw Worm","floor":4.0,"turns":5.0},{"damage":14.0,"enemies":"Large Slime","floor":5.0,"turns":4.0},{"damage":0.0,"enemies":"Gremlin Gang","floor":7.0,"turns":1.0},{"damage":3.0,"enemies":"Looter","floor":8.0,"turns":3.0},{"damage":22.0,"enemies":"Lagavulin","floor":11.0,"turns":4.0},{"damage":7.0,"enemies":"Red Slaver","floor":12.0,"turns":3.0},{"damage":3.0,"enemies":"3 Louse","floor":13.0,"turns":3.0},{"damage":6.0,"enemies":"Gremlin Nob","floor":14.0,"turns":3.0},{"damage":29.0,"enemies":"Hexaghost","floor":16.0,"turns":9.0},{"damage":4.0,"enemies":"Chosen","floor":18.0,"turns":4.0},{"damage":0.0,"enemies":"3 Byrds","floor":21.0,"turns":3.0},{"damage":4.0,"enemies":"Book of Stabbing","floor":24.0,"turns":5.0},{"damage":8.0,"enemies":"Gremlin Leader","floor":28.0,"turns":3.0},{"damage":0.0,"enemies":"Snecko","floor":29.0,"turns":3.0},{"damage":0.0,"enemies":"Book of Stabbing","floor":30.0,"turns":5.0},{"damage":3.0,"enemies":"Champ","floor":33.0,"turns":6.0},{"damage":10.0,"enemies":"3 Darklings","floor":35.0,"turns":4.0},{"damage":5.0,"enemies":"3 Shapes","floor":38.0,"turns":5.0},{"damage":10.0,"enemies":"Mind Bloom Boss Battle","floor":39.0,"turns":5.0},{"damage":0.0,"enemies":"Giant Head","floor":40.0,"turns":5.0},{"damage":37.0,"enemies":"Reptomancer","floor":42.0,"turns":7.0},{"damage":6.0,"enemies":"Jaw Worm Horde","floor":46.0,"turns":2.0},{"damage":8.0,"enemies":"Giant Head","floor":47.0,"turns":4.0},{"damage":0.0,"enemies":"3 Darklings","floor":48.0,"turns":2.0},{"damage":52.0,"enemies":"Time Eater","floor":50.0,"turns":9.0},{"damage":26.0,"enemies":"Awakened One","floor":51.0,"turns":8.0},{"damage":0.0,"enemies":"Shield and Spear","floor":55.0,"turns":2.0},{"damage":84,"enemies":"The Heart","floor":56,"turns":7}],"seed_played":"-4059172077007110744","potions_obtained":[{"floor":3.0,"key":"Explosive Potion"},{"floor":4.0,"key":"SkillPotion"},{"floor":5.0,"key":"Swift Potion"},{"floor":14.0,"key":"FearPotion"},{"floor":16.0,"key":"Ancient Potion"},{"floor":30.0,"key":"Swift Potion"},{"floor":33.0,"key":"Dexterity Potion"},{"floor":38.0,"key":"Swift Potion"},{"floor":42.0,"key":"LiquidBronze"}],"is_trial":false,"path_per_floor":["M","?","M","M","M","R","M","M","T","R","E","M","M","E","R","B",null,"M","$","?","M","?","R","E","R","T","R","E","M","E","?","R","B",null,"M","?","?","M","?","E","R","E","T","R","$","M","E","M","R","B","B",null,"R","$","E","B",null],"character_chosen":"IRONCLAD","items_purchased":["Strange Spoon","Shrug It Off","Corruption","Lantern","Flame Barrier"],"campfire_rested":1,"item_purchase_floors":[19,19,45,45,54],"current_hp_per_floor":[66,66,65,69,61,61,67,70,70,70,54,53,56,56,56,33,65,67,67,67,73,73,73,75,75,75,75,73,75,75,75,75,75,75,74,78,78,81,77,91,91,60,60,60,60,62,62,70,91,57,51,81,81,81,92,28],"gold":46,"neow_bonus":"TRANSFORM_CARD","is_prod":false,"is_daily":false,"chose_seed":false,"campfire_upgraded":9,"win_rate":0,"timestamp":1550506377,"path_taken":["M","?","M","M","M","R","M","?","T","R","E","M","M","E","R","BOSS","M","$","?","M","?","R","E","R","T","R","E","?","E","?","R","BOSS","M","?","?","?","?","E","R","E","T","R","?","M","E","M","R","BOSS","BOSS","R","$","E","BOSS"],"build_version":"2019-01-23","purchased_purges":3,"victory":true,"max_hp_per_floor":[75,75,75,75,75,75,75,75,75,75,75,75,75,75,75,75,75,75,75,75,75,75,75,75,75,75,75,75,75,75,75,75,75,75,78,78,78,81,81,91,91,91,91,91,91,91,91,91,91,91,91,91,91,91,94,94],"card_choices":[{"not_picked":["Iron Wave","Ghostly Armor"],"picked":"Cleave","floor":1.0},{"not_picked":["Thunderclap","Second Wind"],"picked":"Shockwave","floor":3.0},{"not_picked":["Shrug It Off","Ghostly Armor"],"picked":"Battle Trance","floor":4.0},{"not_picked":["Seeing Red","Clothesline"],"picked":"Flex","floor":5.0},{"not_picked":["Clothesline","Perfected Strike"],"picked":"Shrug It Off","floor":7.0},{"not_picked":["Metallicize","Impervious"],"picked":"Whirlwind","floor":8.0},{"not_picked":["Shrug It Off","Uppercut"],"picked":"Disarm","floor":11.0},{"not_picked":["Clash","Thunderclap"],"picked":"Inflame","floor":12.0},{"not_picked":["Clothesline","Pommel Strike"],"picked":"True Grit","floor":13.0},{"not_picked":["Armaments","Bludgeon"],"picked":"Corruption","floor":14.0},{"not_picked":["Berserk","Demon Form"],"picked":"Double Tap","floor":16.0},{"not_picked":["Shrug It Off","Anger","Pommel Strike"],"picked":"SKIP","floor":18.0},{"not_picked":["Anger","Pommel Strike"],"picked":"Shrug It Off","floor":18.0},{"not_picked":["Anger","Shockwave","Havoc"],"picked":"SKIP","floor":21.0},{"not_picked":["True Grit","Spot Weakness"],"picked":"Entrench","floor":24.0},{"not_picked":["Flex","Sever Soul","Shrug It Off"],"picked":"SKIP","floor":28.0},{"not_picked":["Flex","Sever Soul"],"picked":"Shrug It Off","floor":28.0},{"not_picked":["Warcry","Anger","True Grit"],"picked":"SKIP","floor":29.0},{"not_picked":["Twin Strike","Battle Trance"],"picked":"Juggernaut","floor":30.0},{"not_picked":["Brutality","Double Tap"],"picked":"Feed","floor":33.0},{"not_picked":["Cleave","Bloodletting+1","Searing Blow+1"],"picked":"SKIP","floor":35.0},{"not_picked":["Armaments+1","Intimidate+1"],"picked":"Heavy Blade+1","floor":38.0},{"not_picked":["Wild Strike","Cleave","Clothesline"],"picked":"SKIP","floor":40.0},{"not_picked":["Headbutt","Armaments"],"picked":"Seeing Red","floor":42.0},{"not_picked":["Havoc","Rupture+1"],"picked":"Evolve","floor":46.0},{"not_picked":["Carnage","Searing Blow","Whirlwind+1"],"picked":"SKIP","floor":47.0},{"not_picked":["Entrench","Whirlwind","Corruption+1"],"picked":"SKIP","floor":48.0},{"not_picked":["Sword Boomerang","Searing Blow"],"picked":"Disarm","floor":55.0}],"player_experience":4337813,"relics_obtained":[{"floor":9.0,"key":"Ancient Tea Set"},{"floor":11.0,"key":"Happy Flower"},{"floor":14.0,"key":"Centennial Puzzle"},{"floor":24.0,"key":"Blood Vial"},{"floor":26.0,"key":"Omamori"},{"floor":28.0,"key":"Pen Nib"},{"floor":30.0,"key":"Meat on the Bone"},{"floor":39.0,"key":"Nunchaku"},{"floor":40.0,"key":"Ice Cream"},{"floor":40.0,"key":"Strawberry"},{"floor":42.0,"key":"PreservedInsect"},{"floor":42.0,"key":"Bag of Marbles"},{"floor":47.0,"key":"Dodecahedron"},{"floor":47.0,"key":"MawBank"},{"floor":55.0,"key":"Bag of Preparation"},{"floor":55.0,"key":"Letter Opener"}],"event_choices":[{"damage_healed":0.0,"max_hp_gain":0.0,"max_hp_loss":0.0,"gold_gain":0.0,"event_name":"Upgrade Shrine","player_choice":"Upgraded","floor":2.0,"gold_loss":0.0,"damage_taken":0.0,"cards_upgraded":["Cleave"]},{"damage_healed":0.0,"max_hp_gain":0.0,"max_hp_loss":0.0,"gold_gain":0.0,"cards_transformed":["Defend_R","Defend_R"],"event_name":"Drug Dealer","player_choice":"Became Test Subject","floor":20.0,"gold_loss":0.0,"damage_taken":0.0,"cards_obtained":["Cleave","Inflame"]},{"damage_healed":0.0,"max_hp_gain":0.0,"max_hp_loss":0.0,"gold_gain":0.0,"event_name":"The Joust","player_choice":"Bet on Murderer","floor":22.0,"gold_loss":50.0,"damage_taken":0.0},{"damage_healed":0.0,"max_hp_gain":0.0,"max_hp_loss":0.0,"gold_gain":0.0,"event_name":"The Library","player_choice":"Read","floor":31.0,"gold_loss":0.0,"damage_taken":0.0,"cards_obtained":["Dual Wield"]},{"damage_healed":16.0,"max_hp_gain":0.0,"max_hp_loss":0.0,"gold_gain":0.0,"event_name":"Winding Halls","player_choice":"Writhe","floor":36.0,"gold_loss":0.0,"damage_taken":0.0,"cards_obtained":["Writhe"]},{"damage_healed":0.0,"max_hp_gain":0.0,"max_hp_loss":0.0,"gold_gain":0.0,"event_name":"Lab","player_choice":"Got Potions","floor":37.0,"gold_loss":0.0,"damage_taken":0.0},{"damage_healed":0.0,"max_hp_gain":0.0,"max_hp_loss":0.0,"gold_gain":0.0,"event_name":"MindBloom","player_choice":"Fight","floor":39.0,"gold_loss":0.0,"damage_taken":0.0}],"is_beta":false,"boss_relics":[{"not_picked":["Ectoplasm","Coffee Dripper"],"picked":"Snecko Eye"},{"not_picked":["Pandora\u0027s Box","Tiny House"],"picked":"Black Star"}],"items_purged_floors":[19,45,54],"is_endless":false,"potions_floor_spawned":[3,4,5,13,14,16,30,33,35,38,42,55],"ascension_level":20}