{"gold_per_floor":[115,165,184,184,196,196,221,235,235,3,37,37,56,71,71,149,149,162,29,43,55,75,75,75],"floor_reached":24,"playtime":1136,"items_purged":["Strike_B","Strike_B"],"score":368,"play_id":"b9a8457a-32aa-480b-92d4-7eb6570171d3","local_time":"20190116020540","is_ascension_mode":true,"campfire_choices":[{"data":"Darkness","floor":6.0,"key":"SMITH"},{"data":"Coolheaded","floor":12.0,"key":"SMITH"},{"data":"Zap","floor":12.0,"key":"SMITH"},{"floor":15.0,"key":"REST"},{"floor":23,"key":"REST"}],"neow_cost":"NONE","seed_source_timestamp":461039537256942,"circlet_count":0,"master_deck":["AscendersBane","Strike_B","Defend_B","Defend_B","Defend_B","Defend_B","Zap+1","Dualcast","Darkness+1","Chaos+1","Compile Driver","Skim+1","Coolheaded+1","Genetic Algorithm","FTL","Hyperbeam","Time Bomb+1","Compile Driver+1","Hologram"],"special_seed":0,"relics":["Cracked Core","Iron Hammer","Arrowhead","Guide Book","Nunchaku","Busted Crown"],"potions_floor_usage":[16,16,24],"damage_taken":[{"damage":0.0,"enemies":"Cultist","floor":1.0,"turns":3.0},{"damage":16.0,"enemies":"Jaw Worm","floor":3.0,"turns":4.0},{"damage":5.0,"enemies":"2 Louse","floor":5.0,"turns":3.0},{"damage":10.0,"enemies":"Lagavulin","floor":7.0,"turns":5.0},{"damage":0.0,"enemies":"Large Slime","floor":8.0,"turns":4.0},{"damage":2.0,"enemies":"Erikyupuro","floor":11.0,"turns":6.0},{"damage":19.0,"enemies":"Lots of Slimes","floor":13.0,"turns":3.0},{"damage":6.0,"enemies":"Exordium Wildlife","floor":14.0,"turns":4.0},{"damage":31,"enemies":"Fading Forest","floor":16,"turns":11},{"damage":26,"enemies":"3 Byrds","floor":18,"turns":4},{"damage":10,"enemies":"2 Thieves","floor":20,"turns":2},{"damage":16,"enemies":"Snake Plant","floor":21,"turns":2},{"damage":1,"enemies":"Centurion and Healer","floor":22,"turns":6},{"damage":23,"enemies":"Gremlin Leader","floor":24,"turns":4}],"seed_played":"-6601259993800821878","potions_obtained":[{"floor":1.0,"key":"Dexterity Potion"},{"floor":4.0,"key":"Swift Potion"},{"floor":21,"key":"EssenceOfSteel"},{"floor":22,"key":"Venom Potion"}],"is_trial":false,"path_per_floor":["M","?","M","?","M","R","E","M","T","$","E","R","M","M","R","B",null,"M","$","M","M","M","R","E"],"character_chosen":"DEFECT","items_purchased":["Guide Book","Compile Driver+1"],"campfire_rested":2,"item_purchase_floors":[10,19],"current_hp_per_floor":[64,64,48,48,43,43,33,33,33,33,31,31,12,6,27,4,54,28,28,18,2,1,22,0],"gold":75,"neow_bonus":"REMOVE_CARD","is_prod":false,"is_daily":false,"chose_seed":false,"campfire_upgraded":3,"win_rate":0,"timestamp":1547571940,"path_taken":["M","?","?","?","M","R","E","M","T","$","E","R","M","M","R","BOSS","M","$","?","?","M","R","E"],"build_version":"2019-01-10","purchased_purges":2,"victory":false,"max_hp_per_floor":[71,71,71,71,71,71,71,71,71,71,71,71,71,71,71,71,71,71,71,71,71,71,71,71],"card_choices":[{"not_picked":["Beam Cell","Melter"],"picked":"Darkness","floor":1.0},{"not_picked":["Reprogram","Sweeping Beam"],"picked":"Chaos","floor":3.0},{"not_picked":["Beam Cell","Loop"],"picked":"Compile Driver","floor":5.0},{"not_picked":["White Noise","FIFO Queue"],"picked":"Skim","floor":7.0},{"not_picked":["Gash","Go for the Eyes"],"picked":"Coolheaded","floor":8.0},{"not_picked":["ReplaySolidLightProjector","Leap","Compile Driver"],"picked":"SKIP","floor":11.0},{"not_picked":["Doom and Gloom","Creative AI"],"picked":"Genetic Algorithm","floor":13.0},{"not_picked":["ReplayTheSpireMod:Repulse","Aggregate"],"picked":"FTL","floor":14.0},{"not_picked":["Machine Learning","Mirror Shield"],"picked":"Hyperbeam","floor":16},{"not_picked":[],"picked":"Time Bomb+1","floor":18},{"not_picked":["Steam Power"],"picked":"SKIP","floor":20},{"not_picked":[],"picked":"Hologram","floor":21},{"not_picked":["Sunder"],"picked":"SKIP","floor":22}],"player_experience":4092190,"relics_obtained":[{"floor":7.0,"key":"Iron Hammer"},{"floor":9.0,"key":"Arrowhead"},{"floor":11.0,"key":"Nunchaku"}],"event_choices":[{"damage_healed":0.0,"max_hp_gain":0.0,"max_hp_loss":0.0,"gold_gain":50.0,"event_name":"Golden Shrine","player_choice":"Pray","floor":2.0,"gold_loss":0.0,"damage_taken":0.0},{"damage_healed":0.0,"max_hp_gain":0.0,"max_hp_loss":0.0,"gold_gain":0.0,"event_name":"Lab","player_choice":"Got Potions","floor":4.0,"gold_loss":0.0,"damage_taken":0.0}],"is_beta":false,"boss_relics":[{"not_picked":["Lizard Tail","Runic Dome"],"picked":"Busted Crown"}],"items_purged_floors":[10,19],"is_endless":false,"potions_floor_spawned":[1,5,7,11,14,21,22],"killed_by":"Gremlin Leader","ascension_level":15}