{"gold_per_floor":[111,131,56,56,56,81,81,81,107,107,182,182,193,209,209,304,304,321,337,403,453,503],"floor_reached":22,"playtime":998,"items_purged":["Strike_R"],"score":221,"play_id":"b4d8c627-0e04-46dc-bf83-6de17fbf3ac8","local_time":"20190220115004","is_ascension_mode":true,"campfire_choices":[{"floor":7.0,"key":"REST"},{"data":"Body Slam","floor":15.0,"key":"SMITH"}],"neow_cost":"NONE","seed_source_timestamp":6429352699050,"circlet_count":0,"master_deck":["Strike_R+1","Strike_R","Strike_R","Strike_R","Defend_R","Defend_R","Defend_R","Defend_R","Bash+1","Entrench+1","Body Slam+1","Immolate","Body Slam+1","Spot Weakness","Barricade+1","Power Through","Evolve+1"],"special_seed":0,"relics":["Burning Blood","Whetstone","Magic Flower","Regal Pillow","Mummified Hand","SsserpentHead","Philosopher\u0027s Stone"],"potions_floor_usage":[16,16],"damage_taken":[{"damage":1.0,"enemies":"Cultist","floor":1.0,"turns":4.0},{"damage":9.0,"enemies":"Jaw Worm","floor":2.0,"turns":3.0},{"damage":46.0,"enemies":"Gremlin Nob","floor":6.0,"turns":5.0},{"damage":0.0,"enemies":"Small Slimes","floor":13.0,"turns":2.0},{"damage":7.0,"enemies":"Looter","floor":14.0,"turns":3.0},{"damage":43,"enemies":"Hexaghost","floor":16,"turns":9},{"damage":30,"enemies":"Spheric Guardian","floor":18,"turns":4},{"damage":12,"enemies":"Shell Parasite","floor":19,"turns":4},{"damage":41,"enemies":"Chosen and Byrds","floor":20,"turns":6},{"damage":34,"enemies":"Snecko","floor":22,"turns":3}],"seed_played":"-8986465333831180567","potions_obtained":[{"floor":2.0,"key":"Explosive Potion"},{"floor":6.0,"key":"SteroidPotion"},{"floor":13.0,"key":"Fire Potion"},{"floor":14.0,"key":"Energy Potion"}],"is_trial":false,"path_per_floor":["M","M","$","?","$","E","R","?","T","T","?","?","M","M","R","B",null,"M","M","M","?","M"],"character_chosen":"IRONCLAD","items_purchased":[],"campfire_rested":1,"item_purchase_floors":[],"current_hp_per_floor":[80,77,77,61,61,21,45,50,50,50,39,39,48,50,50,16,85,64,61,29,29,0],"gold":503,"neow_bonus":"RANDOM_COMMON_RELIC","is_prod":false,"is_daily":false,"chose_seed":false,"campfire_upgraded":1,"win_rate":0,"timestamp":1550631004,"path_taken":["M","M","?","?","$","E","R","?","T","?","?","?","M","M","R","BOSS","M","M","?","?","?"],"build_version":"2019-01-23","purchased_purges":1,"victory":false,"max_hp_per_floor":[80,80,80,80,80,80,80,85,85,85,85,85,85,85,85,85,85,85,85,85,85,85],"card_choices":[{"not_picked":["Wild Strike","Blood for Blood"],"picked":"Entrench","floor":1.0},{"not_picked":["Iron Wave","Heavy Blade"],"picked":"Body Slam","floor":2.0},{"not_picked":["Thunderclap","Shockwave"],"picked":"Immolate","floor":6.0},{"not_picked":["Inflame","Corruption"],"picked":"Body Slam","floor":13.0},{"not_picked":["Sword Boomerang","Twin Strike"],"picked":"Spot Weakness","floor":14.0},{"not_picked":["Juggernaut","Offering"],"picked":"Barricade","floor":16},{"not_picked":["Sentinel","Spot Weakness"],"picked":"Power Through","floor":18},{"not_picked":["Flex","Disarm+1","Dual Wield+1"],"picked":"SKIP","floor":19},{"not_picked":["Thunderclap","Shrug It Off"],"picked":"Evolve+1","floor":20}],"player_experience":147599,"relics_obtained":[{"floor":6.0,"key":"Magic Flower"},{"floor":9.0,"key":"Regal Pillow"},{"floor":10.0,"key":"Mummified Hand"}],"event_choices":[{"damage_healed":0.0,"max_hp_gain":0.0,"max_hp_loss":0.0,"gold_gain":0.0,"event_name":"Shining Light","player_choice":"Entered Light","floor":4.0,"gold_loss":0.0,"damage_taken":16.0,"cards_upgraded":["Body Slam","Entrench"]},{"damage_healed":0.0,"max_hp_gain":5.0,"max_hp_loss":0.0,"gold_gain":0.0,"event_name":"Big Fish","player_choice":"Donut","floor":8.0,"gold_loss":0.0,"damage_taken":0.0},{"damage_healed":0.0,"max_hp_gain":0.0,"max_hp_loss":0.0,"gold_gain":75.0,"event_name":"World of Goop","player_choice":"Gather Gold","floor":11.0,"gold_loss":0.0,"damage_taken":11.0},{"damage_healed":0.0,"max_hp_gain":0.0,"max_hp_loss":0.0,"gold_gain":0.0,"event_name":"FaceTrader","player_choice":"Trade","floor":12.0,"gold_loss":0.0,"damage_taken":0.0,"relics_obtained":["SsserpentHead"]},{"damage_healed":0,"gold_gain":0,"player_choice":"Forge","damage_taken":0,"max_hp_gain":0,"max_hp_loss":0,"event_name":"Accursed Blacksmith","floor":21,"gold_loss":0,"cards_upgraded":["Barricade"]}],"is_beta":false,"boss_relics":[{"not_picked":["Runic Pyramid","Lizard Tail"],"picked":"Philosopher\u0027s Stone"}],"items_purged_floors":[3],"is_endless":false,"potions_floor_spawned":[2,6,13,14],"killed_by":"Snecko","ascension_level":4}