{"gold_per_floor":[212,226,226,226,226,226,252,266,291,291,321,30,30,61,61,140,140,158,58,74,74,74,74,74,100,112,35,35,35,35,51,51,130,130,141,191,210,220,95,95],"floor_reached":40,"playtime":2367,"items_purged":["Strike_B","Defend_B","Defend_B"],"score":796,"play_id":"3be422fd-e9ab-4722-ab3c-9d0fbaa737d5","local_time":"20190318220442","is_ascension_mode":true,"campfire_choices":[{"floor":6.0,"key":"REST"},{"floor":10.0,"key":"REST"},{"data":"Scrape","floor":15.0,"key":"SMITH"},{"data":"Coolheaded","floor":23.0,"key":"SMITH"},{"floor":28.0,"key":"REST"},{"data":"Self Repair","floor":30.0,"key":"SMITH"},{"data":"Coolheaded","floor":32.0,"key":"SMITH"}],"neow_cost":"NONE","seed_source_timestamp":296674367682957,"circlet_count":0,"master_deck":["AscendersBane","Strike_B+1","Defend_B","Zap","Dualcast+1","Scrape+1","Conserve Battery","Coolheaded+1","Steam","Go for the Eyes","Ball Lightning","FTL","All For One","Gash","Cold Snap","Coolheaded+1","Coolheaded+1","Self Repair+1","Go for the Eyes","Reboot","Go for the Eyes"],"special_seed":0,"relics":["Cracked Core","Regal Pillow","Bag of Preparation","Odd Mushroom","Bronze Scales","Pear","Empty Cage","MawBank","Symbiotic Virus","Runic Pyramid"],"potions_floor_usage":[38,38,38,40],"damage_taken":[{"damage":4.0,"enemies":"Jaw Worm","floor":1.0,"turns":4.0},{"damage":3.0,"enemies":"2 Louse","floor":2.0,"turns":4.0},{"damage":29.0,"enemies":"3 Sentries","floor":7.0,"turns":13.0},{"damage":0.0,"enemies":"Small Slimes","floor":8.0,"turns":3.0},{"damage":1.0,"enemies":"The Mushroom Lair","floor":11.0,"turns":4.0},{"damage":5.0,"enemies":"Gremlin Nob","floor":14.0,"turns":3.0},{"damage":43.0,"enemies":"Hexaghost","floor":16.0,"turns":9.0},{"damage":2.0,"enemies":"3 Byrds","floor":18.0,"turns":4.0},{"damage":7.0,"enemies":"Shell Parasite","floor":20.0,"turns":3.0},{"damage":29.0,"enemies":"Slavers","floor":25.0,"turns":5.0},{"damage":20.0,"enemies":"Centurion and Healer","floor":31.0,"turns":4.0},{"damage":57.0,"enemies":"Champ","floor":33.0,"turns":15.0},{"damage":16.0,"enemies":"3 Darklings","floor":35.0,"turns":7.0},{"damage":2.0,"enemies":"Orb Walker","floor":37.0,"turns":3.0},{"damage":12,"enemies":"4 Shapes","floor":38,"turns":6},{"damage":72,"enemies":"Giant Head","floor":40,"turns":7}],"seed_played":"4387858209298180995","potions_obtained":[{"floor":2.0,"key":"SkillPotion"},{"floor":7.0,"key":"Explosive Potion"},{"floor":16.0,"key":"AttackPotion"},{"floor":31.0,"key":"SkillPotion"},{"floor":33.0,"key":"FearPotion"},{"floor":35.0,"key":"EntropicBrew"}],"is_trial":false,"path_per_floor":["M","M","?","?","?","R","E","M","T","R","?","$","?","E","R","B",null,"M","$","M","?","?","R","$","E","T","$","R","?","R","M","R","B",null,"M","?","M","M","$","E"],"character_chosen":"DEFECT","items_purchased":["Bronze Scales","Ball Lightning","Self Repair"],"campfire_rested":3,"item_purchase_floors":[12,12,27],"current_hp_per_floor":[60,57,36,36,41,63,34,34,34,71,70,70,70,75,75,32,73,71,71,64,64,64,64,64,35,35,35,75,75,75,65,65,18,69,63,63,71,69,69,0],"gold":95,"neow_bonus":"HUNDRED_GOLD","is_prod":false,"is_daily":false,"chose_seed":false,"campfire_upgraded":4,"win_rate":0,"timestamp":1552961082,"path_taken":["M","M","?","?","?","R","E","M","T","R","?","$","?","E","R","BOSS","M","$","M","?","?","R","$","E","T","?","R","?","R","M","R","BOSS","M","?","?","M","$","E"],"build_version":"2019-01-23","purchased_purges":3,"victory":false,"max_hp_per_floor":[71,71,71,71,76,76,76,76,76,76,76,76,76,86,86,86,86,86,86,86,86,86,86,86,86,86,86,86,86,86,86,86,86,86,86,86,86,86,86,86],"card_choices":[{"not_picked":["Gash","Recycle"],"picked":"Scrape","floor":1.0},{"not_picked":["Reprogram","Leap"],"picked":"Conserve Battery","floor":2.0},{"not_picked":["Heatsinks","Machine Learning"],"picked":"Coolheaded","floor":7.0},{"not_picked":["Hologram","Barrage"],"picked":"Steam","floor":8.0},{"not_picked":["Conserve Battery","Fusion"],"picked":"Go for the Eyes","floor":11.0},{"not_picked":["Redo","Ball Lightning"],"picked":"FTL","floor":14.0},{"not_picked":["Meteor Strike","Electrodynamics"],"picked":"All For One","floor":16.0},{"not_picked":["Cold Snap","Coolheaded"],"picked":"Gash","floor":18.0},{"not_picked":["Steam Power","Stack"],"picked":"Cold Snap","floor":20.0},{"not_picked":["Lockon","Sweeping Beam"],"picked":"Coolheaded+1","floor":25.0},{"not_picked":["Fusion","Ball Lightning+1"],"picked":"Go for the Eyes","floor":31.0},{"not_picked":["All For One","Biased Cognition"],"picked":"Reboot","floor":33.0},{"not_picked":["Rebound","Streamline","Ball Lightning+1"],"picked":"SKIP","floor":35.0},{"not_picked":["Undo","Blizzard"],"picked":"Go for the Eyes","floor":37.0},{"not_picked":["Undo","Coolheaded","Sweeping Beam"],"picked":"SKIP","floor":38}],"player_experience":551642,"relics_obtained":[{"floor":7.0,"key":"Regal Pillow"},{"floor":9.0,"key":"Bag of Preparation"},{"floor":11.0,"key":"Odd Mushroom"},{"floor":14.0,"key":"Pear"},{"floor":25.0,"key":"MawBank"},{"floor":26.0,"key":"Symbiotic Virus"}],"event_choices":[{"damage_healed":0.0,"max_hp_gain":0.0,"max_hp_loss":0.0,"gold_gain":0.0,"event_name":"Shining Light","player_choice":"Entered Light","floor":3.0,"gold_loss":0.0,"damage_taken":21.0,"cards_upgraded":["Dualcast","Strike_B"]},{"damage_healed":0.0,"max_hp_gain":0.0,"max_hp_loss":0.0,"gold_gain":0.0,"event_name":"Liars Game","player_choice":"Ignored","floor":4.0,"gold_loss":0.0,"damage_taken":0.0},{"damage_healed":0.0,"max_hp_gain":5.0,"max_hp_loss":0.0,"gold_gain":0.0,"event_name":"Big Fish","player_choice":"Donut","floor":5.0,"gold_loss":0.0,"damage_taken":0.0},{"damage_healed":0.0,"max_hp_gain":0.0,"max_hp_loss":0.0,"gold_gain":0.0,"event_name":"Mushrooms","player_choice":"Fought Mushrooms","floor":11.0,"gold_loss":0.0,"damage_taken":0.0},{"damage_healed":0.0,"max_hp_gain":0.0,"max_hp_loss":0.0,"gold_gain":0.0,"event_name":"The Cleric","player_choice":"Leave","floor":13.0,"gold_loss":0.0,"damage_taken":0.0},{"damage_healed":0.0,"max_hp_gain":0.0,"max_hp_loss":0.0,"gold_gain":0.0,"event_name":"The Library","player_choice":"Read","floor":21.0,"gold_loss":0.0,"damage_taken":0.0,"cards_obtained":["Coolheaded"]},{"damage_healed":0.0,"max_hp_gain":0.0,"max_hp_loss":0.0,"gold_gain":0.0,"event_name":"Vampires","player_choice":"Ignored","floor":22.0,"gold_loss":0.0,"damage_taken":0.0},{"cards_removed":["Defend_B"],"damage_healed":0.0,"max_hp_gain":0.0,"max_hp_loss":0.0,"gold_gain":0.0,"event_name":"Back to Basics","player_choice":"Elegance","floor":29.0,"gold_loss":0.0,"damage_taken":0.0},{"damage_healed":0.0,"max_hp_gain":0.0,"max_hp_loss":0.0,"gold_gain":50.0,"event_name":"Golden Shrine","player_choice":"Pray","floor":36.0,"gold_loss":0.0,"damage_taken":0.0}],"is_beta":false,"boss_relics":[{"not_picked":["Philosopher\u0027s Stone","Pandora\u0027s Box"],"picked":"Empty Cage"},{"not_picked":["Cursed Key","Tiny House"],"picked":"Runic Pyramid"}],"items_purged_floors":[12,19,39],"is_endless":false,"potions_floor_spawned":[2,7,16,31,33,35],"killed_by":"Giant Head","ascension_level":19}