{"gold_per_floor":[115,131,142,142,142,142,152,163,163,194,194,244,268,299,299,372,372,385,417,342,542,236,236,269,269,322,322,333,352,379,391,391,463,463,475,475,455,472,472,499,511,523,535,573,599,1,1,17,17,17],"floor_reached":51,"playtime":2307,"items_purged":["Strike_B"],"score":1468,"play_id":"79b91eae-ebdd-4a56-9702-1886f829c6ef","local_time":"20190303202347","is_ascension_mode":true,"campfire_choices":[{"data":"Streamline","floor":6.0,"key":"SMITH"},{"floor":15.0,"key":"REST"},{"data":"Dualcast","floor":23.0,"key":"SMITH"},{"data":"Reinforced Body","floor":25.0,"key":"SMITH"},{"floor":27.0,"key":"REST"},{"floor":32.0,"key":"REST"},{"floor":42.0,"key":"REST"},{"floor":47.0,"key":"REST"},{"floor":49.0,"key":"REST"}],"neow_cost":"TEN_PERCENT_HP_LOSS","seed_source_timestamp":170112452200378,"circlet_count":0,"master_deck":["AscendersBane","Zap","Dualcast+1","Reinforced Body+1","Gash","Hologram","All For One","All For One","Gash","Gash","Go for the Eyes+1","Creative AI","Defragment","Cold Snap","Core Surge","Cold Snap+1","Biased Cognition+1","Self Repair+1","Steam+1","Buffer","FTL","Panache","Dark Shackles","Gash"],"special_seed":0,"relics":["Cracked Core","Mercury Hourglass","Torii","Strawberry","Pen Nib","Letter Opener","Sozu","Red Mask","Lee\u0027s Waffle","Centennial Puzzle","Oddly Smooth Stone","Bottled Flame","Astrolabe","MawBank","Symbiotic Virus","DataDisk","OrangePellets"],"potions_floor_usage":[],"damage_taken":[{"damage":1.0,"enemies":"Cultist","floor":1.0,"turns":3.0},{"damage":8.0,"enemies":"Small Slimes","floor":2.0,"turns":3.0},{"damage":2.0,"enemies":"Jaw Worm","floor":3.0,"turns":3.0},{"damage":4.0,"enemies":"2 Fungi Beasts","floor":7.0,"turns":3.0},{"damage":5.0,"enemies":"Looter","floor":8.0,"turns":4.0},{"damage":0.0,"enemies":"Lagavulin","floor":10.0,"turns":6.0},{"damage":10.0,"enemies":"Gremlin Nob","floor":14.0,"turns":4.0},{"damage":13.0,"enemies":"Slime Boss","floor":16.0,"turns":7.0},{"damage":30.0,"enemies":"Shell Parasite","floor":18.0,"turns":4.0},{"damage":11.0,"enemies":"Masked Bandits","floor":19.0,"turns":4.0},{"damage":24.0,"enemies":"Book of Stabbing","floor":24.0,"turns":4.0},{"damage":0.0,"enemies":"Spheric Guardian","floor":28.0,"turns":2.0},{"damage":2.0,"enemies":"3 Cultists","floor":29.0,"turns":3.0},{"damage":50.0,"enemies":"Slavers","floor":30.0,"turns":5.0},{"damage":10.0,"enemies":"Cultist and Chosen","floor":31.0,"turns":4.0},{"damage":1.0,"enemies":"Collector","floor":33.0,"turns":6.0},{"damage":6.0,"enemies":"3 Shapes","floor":35.0,"turns":4.0},{"damage":24.0,"enemies":"3 Darklings","floor":38.0,"turns":4.0},{"damage":53.0,"enemies":"Nemesis","floor":40.0,"turns":7.0},{"damage":19.0,"enemies":"Reptomancer","floor":44.0,"turns":4.0},{"damage":13.0,"enemies":"Jaw Worm Horde","floor":45.0,"turns":3.0},{"damage":14.0,"enemies":"Sphere and 2 Shapes","floor":48.0,"turns":2.0},{"damage":18,"enemies":"Awakened One","floor":50,"turns":10}],"seed_played":"-4801437791532977835","potions_obtained":[{"floor":1.0,"key":"Strength Potion"},{"floor":2.0,"key":"PowerPotion"},{"floor":10.0,"key":"Dexterity Potion"}],"is_trial":false,"path_per_floor":["M","M","M","?","?","R","M","M","T","E","?","T","T","E","R","B",null,"M","?","?","?","$","R","E","R","T","R","M","M","E","M","R","B",null,"M","?","?","M","$","E","?","R","T","E","M","$","R","M","R","B",null],"character_chosen":"DEFECT","items_purchased":["Lee\u0027s Waffle","FTL","OrangePellets","Panache","Dark Shackles"],"campfire_rested":6,"item_purchase_floors":[22,46,46,46,46],"current_hp_per_floor":[63,55,53,53,46,46,42,37,37,37,37,44,44,34,55,42,64,34,23,23,23,78,78,54,54,54,77,77,75,25,15,38,37,68,72,72,72,58,58,5,5,28,28,19,6,6,29,15,38,20],"gold":17,"neow_bonus":"REMOVE_TWO","is_prod":false,"is_daily":false,"chose_seed":false,"campfire_upgraded":3,"win_rate":0,"timestamp":1551662627,"path_taken":["M","?","M","?","?","R","M","M","T","E","?","?","?","E","R","BOSS","M","?","?","?","$","R","E","R","T","R","M","?","E","M","R","BOSS","M","?","?","?","?","E","?","R","T","E","M","$","R","M","R","BOSS"],"build_version":"2019-01-23","purchased_purges":1,"victory":true,"max_hp_per_floor":[64,64,64,64,64,64,64,64,64,64,64,71,71,71,71,71,71,71,71,71,71,78,78,78,78,78,78,78,78,78,78,78,78,78,78,78,78,78,78,78,78,78,78,78,78,78,78,78,78,78],"card_choices":[{"not_picked":["Force Field","Barrage"],"picked":"Consume","floor":1.0},{"not_picked":["Double Energy","Heatsinks"],"picked":"Reinforced Body","floor":2.0},{"not_picked":["Blizzard","Beam Cell"],"picked":"Streamline","floor":3.0},{"not_picked":["Hologram","Skim"],"picked":"Gash","floor":7.0},{"not_picked":["Steam","Compile Driver"],"picked":"Hologram","floor":8.0},{"not_picked":["Double Energy","Aggregate","Multi-Cast"],"picked":"SKIP","floor":10.0},{"not_picked":["Gash","Hologram"],"picked":"All For One","floor":14.0},{"not_picked":["Amplify","Fission"],"picked":"All For One","floor":16.0},{"not_picked":["Consume","Steam Power","Conserve Battery"],"picked":"SKIP","floor":18.0},{"not_picked":["Coolheaded","Barrage"],"picked":"Gash","floor":19.0},{"not_picked":["Self Repair","Steam"],"picked":"Gash","floor":24.0},{"not_picked":["Cold Snap+1","Streamline"],"picked":"Go for the Eyes+1","floor":28.0},{"not_picked":["Melter","Chaos"],"picked":"Creative AI","floor":29.0},{"not_picked":["Undo+1","Chill"],"picked":"Defragment","floor":30.0},{"not_picked":["Streamline","Conserve Battery"],"picked":"Cold Snap","floor":31.0},{"not_picked":["Machine Learning","Amplify"],"picked":"Core Surge","floor":33.0},{"not_picked":["Rebound","Steam Power","Doom and Gloom"],"picked":"SKIP","floor":35.0},{"not_picked":["Melter","Sunder"],"picked":"Steam+1","floor":38.0},{"not_picked":["Streamline","Undo","Conserve Battery"],"picked":"SKIP","floor":40.0},{"not_picked":["Compile Driver","Steam","Heatsinks"],"picked":"SKIP","floor":44.0},{"not_picked":["Redo","Hologram+1"],"picked":"Buffer","floor":45.0},{"not_picked":["Steam","Barrage"],"picked":"Gash","floor":48.0}],"player_experience":517051,"relics_obtained":[{"floor":9.0,"key":"Mercury Hourglass"},{"floor":10.0,"key":"Torii"},{"floor":12.0,"key":"Strawberry"},{"floor":13.0,"key":"Pen Nib"},{"floor":14.0,"key":"Letter Opener"},{"floor":19.0,"key":"Red Mask"},{"floor":24.0,"key":"Centennial Puzzle"},{"floor":26.0,"key":"Oddly Smooth Stone"},{"floor":30.0,"key":"Bottled Flame"},{"floor":40.0,"key":"MawBank"},{"floor":43.0,"key":"Symbiotic Virus"},{"floor":44.0,"key":"DataDisk"}],"event_choices":[{"cards_removed":["Strike_B"],"damage_healed":0.0,"max_hp_gain":0.0,"max_hp_loss":0.0,"gold_gain":0.0,"event_name":"Living Wall","player_choice":"Forget","floor":4.0,"gold_loss":0.0,"damage_taken":0.0},{"cards_removed":["Defend_B"],"damage_healed":0.0,"max_hp_gain":0.0,"max_hp_loss":0.0,"gold_gain":0.0,"event_name":"Golden Wing","player_choice":"Card Removal","floor":5.0,"gold_loss":0.0,"damage_taken":7.0},{"damage_healed":0.0,"max_hp_gain":0.0,"max_hp_loss":0.0,"gold_gain":0.0,"event_name":"Liars Game","player_choice":"Ignored","floor":11.0,"gold_loss":0.0,"damage_taken":0.0},{"damage_healed":0.0,"max_hp_gain":0.0,"max_hp_loss":0.0,"gold_gain":0.0,"event_name":"Masked Bandits","player_choice":"Fought Bandits","floor":19.0,"gold_loss":0.0,"damage_taken":0.0},{"cards_removed":["Strike_B"],"damage_healed":0.0,"max_hp_gain":0.0,"max_hp_loss":0.0,"gold_gain":0.0,"event_name":"Beggar","player_choice":"Gave Gold","floor":20.0,"gold_loss":75.0,"damage_taken":0.0},{"damage_healed":0.0,"max_hp_gain":0.0,"max_hp_loss":0.0,"gold_gain":250.0,"event_name":"The Joust","player_choice":"Bet on Owner","floor":21.0,"gold_loss":50.0,"damage_taken":0.0},{"cards_removed":["Streamline"],"damage_healed":0.0,"max_hp_gain":0.0,"max_hp_loss":0.0,"gold_gain":0.0,"event_name":"Falling","player_choice":"Removed Attack","floor":36.0,"gold_loss":0.0,"damage_taken":0.0},{"damage_healed":0.0,"max_hp_gain":0.0,"max_hp_loss":0.0,"gold_gain":0.0,"event_name":"The Woman in Blue","player_choice":"Bought 1 Potion","floor":37.0,"gold_loss":0.0,"damage_taken":0.0},{"damage_healed":0.0,"max_hp_gain":0.0,"max_hp_loss":0.0,"gold_gain":0.0,"event_name":"Mysterious Sphere","player_choice":"Ignored","floor":41.0,"gold_loss":0.0,"damage_taken":0.0}],"is_beta":false,"boss_relics":[{"not_picked":["FrozenCore","Velvet Choker"],"picked":"Sozu"},{"not_picked":["Lizard Tail","Cursed Key"],"picked":"Astrolabe"}],"items_purged_floors":[22],"is_endless":false,"potions_floor_spawned":[1,2,10,28,30,31,35,38,45],"ascension_level":17}