{"gold_per_floor":[114,114,39,55,68,68,80,109,136,168,168,168],"floor_reached":12,"playtime":445,"items_purged":["Regret"],"score":176,"play_id":"92fdaa5c-7d6d-4270-8d2b-b515f1341c51","local_time":"20190315223749","is_ascension_mode":true,"campfire_choices":[{"data":"Bash","floor":6,"key":"SMITH"},{"data":"Clothesline","floor":11,"key":"SMITH"}],"neow_cost":"CURSE","seed_source_timestamp":755328318951580,"circlet_count":0,"master_deck":["AscendersBane","Strike_R","Strike_R","Strike_R","Strike_R","Strike_R","Defend_R","Defend_R","Defend_R","Defend_R","Bash+1","Warcry","Clothesline+1","Evolve","Rampage","Reaper"],"relics":["Burning Blood","Incense Burner","NlothsMask","Strawberry","Dream Catcher"],"potions_floor_usage":[7,8,8,10],"damage_taken":[{"damage":5,"enemies":"2 Louse","floor":1,"turns":3},{"damage":1,"enemies":"Cultist","floor":4,"turns":3},{"damage":11,"enemies":"Jaw Worm","floor":5,"turns":4},{"damage":1,"enemies":"Lots of Slimes","floor":7,"turns":7},{"damage":56,"enemies":"3 Sentries","floor":8,"turns":12},{"damage":21,"enemies":"Lagavulin","floor":10,"turns":8},{"damage":10,"enemies":"Gremlin Gang","floor":12,"turns":2}],"seed_played":"5807394426523365754","potions_obtained":[{"floor":4,"key":"SkillPotion"},{"floor":5,"key":"Explosive Potion"},{"floor":7,"key":"BloodPotion"},{"floor":8,"key":"Strength Potion"}],"is_trial":false,"path_per_floor":["M","?","$","M","M","R","M","E","T","E","R","M"],"character_chosen":"IRONCLAD","items_purchased":[],"campfire_rested":0,"item_purchase_floors":[],"current_hp_per_floor":[69,69,69,74,69,69,74,38,38,23,23,13],"gold":168,"neow_bonus":"ONE_RARE_RELIC","is_prod":false,"is_daily":false,"chose_seed":false,"campfire_upgraded":2,"win_rate":0,"timestamp":1552657069,"path_taken":["M","?","$","M","?","R","M","E","T","E","R","M"],"build_version":"2019-01-23","purchased_purges":1,"victory":false,"max_hp_per_floor":[75,75,75,75,75,75,75,82,82,82,82,82],"card_choices":[{"not_picked":["Pommel Strike","Rupture"],"picked":"Warcry","floor":1},{"not_picked":["Headbutt","Hemokinesis"],"picked":"Clothesline","floor":4},{"not_picked":["Body Slam","Flex","Warcry"],"picked":"SKIP","floor":5},{"not_picked":["Thunderclap","Iron Wave"],"picked":"Evolve","floor":7},{"not_picked":["Havoc","Reaper"],"picked":"Rampage","floor":8},{"not_picked":["Twin Strike","Heavy Blade"],"picked":"Reaper","floor":10}],"player_experience":710107,"relics_obtained":[{"floor":8,"key":"Strawberry"},{"floor":10,"key":"Dream Catcher"}],"event_choices":[{"damage_healed":0,"gold_gain":0,"player_choice":"Trade","damage_taken":0,"relics_obtained":["NlothsMask"],"max_hp_gain":0,"max_hp_loss":0,"event_name":"FaceTrader","floor":2,"gold_loss":0}],"is_beta":false,"boss_relics":[],"items_purged_floors":[3],"is_endless":false,"potions_floor_spawned":[4,5,7,8],"killed_by":"Gremlin Gang","ascension_level":20}