{"gold_per_floor":[114,126,126,140,154,154,20,20,72,72,98,111,186,219,219,296,296,313,313,325,339,389,389,399,399,399,426,18,31,61,61,61,61],"floor_reached":33,"playtime":1151,"items_purged":["Strike_B"],"score":554,"play_id":"f78f889c-8fad-4610-adc6-3229b97049e2","local_time":"20190130013944","is_ascension_mode":true,"campfire_choices":[{"data":"Rebound","floor":6.0,"key":"SMITH"},{"data":"Leap","floor":8.0,"key":"SMITH"},{"data":"Zap","floor":10.0,"key":"SMITH"},{"data":"Conserve Battery","floor":15,"key":"SMITH"},{"floor":23,"key":"REST"},{"floor":25,"key":"REST"},{"floor":32,"key":"REST"}],"neow_cost":"NONE","seed_source_timestamp":166799791439200,"circlet_count":0,"master_deck":["AscendersBane","Strike_B+1","Strike_B+1","Defend_B+1","Defend_B+1","Defend_B+1","Defend_B+1","Zap+1","Dualcast","Rip and Tear+1","Compile Driver","Rebound+1","Leap+1","Coolheaded","Machine Learning","Cold Snap","Conserve Battery+1","Hyperbeam","Writhe","Consume+1","Capacitor","Hologram","Capacitor"],"special_seed":0,"relics":["Cracked Core","Orichalcum","Regal Pillow","Vajra","Snecko Eye","Singing Bowl","MawBank","Bird Faced Urn","Nunchaku"],"potions_floor_usage":[14,16,18,29,33,33],"damage_taken":[{"damage":12.0,"enemies":"Jaw Worm","floor":1.0,"turns":3.0},{"damage":1.0,"enemies":"Cultist","floor":2.0,"turns":3.0},{"damage":7.0,"enemies":"Small Slimes","floor":4.0,"turns":3.0},{"damage":6.0,"enemies":"Looter","floor":5.0,"turns":2.0},{"damage":16.0,"enemies":"Lagavulin","floor":11.0,"turns":7.0},{"damage":6.0,"enemies":"Large Slime","floor":12.0,"turns":5.0},{"damage":2,"enemies":"Gremlin Nob","floor":14,"turns":3},{"damage":6,"enemies":"Hexaghost","floor":16,"turns":9},{"damage":33,"enemies":"2 Thieves","floor":18,"turns":4},{"damage":0,"enemies":"Spheric Guardian","floor":20,"turns":3},{"damage":12,"enemies":"Cultist and Chosen","floor":21,"turns":5},{"damage":34,"enemies":"Shelled Parasite and Fungi","floor":24,"turns":8},{"damage":1,"enemies":"Centurion and Healer","floor":27,"turns":11},{"damage":33,"enemies":"Cultist and Chosen","floor":29,"turns":8},{"damage":22,"enemies":"Gremlin Leader","floor":30,"turns":6},{"damage":60,"enemies":"Champ","floor":33,"turns":14}],"seed_played":"6257948189763977350","potions_obtained":[{"floor":4.0,"key":"Ancient Potion"},{"floor":12.0,"key":"Regen Potion"},{"floor":14,"key":"GamblersBrew"},{"floor":16,"key":"Ancient Potion"},{"floor":18,"key":"Strength Potion"},{"floor":29,"key":"Strength Potion"}],"is_trial":false,"path_per_floor":["M","M","?","M","M","R","$","R","T","R","E","M","?","E","R","B",null,"M","?","M","M","?","R","M","R","T","M","$","M","E","?","R","B"],"character_chosen":"DEFECT","items_purchased":["Coolheaded","Bird Faced Urn","Capacitor","Hologram"],"campfire_rested":3,"item_purchase_floors":[7,28,28,28],"current_hp_per_floor":[52,51,51,44,38,38,38,38,38,38,22,16,5,12,12,6,55,22,22,24,14,14,51,17,54,54,55,55,26,12,12,50,0],"gold":61,"neow_bonus":"TRANSFORM_CARD","is_prod":false,"is_daily":false,"chose_seed":false,"campfire_upgraded":4,"win_rate":0,"timestamp":1548779984,"path_taken":["M","M","?","M","?","R","$","R","T","R","E","M","?","E","R","BOSS","M","?","M","M","?","R","M","R","T","M","$","M","E","?","R","BOSS"],"build_version":"2019-01-23","purchased_purges":1,"victory":false,"max_hp_per_floor":[71,71,71,71,71,71,71,71,71,71,71,71,71,71,71,71,71,71,71,73,75,75,75,75,75,75,77,77,77,79,79,79,79],"card_choices":[{"not_picked":["Turbo","Barrage","Steam"],"picked":"SKIP","floor":1.0},{"not_picked":["Gash","Barrage"],"picked":"Compile Driver","floor":2.0},{"not_picked":["Redo","Streamline"],"picked":"Rebound","floor":4.0},{"not_picked":["Gash","Chaos"],"picked":"Leap","floor":5.0},{"not_picked":["Steam","Tempest"],"picked":"Machine Learning","floor":11.0},{"not_picked":["Sweeping Beam","Turbo"],"picked":"Cold Snap","floor":12.0},{"not_picked":["Conserve Battery","Gash","Turbo"],"picked":"SKIP","floor":14},{"not_picked":["Gash","Turbo"],"picked":"Conserve Battery","floor":14},{"not_picked":["Seek","Creative AI"],"picked":"Hyperbeam","floor":16},{"not_picked":["Steam Power","Leap","Cold Snap"],"picked":"SKIP","floor":18},{"not_picked":["Skim","Undo","Go for the Eyes"],"picked":"Singing Bowl","floor":20},{"not_picked":["Leap","Go for the Eyes","Loop"],"picked":"Singing Bowl","floor":21},{"not_picked":["Barrage","Static Discharge"],"picked":"Consume+1","floor":24},{"not_picked":["Sweeping Beam","Redo","Coolheaded"],"picked":"Singing Bowl","floor":27},{"not_picked":["Tempest","Streamline"],"picked":"Capacitor","floor":29},{"not_picked":["Rebound","Streamline","Sweeping Beam"],"picked":"Singing Bowl","floor":30}],"player_experience":4166862,"relics_obtained":[{"floor":9.0,"key":"Orichalcum"},{"floor":11.0,"key":"Regal Pillow"},{"floor":14,"key":"Vajra"},{"floor":26,"key":"MawBank"},{"floor":30,"key":"Nunchaku"}],"event_choices":[{"damage_healed":0.0,"max_hp_gain":0.0,"max_hp_loss":0.0,"gold_gain":0.0,"event_name":"Accursed Blacksmith","player_choice":"Forge","floor":3.0,"gold_loss":0.0,"damage_taken":0.0,"cards_upgraded":["Rip and Tear"]},{"damage_healed":0.0,"max_hp_gain":0.0,"max_hp_loss":0.0,"gold_gain":75.0,"event_name":"World of Goop","player_choice":"Gather Gold","floor":13.0,"gold_loss":0.0,"damage_taken":11.0},{"damage_healed":0,"gold_gain":0,"player_choice":"Opened","damage_taken":0,"relics_obtained":["Singing Bowl"],"max_hp_gain":0,"max_hp_loss":0,"event_name":"The Mausoleum","floor":19,"gold_loss":0,"cards_obtained":["Writhe"]},{"damage_healed":0,"gold_gain":50,"player_choice":"Stole From Cult","damage_taken":0,"max_hp_gain":0,"max_hp_loss":0,"event_name":"Nest","floor":22,"gold_loss":0},{"damage_healed":0,"gold_gain":0,"player_choice":"Simplicity","damage_taken":0,"max_hp_gain":0,"max_hp_loss":0,"event_name":"Back to Basics","floor":31,"gold_loss":0,"cards_upgraded":["Strike_B","Strike_B","Defend_B","Defend_B","Defend_B","Defend_B"]}],"is_beta":false,"boss_relics":[{"not_picked":["Nuclear Battery","Runic Pyramid"],"picked":"Snecko Eye"}],"items_purged_floors":[7],"is_endless":false,"potions_floor_spawned":[4,12,14,16,18,27,29],"killed_by":"Champ","ascension_level":20}