{"gold_per_floor":[118,137,137,149,168,168,203,215,238,254,254,282,294,306,318,407,419,444,456,393,393,215,242,242,260,284,159,174,185,216,235,235,307,307,321,334,349,349,349,374,374,409,433,443,469,146,146,165,165,165],"floor_reached":50,"playtime":2640,"items_purged":["Defend_G","Defend_G","Bouncing Flask","Skewer+1"],"score":1214,"play_id":"44c01f86-8d77-4cba-906b-23ac6a64c924","local_time":"20190301034557","is_ascension_mode":true,"campfire_choices":[{"data":"Crippling Poison","floor":6.0,"key":"SMITH"},{"floor":11.0,"key":"REST"},{"data":"Phantasmal Killer","floor":15.0,"key":"SMITH"},{"data":"Acrobatics","floor":24.0,"key":"SMITH"},{"floor":32.0,"key":"REST"},{"data":"Tactician","floor":41.0,"key":"SMITH"},{"floor":47.0,"key":"REST"},{"floor":49.0,"key":"RECALL"}],"neow_cost":"NONE","seed_source_timestamp":1255575994886500,"circlet_count":0,"master_deck":["AscendersBane","Defend_G","Defend_G","Defend_G","Survivor","Neutralize","Crippling Poison+1","Well Laid Plans","Dash","Phantasmal Killer+1","Die Die Die","Adrenaline","Footwork+1","Grand Finale+1","Setup+1","Acrobatics+1","Tactician+1","Acrobatics+1","PiercingWail+1","Calculated Gamble","Prepared+1","Night Terror+1"],"special_seed":0,"relics":["Ring of the Serpent","NeowsBlessing","Whetstone","Dream Catcher","MawBank","Astrolabe","Centennial Puzzle","Happy Flower","Mercury Hourglass","Question Card","Toxic Egg 2","Bag of Preparation"],"potions_floor_usage":[50],"damage_taken":[{"damage":0.0,"enemies":"Jaw Worm","floor":1.0,"turns":1.0},{"damage":0.0,"enemies":"Cultist","floor":2.0,"turns":1.0},{"damage":0.0,"enemies":"Small Slimes","floor":4.0,"turns":1.0},{"damage":4.0,"enemies":"Looter","floor":5.0,"turns":4.0},{"damage":32.0,"enemies":"Gremlin Nob","floor":7.0,"turns":4.0},{"damage":3.0,"enemies":"Exordium Thugs","floor":8.0,"turns":4.0},{"damage":7.0,"enemies":"Large Slime","floor":10.0,"turns":5.0},{"damage":15.0,"enemies":"Lagavulin","floor":12.0,"turns":7.0},{"damage":13.0,"enemies":"Slime Boss","floor":16.0,"turns":6.0},{"damage":4.0,"enemies":"3 Byrds","floor":18.0,"turns":5.0},{"damage":14.0,"enemies":"Slavers","floor":23.0,"turns":2.0},{"damage":1.0,"enemies":"Spheric Guardian","floor":25.0,"turns":3.0},{"damage":6.0,"enemies":"Chosen and Byrds","floor":28.0,"turns":7.0},{"damage":8.0,"enemies":"Centurion and Healer","floor":29.0,"turns":5.0},{"damage":10.0,"enemies":"Book of Stabbing","floor":30.0,"turns":2.0},{"damage":0.0,"enemies":"Snake Plant","floor":31.0,"turns":2.0},{"damage":14.0,"enemies":"Champ","floor":33.0,"turns":8.0},{"damage":1.0,"enemies":"Orb Walker","floor":35.0,"turns":2.0},{"damage":15.0,"enemies":"3 Darklings","floor":36.0,"turns":2.0},{"damage":6.0,"enemies":"Writhing Mass","floor":37.0,"turns":3.0},{"damage":19.0,"enemies":"Giant Head","floor":40.0,"turns":8.0},{"damage":1.0,"enemies":"Reptomancer","floor":42.0,"turns":4.0},{"damage":3.0,"enemies":"Transient","floor":44.0,"turns":6.0},{"damage":1.0,"enemies":"Nemesis","floor":45.0,"turns":5.0},{"damage":0.0,"enemies":"Spire Growth","floor":48.0,"turns":2.0},{"damage":46,"enemies":"Time Eater","floor":50,"turns":12}],"seed_played":"42039661260463563","potions_obtained":[{"floor":1.0,"key":"Poison Potion"},{"floor":4.0,"key":"Fire Potion"},{"floor":10.0,"key":"FearPotion"},{"floor":12.0,"key":"GhostInAJar"},{"floor":16.0,"key":"GamblersBrew"},{"floor":23.0,"key":"FearPotion"},{"floor":28.0,"key":"GamblersBrew"},{"floor":33.0,"key":"Regen Potion"},{"floor":36.0,"key":"Swift Potion"},{"floor":37.0,"key":"SkillPotion"},{"floor":42.0,"key":"AttackPotion"},{"floor":44.0,"key":"Block Potion"},{"floor":45.0,"key":"FairyPotion"}],"is_trial":false,"path_per_floor":["M","M","?","M","M","R","E","M","T","M","R","E","?","?","R","B",null,"M","?","$","?","$","E","R","M","T","$","M","M","E","M","R","B",null,"M","M","M","?","?","E","R","E","T","M","E","$","R","M","R","B"],"character_chosen":"THE_SILENT","items_purchased":["Tactician","Bag of Preparation"],"campfire_rested":3,"item_purchase_floors":[22,46],"current_hp_per_floor":[59,59,59,59,55,55,23,20,20,13,32,17,17,17,17,4,51,47,47,47,47,47,33,33,32,32,32,26,18,8,8,27,13,53,52,37,31,31,31,12,12,11,11,8,7,7,26,26,26,0],"gold":165,"neow_bonus":"THREE_ENEMY_KILL","is_prod":false,"is_daily":false,"chose_seed":false,"campfire_upgraded":4,"win_rate":0,"timestamp":1551379557,"path_taken":["M","M","?","M","?","R","E","M","T","M","R","E","?","?","R","BOSS","M","?","$","?","$","E","R","M","T","$","M","M","E","M","R","BOSS","M","M","M","?","?","E","R","E","T","?","E","$","R","M","R","BOSS"],"build_version":"2019-01-23","purchased_purges":4,"victory":false,"max_hp_per_floor":[66,66,66,66,66,66,66,66,66,66,66,66,66,66,66,66,66,66,66,66,66,66,66,66,66,66,66,66,66,66,66,66,66,66,66,66,66,66,66,66,66,66,66,66,66,66,66,66,66,66],"card_choices":[{"not_picked":["Endless Agony","Leg Sweep"],"picked":"Predator","floor":1.0},{"not_picked":["Sucker Punch","Prepared"],"picked":"Bouncing Flask","floor":2.0},{"not_picked":["Dodge and Roll","Finisher"],"picked":"Skewer","floor":4.0},{"not_picked":["PiercingWail","All Out Attack"],"picked":"Crippling Poison","floor":5.0},{"not_picked":["Dodge and Roll","Infinite Blades"],"picked":"Well Laid Plans","floor":7.0},{"not_picked":["Blur","Flying Knee"],"picked":"Bane","floor":8.0},{"not_picked":["Riddle With Holes","Reflex"],"picked":"Dash","floor":10.0},{"not_picked":["Slice","Blade Dance"],"picked":"Phantasmal Killer","floor":11.0},{"not_picked":["Flechettes","Eviscerate","Reflex"],"picked":"SKIP","floor":12.0},{"not_picked":["Glass Knife","After Image"],"picked":"Adrenaline","floor":16.0},{"not_picked":["Poisoned Stab","Slice"],"picked":"Acrobatics","floor":18.0},{"not_picked":["Cloak And Dagger","Blade Dance","Outmaneuver"],"picked":"SKIP","floor":23.0},{"not_picked":["Distraction","Bane+1"],"picked":"Acrobatics+1","floor":25.0},{"not_picked":["Deadly Poison","Skewer","Bane"],"picked":"SKIP","floor":28.0},{"not_picked":["Blade Dance","Dash","Corpse Explosion"],"picked":"SKIP","floor":29.0},{"not_picked":["All Out Attack","Poisoned Stab","Distraction"],"picked":"SKIP","floor":30.0},{"not_picked":["Dagger Throw","Blade Dance","Leg Sweep"],"picked":"SKIP","floor":31.0},{"not_picked":["Choke+1","Deflect+1","Eviscerate+1"],"picked":"SKIP","floor":35.0},{"not_picked":["Deflect","Choke+1","Acrobatics"],"picked":"SKIP","floor":36.0},{"not_picked":["Deflect","Choke+1","Acrobatics"],"picked":"SKIP","floor":36.0},{"not_picked":["Choke","Quick Slash"],"picked":"PiercingWail+1","floor":37.0},{"not_picked":["Crippling Poison+1","Underhanded Strike+1","Unload"],"picked":"SKIP","floor":40.0},{"not_picked":["Catalyst","Prepared"],"picked":"Calculated Gamble","floor":42.0},{"not_picked":["Sucker Punch","Flying Knee+1","Outmaneuver"],"picked":"Prepared+1","floor":44.0},{"not_picked":["Dodge and Roll","Cloak And Dagger","Bane","Skewer"],"picked":"SKIP","floor":45.0},{"not_picked":["Acrobatics+1","Slice","Cloak And Dagger+1"],"picked":"Night Terror+1","floor":47.0},{"not_picked":["Leg Sweep+1","Outmaneuver+1","Deadly Poison+1","Flying Knee"],"picked":"SKIP","floor":48.0}],"player_experience":4435270,"relics_obtained":[{"floor":7.0,"key":"Whetstone"},{"floor":9.0,"key":"Dream Catcher"},{"floor":12.0,"key":"MawBank"},{"floor":23.0,"key":"Centennial Puzzle"},{"floor":26.0,"key":"Happy Flower"},{"floor":30.0,"key":"Mercury Hourglass"},{"floor":42.0,"key":"Question Card"},{"floor":45.0,"key":"Toxic Egg 2"}],"event_choices":[{"cards_removed":["Strike_G"],"damage_healed":0.0,"max_hp_gain":0.0,"max_hp_loss":0.0,"gold_gain":0.0,"event_name":"Bonfire Elementals","player_choice":"Offered Basic","floor":3.0,"gold_loss":0.0,"damage_taken":0.0},{"damage_healed":0.0,"max_hp_gain":0.0,"max_hp_loss":0.0,"gold_gain":0.0,"event_name":"Shining Light","player_choice":"Ignored","floor":13.0,"gold_loss":0.0,"damage_taken":0.0},{"damage_healed":0.0,"max_hp_gain":0.0,"max_hp_loss":0.0,"gold_gain":0.0,"cards_transformed":["Strike_G"],"event_name":"Transmorgrifier","player_choice":"Transformed","floor":14.0,"gold_loss":0.0,"damage_taken":0.0,"cards_obtained":["Die Die Die"]},{"damage_healed":0.0,"max_hp_gain":0.0,"max_hp_loss":0.0,"gold_gain":0.0,"event_name":"Ghosts","player_choice":"Ignored","floor":19.0,"gold_loss":0.0,"damage_taken":0.0},{"damage_healed":0.0,"max_hp_gain":0.0,"max_hp_loss":0.0,"gold_gain":0.0,"event_name":"The Mausoleum","player_choice":"Ignored","floor":21.0,"gold_loss":0.0,"damage_taken":0.0},{"cards_removed":["Predator"],"damage_healed":0.0,"max_hp_gain":0.0,"max_hp_loss":0.0,"gold_gain":0.0,"event_name":"Falling","player_choice":"Removed Attack","floor":38.0,"gold_loss":0.0,"damage_taken":0.0},{"cards_removed":["Strike_G"],"damage_healed":0.0,"max_hp_gain":0.0,"max_hp_loss":0.0,"gold_gain":0.0,"event_name":"Purifier","player_choice":"Purged","floor":39.0,"gold_loss":0.0,"damage_taken":0.0}],"is_beta":false,"boss_relics":[{"not_picked":["Cursed Key","Black Star"],"picked":"Astrolabe"},{"not_picked":["HoveringKite","WristBlade"],"picked":"Ring of the Serpent"}],"items_purged_floors":[20,22,27,46],"is_endless":false,"potions_floor_spawned":[1,4,10,12,16,23,28,33,36,37,42,44,45,48],"killed_by":"Time Eater","ascension_level":20}