{"gold_per_floor":[114,127,7,57,68,101,101,128,152,169,169,169,189,216,216,292,292,306,231,231,250,150,150,177,196,243,243,257,257,286,72,72,147,147,161,11,11,11,24,54,54,88,111,140,4,16,35,66,66,66,66,66,66,13,43,43],"floor_reached":57,"playtime":2051,"items_purged":["Strike_R","Strike_R","Pain","Body Slam"],"score":2867,"play_id":"aa5a9d82-e7ae-45da-bce2-e629c11fcd82","local_time":"20190120005256","is_ascension_mode":true,"campfire_choices":[{"data":"Armaments","floor":7,"key":"SMITH"},{"floor":11,"key":"REST"},{"data":"Battle Trance","floor":15,"key":"SMITH"},{"data":"Offering","floor":23,"key":"SMITH"},{"data":"Limit Break","floor":32,"key":"SMITH"},{"data":"Evolve","floor":41,"key":"SMITH"},{"floor":49,"key":"RECALL"},{"data":"Shockwave","floor":53,"key":"SMITH"}],"neow_cost":"NONE","seed_source_timestamp":26670889681884,"circlet_count":0,"master_deck":["AscendersBane","Bash","Armaments+1","Infernal Blade","Anger","Evolve+1","Shockwave+1","Reaper","Battle Trance+1","Offering+1","Wild Strike","Seeing Red","Flame Barrier+1","Sword Boomerang+1","Feel No Pain+1","Limit Break+1","Feed","Wild Strike","Heavy Blade","Spot Weakness","Double Tap","Reckless Charge","Battle Trance+1","Second Wind","Parasite","Reaper","Shrug It Off","Inflame+1"],"relics":["Burning Blood","Vajra","Odd Mushroom","Happy Flower","Bag of Marbles","Cursed Key","Red Skull","Red Mask","Pandora\u0027s Box","Frozen Egg 2","Centennial Puzzle","Oddly Smooth Stone","Juzu Bracelet","Anchor","Shuriken"],"potions_floor_usage":[8,16,42,50,56],"damage_taken":[{"damage":2,"enemies":"Jaw Worm","floor":1,"turns":5},{"damage":1,"enemies":"Cultist","floor":2,"turns":3},{"damage":15,"enemies":"Small Slimes","floor":5,"turns":4},{"damage":39,"enemies":"Gremlin Nob","floor":6,"turns":4},{"damage":2,"enemies":"The Mushroom Lair","floor":8,"turns":4},{"damage":29,"enemies":"Exordium Thugs","floor":10,"turns":6},{"damage":0,"enemies":"2 Fungi Beasts","floor":13,"turns":2},{"damage":20,"enemies":"3 Sentries","floor":14,"turns":5},{"damage":36,"enemies":"The Guardian","floor":16,"turns":14},{"damage":24,"enemies":"3 Byrds","floor":18,"turns":4},{"damage":20,"enemies":"2 Thieves","floor":21,"turns":4},{"damage":28,"enemies":"Book of Stabbing","floor":24,"turns":4},{"damage":0,"enemies":"Centurion and Healer","floor":25,"turns":4},{"damage":11,"enemies":"Chosen and Byrds","floor":28,"turns":3},{"damage":34,"enemies":"Masked Bandits","floor":30,"turns":3},{"damage":82,"enemies":"Automaton","floor":33,"turns":7},{"damage":25,"enemies":"3 Darklings","floor":35,"turns":4},{"damage":6,"enemies":"Orb Walker","floor":39,"turns":1},{"damage":6,"enemies":"Giant Head","floor":40,"turns":4},{"damage":16,"enemies":"Reptomancer","floor":42,"turns":5},{"damage":58,"enemies":"Nemesis","floor":44,"turns":5},{"damage":28,"enemies":"Sphere and 2 Shapes","floor":46,"turns":6},{"damage":6,"enemies":"Jaw Worm Horde","floor":47,"turns":4},{"damage":33,"enemies":"Giant Head","floor":48,"turns":6},{"damage":84,"enemies":"Donu and Deca","floor":50,"turns":8},{"damage":121,"enemies":"Awakened One","floor":51,"turns":9},{"damage":98,"enemies":"Shield and Spear","floor":55,"turns":6},{"damage":74,"enemies":"The Heart","floor":56,"turns":8}],"seed_played":"5972031077711213253","potions_obtained":[{"floor":2,"key":"Fire Potion"},{"floor":6,"key":"Strength Potion"},{"floor":8,"key":"Dexterity Potion"},{"floor":14,"key":"Energy Potion"},{"floor":18,"key":"SneckoOil"},{"floor":20,"key":"Fire Potion"},{"floor":30,"key":"Energy Potion"},{"floor":44,"key":"Explosive Potion"},{"floor":48,"key":"Strength Potion"}],"is_trial":false,"path_per_floor":["M","M","$","?","M","E","R","?","T","M","R","?","M","E","R","B",null,"M","?","?","M","$","R","E","M","T","?","M","?","?","$","R","B",null,"M","$","?","?","M","E","R","E","T","E","$","M","M","E","R","B","B",null,"R","$","E","B",null],"character_chosen":"IRONCLAD","items_purchased":["Infernal Blade","Limit Break","Reaper","Shrug It Off","SpeedPotion"],"campfire_rested":1,"item_purchase_floors":[3,31,45,45,54],"current_hp_per_floor":[79,82,82,82,73,40,40,44,44,21,45,82,82,78,78,60,77,68,68,68,54,54,54,41,59,59,59,59,59,43,43,43,12,65,67,67,67,67,70,70,70,88,88,36,36,61,94,94,94,81,63,89,89,89,70,90],"gold":43,"neow_bonus":"TEN_PERCENT_HP_BONUS","is_prod":false,"is_daily":false,"chose_seed":false,"campfire_upgraded":6,"win_rate":0,"timestamp":1547913176,"path_taken":["M","M","$","?","?","E","R","?","T","M","R","?","?","E","R","BOSS","M","?","?","M","$","R","E","?","T","?","M","?","?","$","R","BOSS","M","$","?","?","?","E","R","E","T","E","$","M","M","E","R","BOSS","BOSS","R","$","E","BOSS"],"build_version":"2019-01-17v2","purchased_purges":4,"victory":true,"max_hp_per_floor":[82,82,82,82,82,82,82,82,82,82,82,82,82,82,82,82,82,82,82,82,82,82,82,82,82,82,82,82,82,82,82,82,82,82,82,82,82,82,85,85,85,88,88,88,88,91,94,94,94,94,97,97,97,97,100,100],"card_choices":[{"not_picked":["Warcry","Perfected Strike"],"picked":"Sever Soul","floor":1},{"not_picked":["Iron Wave","Clash"],"picked":"Armaments","floor":2},{"not_picked":["Warcry","Perfected Strike"],"picked":"Anger","floor":5},{"not_picked":["Blood for Blood","Headbutt"],"picked":"Evolve","floor":6},{"not_picked":["Dual Wield","Searing Blow"],"picked":"Intimidate","floor":8},{"not_picked":["Armaments","Warcry"],"picked":"Shockwave","floor":10},{"not_picked":["Perfected Strike","Flex"],"picked":"Reaper","floor":13},{"not_picked":["Cleave","Juggernaut"],"picked":"Battle Trance","floor":14},{"not_picked":["Brutality","Exhume"],"picked":"Offering","floor":16},{"not_picked":["Clothesline+1","Shrug It Off"],"picked":"Wild Strike","floor":18},{"not_picked":["Sword Boomerang","Havoc"],"picked":"Seeing Red","floor":21},{"not_picked":["Spot Weakness","Headbutt","Anger"],"picked":"SKIP","floor":24},{"not_picked":["Anger","Clash"],"picked":"Flame Barrier+1","floor":25},{"not_picked":["Anger","Ghostly Armor"],"picked":"Sword Boomerang+1","floor":28},{"not_picked":["Shockwave","Thunderclap+1"],"picked":"Feel No Pain","floor":30},{"not_picked":["Impervious","Barricade"],"picked":"Feed","floor":33},{"not_picked":["Body Slam+1","Clash","Twin Strike"],"picked":"SKIP","floor":35},{"not_picked":["Wild Strike","Rampage"],"picked":"Battle Trance+1","floor":39},{"not_picked":["Body Slam","Reckless Charge"],"picked":"Second Wind","floor":40},{"not_picked":["Impervious","Body Slam","Thunderclap+1"],"picked":"SKIP","floor":42},{"not_picked":["Twin Strike","Heavy Blade","Infernal Blade"],"picked":"SKIP","floor":44},{"not_picked":["Blood for Blood","Armaments","Thunderclap"],"picked":"SKIP","floor":46},{"not_picked":["Heavy Blade","Cleave"],"picked":"Inflame+1","floor":47},{"not_picked":["True Grit","Pummel","Feed"],"picked":"SKIP","floor":48},{"not_picked":["Headbutt","Blood for Blood","Shrug It Off"],"picked":"SKIP","floor":55}],"player_experience":4158907,"relics_obtained":[{"floor":6,"key":"Vajra"},{"floor":8,"key":"Odd Mushroom"},{"floor":9,"key":"Happy Flower"},{"floor":14,"key":"Bag of Marbles"},{"floor":24,"key":"Red Skull"},{"floor":30,"key":"Red Mask"},{"floor":40,"key":"Frozen Egg 2"},{"floor":42,"key":"Centennial Puzzle"},{"floor":43,"key":"Oddly Smooth Stone"},{"floor":44,"key":"Juzu Bracelet"},{"floor":48,"key":"Anchor"},{"floor":55,"key":"Shuriken"}],"event_choices":[{"damage_healed":0,"gold_gain":50,"player_choice":"Pray","damage_taken":0,"max_hp_gain":0,"max_hp_loss":0,"event_name":"Golden Shrine","floor":4,"gold_loss":0},{"damage_healed":0,"gold_gain":0,"player_choice":"Fought Mushrooms","damage_taken":0,"max_hp_gain":0,"max_hp_loss":0,"event_name":"Mushrooms","floor":8,"gold_loss":0},{"cards_removed":["Intimidate"],"damage_healed":37,"gold_gain":0,"player_choice":"Offered Uncommon","damage_taken":0,"max_hp_gain":0,"max_hp_loss":0,"event_name":"Bonfire Elementals","floor":12,"gold_loss":0},{"cards_removed":["Strike_R"],"damage_healed":0,"gold_gain":0,"player_choice":"Gave Gold","damage_taken":0,"max_hp_gain":0,"max_hp_loss":0,"event_name":"Beggar","floor":19,"gold_loss":75},{"damage_healed":0,"gold_gain":0,"player_choice":"Got Potions","damage_taken":0,"max_hp_gain":0,"max_hp_loss":0,"event_name":"Lab","floor":20,"gold_loss":0},{"damage_healed":0,"gold_gain":0,"player_choice":"Ignored","damage_taken":0,"max_hp_gain":0,"max_hp_loss":0,"event_name":"Ghosts","floor":27,"gold_loss":0},{"damage_healed":0,"gold_gain":0,"player_choice":"Ignored","damage_taken":0,"max_hp_gain":0,"max_hp_loss":0,"event_name":"The Mausoleum","floor":29,"gold_loss":0},{"damage_healed":0,"gold_gain":0,"player_choice":"Fought Bandits","damage_taken":0,"max_hp_gain":0,"max_hp_loss":0,"event_name":"Masked Bandits","floor":30,"gold_loss":0},{"cards_removed":["Sever Soul"],"damage_healed":0,"gold_gain":0,"player_choice":"Removed Attack","damage_taken":0,"max_hp_gain":0,"max_hp_loss":0,"event_name":"Falling","floor":37,"gold_loss":0},{"damage_healed":0,"gold_gain":0,"player_choice":"Forge","damage_taken":0,"max_hp_gain":0,"max_hp_loss":0,"event_name":"Accursed Blacksmith","floor":38,"gold_loss":0,"cards_upgraded":["Feel No Pain"]}],"is_beta":false,"boss_relics":[{"not_picked":["Runic Dome","Calling Bell"],"picked":"Cursed Key"},{"not_picked":["Philosopher\u0027s Stone","Black Blood"],"picked":"Pandora\u0027s Box"}],"items_purged_floors":[3,22,31,36],"is_endless":false,"potions_floor_spawned":[2,6,8,10,14,18,28,30,35,44,46,48],"ascension_level":20}