{"gold_per_floor":[12,28,41,41,41,41,72,72,72,88,128,278,291,291],"floor_reached":14,"playtime":1091,"items_purged":[],"score":175,"play_id":"d40114a7-355a-4e82-a088-bc1ffcb0ec1f","local_time":"20190210201418","is_ascension_mode":true,"campfire_choices":[{"floor":6,"key":"REST"},{"floor":8,"key":"REST"}],"neow_cost":"NO_GOLD","seed_source_timestamp":169813180042749,"circlet_count":0,"master_deck":["AscendersBane","Defend_G","Defend_G","Defend_G","Defend_G","Strike_G","Strike_G","Strike_G","Strike_G","Strike_G","Survivor","Neutralize","Caltrops","Crippling Poison","Crippling Poison","Glass Knife","Endless Agony","Dodge and Roll","Doubt","Dash"],"relics":["Ring of the Snake","Golden Idol","Pocketwatch","Calipers","Matryoshka"],"potions_floor_usage":[7,14],"damage_taken":[{"damage":0,"enemies":"Cultist","floor":1,"turns":4},{"damage":1,"enemies":"Small Slimes","floor":2,"turns":5},{"damage":9,"enemies":"Jaw Worm","floor":3,"turns":7},{"damage":26,"enemies":"Lagavulin","floor":7,"turns":7},{"damage":0,"enemies":"2 Fungi Beasts","floor":10,"turns":4},{"damage":18,"enemies":"3 Sentries","floor":11,"turns":8},{"damage":21,"enemies":"Exordium Thugs","floor":13,"turns":6},{"damage":10,"enemies":"Lagavulin","floor":14,"turns":3}],"seed_played":"-1714792143929833293","potions_obtained":[{"floor":1,"key":"PowerPotion"},{"floor":11,"key":"Energy Potion"}],"is_trial":false,"path_per_floor":["M","M","M","?","?","R","E","R","T","M","E","?","M","E"],"character_chosen":"THE_SILENT","items_purchased":[],"campfire_rested":2,"item_purchase_floors":[],"current_hp_per_floor":[71,70,61,34,27,50,24,47,47,47,29,29,8,0],"gold":291,"neow_bonus":"TWENTY_PERCENT_HP_BONUS","is_prod":false,"is_daily":false,"chose_seed":false,"campfire_upgraded":0,"win_rate":0,"timestamp":1549797258,"path_taken":["M","?","M","?","?","R","E","R","T","M","E","?","M","E"],"build_version":"2019-01-23","purchased_purges":0,"victory":false,"max_hp_per_floor":[78,78,78,78,78,78,78,78,78,78,78,78,78,78],"card_choices":[{"not_picked":["Prepared","Dodge and Roll"],"picked":"Caltrops","floor":1},{"not_picked":["Dodge and Roll","Underhanded Strike"],"picked":"Crippling Poison","floor":2},{"not_picked":["Dagger Throw","Deadly Poison"],"picked":"Crippling Poison","floor":3},{"not_picked":["Riddle With Holes","Dagger Spray"],"picked":"Glass Knife","floor":7},{"not_picked":["Reflex","Poisoned Stab"],"picked":"Endless Agony","floor":10},{"not_picked":["Finisher","Poisoned Stab"],"picked":"Dodge and Roll","floor":11},{"not_picked":["Expertise","Underhanded Strike"],"picked":"Dash","floor":13}],"player_experience":988378,"relics_obtained":[{"floor":7,"key":"Pocketwatch"},{"floor":9,"key":"Calipers"},{"floor":11,"key":"Matryoshka"}],"event_choices":[{"damage_healed":0,"gold_gain":0,"player_choice":"Take Damage","damage_taken":27,"relics_obtained":["Golden Idol"],"max_hp_gain":0,"max_hp_loss":0,"event_name":"Golden Idol","floor":4,"gold_loss":0},{"cards_removed":["Defend_G"],"damage_healed":0,"gold_gain":0,"player_choice":"Card Removal","damage_taken":7,"max_hp_gain":0,"max_hp_loss":0,"event_name":"Golden Wing","floor":5,"gold_loss":0},{"damage_healed":0,"gold_gain":150,"player_choice":"AGREE","damage_taken":0,"max_hp_gain":0,"max_hp_loss":0,"event_name":"Liars Game","floor":12,"gold_loss":0,"cards_obtained":["Doubt"]}],"is_beta":false,"boss_relics":[],"items_purged_floors":[],"is_endless":false,"potions_floor_spawned":[1,11],"killed_by":"Lagavulin","ascension_level":15}