{"gold_per_floor":[118,131,131,147,165,165,198,198,266,279,279,294,294,250,250,351,401,420,430,440,458,458,490,490,502,529,529,555,480,52,52,52,150,150,163,103,103,103,103,103,122,157,157,157,6,6,19,37,37,37],"floor_reached":50,"playtime":3102,"items_purged":["Defend_B"],"score":587,"play_id":"aa6c374f-6f5a-4d25-8dd8-1e3b160eaf1a","local_time":"20190127205542","is_ascension_mode":true,"campfire_choices":[{"floor":6.0,"key":"REST"},{"floor":8.0,"key":"REST"},{"data":"Tempest","floor":11.0,"key":"SMITH"},{"data":"Hologram","floor":13.0,"key":"SMITH"},{"floor":15.0,"key":"REST"},{"data":"Hyperbeam","floor":24.0,"key":"SMITH"},{"floor":27.0,"key":"REST"},{"floor":32.0,"key":"REST"},{"data":"Dualcast","floor":40.0,"key":"SMITH"},{"floor":46.0,"key":"REST"},{"floor":49,"key":"REST"}],"neow_cost":"NONE","seed_source_timestamp":0,"circlet_count":0,"master_deck":["Strike_B","Strike_B","Defend_B","Defend_B+1","Zap","Dualcast+1","All For One","Rip and Tear","Gash","Gash","Conserve Battery","Sweeping Beam","Hologram+1","Hyperbeam+1","Steam","Steam","Go for the Eyes","FTL+1","Beam Cell","Streamline","Leap","Conserve Battery","Hyperbeam","Recycle+1","Bandage Up","Aggregate","Chaos+1"],"special_seed":0,"relics":["Cracked Core","Ginger","Matryoshka","Tiny House","PreservedInsect","Bronze Scales","Vajra","Juzu Bracelet","Ice Cream","Busted Crown","Lantern","Mummified Hand","Strawberry"],"potions_floor_usage":[50],"damage_taken":[{"damage":9.0,"enemies":"Jaw Worm","floor":1.0,"turns":3.0},{"damage":6.0,"enemies":"Cultist","floor":2.0,"turns":3.0},{"damage":0.0,"enemies":"Small Slimes","floor":4.0,"turns":3.0},{"damage":3.0,"enemies":"3 Louse","floor":5.0,"turns":3.0},{"damage":35.0,"enemies":"3 Sentries","floor":7.0,"turns":6.0},{"damage":4.0,"enemies":"Blue Slaver","floor":10.0,"turns":3.0},{"damage":12.0,"enemies":"Gremlin Gang","floor":12.0,"turns":3.0},{"damage":22.0,"enemies":"Slime Boss","floor":16.0,"turns":7.0},{"damage":26.0,"enemies":"2 Thieves","floor":18.0,"turns":4.0},{"damage":0.0,"enemies":"Chosen","floor":19.0,"turns":4.0},{"damage":0.0,"enemies":"Sentry and Sphere","floor":20.0,"turns":3.0},{"damage":18.0,"enemies":"Chosen and Byrds","floor":21.0,"turns":7.0},{"damage":5.0,"enemies":"Gremlin Leader","floor":23.0,"turns":6.0},{"damage":0.0,"enemies":"3 Cultists","floor":25.0,"turns":2.0},{"damage":28.0,"enemies":"Slavers","floor":28.0,"turns":3.0},{"damage":29.0,"enemies":"Collector","floor":33.0,"turns":9.0},{"damage":20.0,"enemies":"3 Shapes","floor":35.0,"turns":2.0},{"damage":5.0,"enemies":"3 Darklings","floor":41.0,"turns":3.0},{"damage":23.0,"enemies":"Giant Head","floor":42.0,"turns":6.0},{"damage":18.0,"enemies":"Writhing Mass","floor":47.0,"turns":6.0},{"damage":41,"enemies":"Spire Growth","floor":48,"turns":5},{"damage":51,"enemies":"Time Eater","floor":50,"turns":4}],"seed_played":"4240404390814433607","potions_obtained":[{"floor":4.0,"key":"SpeedPotion"},{"floor":7.0,"key":"Regen Potion"},{"floor":10.0,"key":"EssenceOfSteel"},{"floor":12.0,"key":"SteroidPotion"},{"floor":16.0,"key":"Strength Potion"},{"floor":17.0,"key":"Swift Potion"},{"floor":19.0,"key":"SkillPotion"},{"floor":21.0,"key":"Regen Potion"},{"floor":22.0,"key":"FearPotion"},{"floor":22.0,"key":"LiquidBronze"},{"floor":28.0,"key":"Block Potion"},{"floor":33.0,"key":"GamblersBrew"},{"floor":42.0,"key":"Block Potion"}],"is_trial":false,"path_per_floor":["M","M","?","M","M","R","E","R","T","M","R","M","R","?","R","B",null,"M","M","M","M","?","E","R","M","T","R","E","?","$","?","R","B",null,"M","?","?","$","?","R","M","E","T","?","$","R","M","M","R","B"],"character_chosen":"DEFECT","items_purchased":["Ice Cream","Conserve Battery","Aggregate","LiquidBronze"],"campfire_rested":7,"item_purchase_floors":[30,30,45,45],"current_hp_per_floor":[66,60,53,53,50,72,37,59,59,55,55,48,48,48,70,48,80,54,54,54,36,36,46,46,46,46,70,42,42,42,33,57,28,80,60,60,60,60,60,60,55,32,39,39,39,65,51,14,40,0],"gold":37,"neow_bonus":"ONE_RANDOM_RARE_CARD","is_prod":false,"is_daily":false,"chose_seed":false,"campfire_upgraded":4,"win_rate":0,"timestamp":1548618942,"path_taken":["M","M","?","M","M","R","E","R","T","M","R","M","R","?","R","BOSS","M","M","M","M","?","E","R","?","T","R","E","?","$","?","R","BOSS","M","?","?","?","?","R","M","E","T","?","$","R","M","M","R","BOSS"],"build_version":"2019-01-23","purchased_purges":1,"victory":false,"max_hp_per_floor":[75,75,75,75,75,75,75,75,75,75,75,75,75,75,75,75,80,80,80,80,80,80,80,80,80,80,80,80,80,80,80,80,80,80,80,80,80,80,80,80,80,80,87,87,87,87,87,87,87,87],"card_choices":[{"not_picked":["Stack","Doom and Gloom"],"picked":"Rip and Tear","floor":1.0},{"not_picked":["Static Discharge","Blizzard"],"picked":"Gash","floor":2.0},{"not_picked":["Static Discharge","Coolheaded"],"picked":"Tempest","floor":4.0},{"not_picked":["Streamline","Redo"],"picked":"Gash","floor":5.0},{"not_picked":["Force Field","Compile Driver"],"picked":"Conserve Battery","floor":7.0},{"not_picked":["Rip and Tear","Tempest"],"picked":"Sweeping Beam","floor":10.0},{"not_picked":["Thunder Strike","Lockon"],"picked":"Hologram","floor":12.0},{"not_picked":["Biased Cognition","Buffer"],"picked":"Hyperbeam","floor":16.0},{"not_picked":["Consume","Sweeping Beam"],"picked":"Steam","floor":17.0},{"not_picked":["Cold Snap","Barrage","Heatsinks"],"picked":"SKIP","floor":18.0},{"not_picked":["Sweeping Beam","Conserve Battery"],"picked":"Steam","floor":19.0},{"not_picked":["Chill","Ball Lightning"],"picked":"Go for the Eyes","floor":20.0},{"not_picked":["Buffer","Beam Cell"],"picked":"FTL+1","floor":21.0},{"not_picked":["Chill","Heatsinks"],"picked":"Beam Cell","floor":23.0},{"not_picked":["BootSequence","Coolheaded"],"picked":"Streamline","floor":25.0},{"not_picked":["Redo","Streamline"],"picked":"Leap","floor":28.0},{"not_picked":["Electrodynamics","Thunder Strike"],"picked":"Hyperbeam","floor":33.0},{"not_picked":["Melter"],"picked":"SKIP","floor":35.0},{"not_picked":[],"picked":"Recycle+1","floor":41.0},{"not_picked":["Blizzard+1"],"picked":"SKIP","floor":42.0},{"not_picked":[],"picked":"Bandage Up","floor":44.0},{"not_picked":["Beam Cell"],"picked":"SKIP","floor":47.0},{"not_picked":[],"picked":"Chaos+1","floor":48}],"player_experience":308965,"relics_obtained":[{"floor":7.0,"key":"Ginger"},{"floor":9.0,"key":"Matryoshka"},{"floor":23.0,"key":"PreservedInsect"},{"floor":26.0,"key":"Bronze Scales"},{"floor":26.0,"key":"Vajra"},{"floor":28.0,"key":"Juzu Bracelet"},{"floor":42.0,"key":"Lantern"},{"floor":43.0,"key":"Mummified Hand"},{"floor":43.0,"key":"Strawberry"}],"event_choices":[{"cards_removed":["Strike_B"],"damage_healed":0.0,"max_hp_gain":0.0,"max_hp_loss":0.0,"gold_gain":0.0,"event_name":"Golden Wing","player_choice":"Card Removal","floor":3.0,"gold_loss":0.0,"damage_taken":7.0},{"damage_healed":0.0,"max_hp_gain":0.0,"max_hp_loss":0.0,"gold_gain":0.0,"event_name":"World of Goop","player_choice":"Left Gold","floor":14.0,"gold_loss":44.0,"damage_taken":0.0},{"damage_healed":0.0,"max_hp_gain":0.0,"max_hp_loss":0.0,"gold_gain":0.0,"event_name":"Lab","player_choice":"Got Potions","floor":22.0,"gold_loss":0.0,"damage_taken":0.0},{"cards_removed":["Strike_B"],"damage_healed":0.0,"max_hp_gain":0.0,"max_hp_loss":0.0,"gold_gain":0.0,"event_name":"Beggar","player_choice":"Gave Gold","floor":29.0,"gold_loss":75.0,"damage_taken":0.0},{"damage_healed":0.0,"max_hp_gain":0.0,"max_hp_loss":0.0,"gold_gain":0.0,"event_name":"Cursed Tome","player_choice":"Stopped","floor":31.0,"gold_loss":0.0,"damage_taken":9.0},{"cards_removed":["Defend_B"],"damage_healed":0.0,"max_hp_gain":0.0,"max_hp_loss":0.0,"gold_gain":0.0,"event_name":"Designer","player_choice":"Single Remove","floor":36.0,"gold_loss":60.0,"damage_taken":0.0},{"damage_healed":0.0,"max_hp_gain":0.0,"max_hp_loss":0.0,"gold_gain":0.0,"cards_transformed":["Tempest"],"event_name":"Transmorgrifier","player_choice":"Transformed","floor":37.0,"gold_loss":0.0,"damage_taken":0.0,"cards_obtained":["Heatsinks"]},{"cards_removed":["Heatsinks"],"damage_healed":0.0,"max_hp_gain":0.0,"max_hp_loss":0.0,"gold_gain":0.0,"event_name":"Falling","player_choice":"Removed Power","floor":39.0,"gold_loss":0.0,"damage_taken":0.0},{"damage_healed":0.0,"max_hp_gain":0.0,"max_hp_loss":0.0,"gold_gain":0.0,"event_name":"SensoryStone","player_choice":"Memory 1","floor":44.0,"gold_loss":0.0,"damage_taken":0.0}],"is_beta":false,"boss_relics":[{"not_picked":["Snecko Eye","Cursed Key"],"picked":"Tiny House"},{"not_picked":["Sozu","White Beast Statue"],"picked":"Busted Crown"}],"items_purged_floors":[30],"is_endless":false,"potions_floor_spawned":[4,7,10,12,16,19,21,28,33,42],"killed_by":"Time Eater","ascension_level":3}