{"gold_per_floor":[112,37,47,66,66,93,105,4,304,335,235,251,251,284,284,380,380,394,404,418,437,437,437],"floor_reached":23,"playtime":1223,"items_purged":["Defend_B","Strike_B"],"score":281,"play_id":"01d1c414-4c23-4a9b-880d-3d4602432690","local_time":"20190105164855","is_ascension_mode":true,"campfire_choices":[{"floor":13,"key":"DIG"},{"floor":15,"key":"DIG"}],"neow_cost":"NONE","seed_source_timestamp":1278494883863991,"circlet_count":0,"master_deck":["Strike_B","Strike_B","Strike_B","Defend_B","Defend_B","Defend_B","Zap","Dualcast","Conserve Battery","Doom and Gloom","BootSequence","Capacitor+1","Chill","Tempest","Ball Lightning","Electrodynamics","Cold Snap","Consume","Coolheaded","Force Field"],"relics":["Runic Pyramid","Darkstone Periapt","Shovel","Old Coin","Pear","Strawberry","Potion Belt","Meat on the Bone","Philosopher\u0027s Stone"],"potions_floor_usage":[10,10,16,18,18,18,18],"damage_taken":[{"damage":0,"enemies":"Small Slimes","floor":1,"turns":2},{"damage":0,"enemies":"Cultist","floor":3,"turns":3},{"damage":0,"enemies":"Jaw Worm","floor":4,"turns":5},{"damage":8,"enemies":"Lagavulin","floor":6,"turns":7},{"damage":0,"enemies":"Red Slaver","floor":7,"turns":3},{"damage":32,"enemies":"Gremlin Nob","floor":10,"turns":5},{"damage":0,"enemies":"2 Fungi Beasts","floor":12,"turns":3},{"damage":1,"enemies":"Lagavulin","floor":14,"turns":6},{"damage":19,"enemies":"Slime Boss","floor":16,"turns":6},{"damage":0,"enemies":"3 Byrds","floor":18,"turns":3},{"damage":0,"enemies":"Chosen","floor":19,"turns":4},{"damage":38,"enemies":"Snecko","floor":20,"turns":5},{"damage":12,"enemies":"Centurion and Healer","floor":21,"turns":5},{"damage":55,"enemies":"Book of Stabbing","floor":23,"turns":4}],"seed_played":"-7176599982518272101","potions_obtained":[{"floor":1,"key":"LiquidBronze"},{"floor":6,"key":"Energy Potion"},{"floor":7,"key":"SpeedPotion"},{"floor":14,"key":"Regen Potion"},{"floor":16,"key":"EntropicBrew"},{"floor":18,"key":"FearPotion"}],"is_trial":false,"path_per_floor":["M","$","M","M","?","E","M","$","T","E","$","M","R","E","R","B",null,"M","M","M","M","?","E"],"character_chosen":"DEFECT","items_purchased":["Capacitor","Chill"],"campfire_rested":0,"item_purchase_floors":[8,8],"current_hp_per_floor":[75,75,75,75,75,67,67,67,67,45,45,45,52,51,51,56,92,92,92,54,54,54,0],"gold":437,"neow_bonus":"BOSS_RELIC","is_prod":false,"is_daily":false,"chose_seed":false,"campfire_upgraded":0,"win_rate":0,"timestamp":1546724935,"path_taken":["M","$","M","M","?","E","M","$","T","E","$","M","R","E","R","BOSS","M","?","M","M","?","E"],"build_version":"2019-01-03v4","purchased_purges":2,"victory":false,"max_hp_per_floor":[75,75,75,75,75,75,75,75,75,85,85,85,92,92,92,92,92,92,92,92,92,92,92],"card_choices":[{"not_picked":["Compile Driver","Stack"],"picked":"Conserve Battery","floor":1},{"not_picked":["Go for the Eyes","Recycle"],"picked":"Doom and Gloom","floor":3},{"not_picked":["Hello World","Coolheaded"],"picked":"BootSequence","floor":4},{"not_picked":["Steam Power","Rip and Tear","Amplify"],"picked":"SKIP","floor":6},{"not_picked":["Sweeping Beam","Steam Power","Turbo"],"picked":"SKIP","floor":7},{"not_picked":["BootSequence","Barrage"],"picked":"Tempest","floor":10},{"not_picked":["Stack","Barrage"],"picked":"Ball Lightning","floor":12},{"not_picked":["Beam Cell","Chaos","Reprogram"],"picked":"SKIP","floor":14},{"not_picked":["Fission","All For One"],"picked":"Electrodynamics","floor":16},{"not_picked":["Hello World","Streamline"],"picked":"Cold Snap","floor":18},{"not_picked":["Turbo","Leap"],"picked":"Consume","floor":19},{"not_picked":["Cold Snap","Lockon+1"],"picked":"Coolheaded","floor":20},{"not_picked":["Conserve Battery+1","Redo+1"],"picked":"Force Field","floor":21}],"player_experience":278338,"relics_obtained":[{"floor":6,"key":"Shovel"},{"floor":9,"key":"Old Coin"},{"floor":10,"key":"Pear"},{"floor":13,"key":"Strawberry"},{"floor":14,"key":"Potion Belt"},{"floor":15,"key":"Meat on the Bone"}],"event_choices":[{"damage_healed":0,"gold_gain":0,"player_choice":"Gave Potion","damage_taken":0,"relics_obtained":["Darkstone Periapt"],"max_hp_gain":0,"max_hp_loss":0,"event_name":"WeMeetAgain","floor":5,"gold_loss":0},{"damage_healed":0,"gold_gain":0,"player_choice":"Forge","damage_taken":0,"max_hp_gain":0,"max_hp_loss":0,"event_name":"Accursed Blacksmith","floor":22,"gold_loss":0,"cards_upgraded":["Capacitor"]}],"is_beta":false,"boss_relics":[{"not_picked":["White Beast Statue","Tiny House"],"picked":"Philosopher\u0027s Stone"}],"items_purged_floors":[2,11],"is_endless":false,"potions_floor_spawned":[1,6,7,14,16,18],"killed_by":"Book of Stabbing","ascension_level":4}