{"gold_per_floor":[111,126,144,154,164,164,9,9,60,102,214,245,257,269,281,370,382,407,431,368,394,406,452,464,52,52,52,70,105,105,30,30,109,109,128,3,3,3,3,3,16,16,16,16,16,33,59,76,76,76,76,76,76,22,51,51],"floor_reached":57,"playtime":2321,"items_purged":["Strike_G","Strike_G","Strike_G"],"score":2786,"play_id":"1e6a9194-fea8-498a-8078-9fb96ce4df68","local_time":"20190305021728","is_ascension_mode":true,"campfire_choices":[{"data":"Deadly Poison","floor":6.0,"key":"SMITH"},{"data":"Dagger Spray","floor":8.0,"key":"SMITH"},{"data":"Noxious Fumes","floor":13.0,"key":"SMITH"},{"data":"Footwork","floor":15.0,"key":"SMITH"},{"data":"Crippling Poison","floor":27.0,"key":"SMITH"},{"floor":32.0,"key":"REST"},{"data":"Catalyst","floor":40.0,"key":"SMITH"},{"data":"Apotheosis","floor":44.0,"key":"SMITH"},{"floor":49.0,"key":"RECALL"},{"data":"Panacea","floor":53.0,"key":"SMITH"}],"neow_cost":"NONE","seed_source_timestamp":0,"circlet_count":0,"master_deck":["AscendersBane","Defend_G","Defend_G","Defend_G","Defend_G","Defend_G","Strike_G","Survivor","Neutralize","Deadly Poison+1","Backflip","Dash","Finisher","Dagger Spray+1","PiercingWail","Noxious Fumes+1","Footwork+1","Corpse Explosion","Crippling Poison+1","Footwork","Well Laid Plans+1","Blade Dance","Blind","PiercingWail","Heel Hook","Catalyst+1","Wraith Form v2","Bouncing Flask","Backflip+1","Panacea+1","Apotheosis+1","Backflip","Adrenaline","PiercingWail"],"special_seed":0,"relics":["Ring of the Snake","MawBank","Blue Candle","Runic Dome","Mummified Hand","Bag of Marbles","Lee\u0027s Waffle","Potion Belt","White Beast Statue","Ninja Scroll","Orichalcum","Art of War"],"potions_floor_usage":[56],"damage_taken":[{"damage":4.0,"enemies":"Jaw Worm","floor":1.0,"turns":6.0},{"damage":0.0,"enemies":"Cultist","floor":2.0,"turns":4.0},{"damage":0.0,"enemies":"2 Louse","floor":3.0,"turns":3.0},{"damage":6.0,"enemies":"Looter","floor":4.0,"turns":4.0},{"damage":15.0,"enemies":"Exordium Thugs","floor":5.0,"turns":5.0},{"damage":25.0,"enemies":"3 Sentries","floor":10.0,"turns":9.0},{"damage":0.0,"enemies":"3 Louse","floor":12.0,"turns":3.0},{"damage":12.0,"enemies":"Hexaghost","floor":16.0,"turns":9.0},{"damage":5.0,"enemies":"3 Byrds","floor":18.0,"turns":4.0},{"damage":0.0,"enemies":"Spheric Guardian","floor":19.0,"turns":5.0},{"damage":19.0,"enemies":"Shelled Parasite and Fungi","floor":21.0,"turns":4.0},{"damage":21.0,"enemies":"Slavers","floor":23.0,"turns":3.0},{"damage":2.0,"enemies":"Centurion and Healer","floor":28.0,"turns":5.0},{"damage":29.0,"enemies":"Gremlin Leader","floor":29.0,"turns":7.0},{"damage":5.0,"enemies":"Automaton","floor":33.0,"turns":8.0},{"damage":0.0,"enemies":"3 Shapes","floor":35.0,"turns":3.0},{"damage":10.0,"enemies":"Orb Walker","floor":41.0,"turns":4.0},{"damage":1.0,"enemies":"Transient","floor":46.0,"turns":6.0},{"damage":7.0,"enemies":"Giant Head","floor":47.0,"turns":9.0},{"damage":0.0,"enemies":"Spire Growth","floor":48.0,"turns":5.0},{"damage":0.0,"enemies":"Donu and Deca","floor":50.0,"turns":6.0},{"damage":28.0,"enemies":"Time Eater","floor":51.0,"turns":11.0},{"damage":33.0,"enemies":"Shield and Spear","floor":55.0,"turns":6.0},{"damage":42,"enemies":"The Heart","floor":56,"turns":11}],"seed_played":"-6829067617789153318","potions_obtained":[{"floor":4.0,"key":"Dexterity Potion"},{"floor":5.0,"key":"FearPotion"},{"floor":12.0,"key":"PowerPotion"},{"floor":21.0,"key":"Ancient Potion"},{"floor":23.0,"key":"Strength Potion"},{"floor":33.0,"key":"Energy Potion"},{"floor":35.0,"key":"GhostInAJar"},{"floor":41.0,"key":"Regen Potion"},{"floor":45.0,"key":"Swift Potion"},{"floor":45.0,"key":"Energy Potion"},{"floor":46.0,"key":"Regen Potion"},{"floor":47.0,"key":"Energy Potion"},{"floor":48.0,"key":"Poison Potion"},{"floor":55.0,"key":"GhostInAJar"}],"is_trial":false,"path_per_floor":["M","M","M","M","M","R","$","R","T","E","?","M","R","?","R","B",null,"M","M","?","M","T","E","?","$","T","R","M","E","?","$","R","B",null,"M","$","?","?","$","R","M","?","T","R","?","M","E","M","R","B","B",null,"R","$","E","B",null],"character_chosen":"THE_SILENT","items_purchased":["Dagger Spray","PiercingWail","Lee\u0027s Waffle","Blade Dance","Blind","Catalyst","Swift Potion"],"campfire_rested":1,"item_purchase_floors":[7,7,25,25,25,31,54],"current_hp_per_floor":[61,61,61,55,40,40,40,40,40,15,15,15,15,20,20,8,60,55,55,55,36,36,15,15,84,84,84,82,53,29,29,55,50,79,79,79,79,79,79,79,69,59,59,59,59,73,66,66,66,81,53,80,80,80,47,5],"gold":51,"neow_bonus":"TEN_PERCENT_HP_BONUS","is_prod":false,"is_daily":false,"chose_seed":false,"campfire_upgraded":8,"win_rate":0,"timestamp":1551719848,"path_taken":["M","M","M","M","M","R","$","R","T","E","?","?","R","?","R","BOSS","M","M","?","M","?","E","?","$","T","R","M","E","?","?","R","BOSS","M","?","?","?","$","R","?","?","T","R","?","M","E","?","R","BOSS","BOSS","R","$","E","BOSS"],"build_version":"2019-01-23","purchased_purges":3,"victory":true,"max_hp_per_floor":[72,72,72,72,72,72,72,72,72,72,72,72,72,77,77,77,77,77,77,77,77,77,77,77,84,84,84,84,84,89,89,89,89,89,89,89,89,89,89,89,89,89,89,89,89,89,89,89,89,89,89,89,89,89,89,89],"card_choices":[{"not_picked":["Slice","Eviscerate"],"picked":"Deadly Poison","floor":1.0},{"not_picked":["Sucker Punch","Footwork"],"picked":"Quick Slash","floor":2.0},{"not_picked":["Slice","Outmaneuver"],"picked":"Backflip","floor":3.0},{"not_picked":["Deflect","Calculated Gamble"],"picked":"Dash","floor":4.0},{"not_picked":["Flechettes","Backflip"],"picked":"Finisher","floor":5.0},{"not_picked":["Doppelganger","Cloak And Dagger"],"picked":"Noxious Fumes","floor":10.0},{"not_picked":["Predator","Masterful Stab"],"picked":"Footwork","floor":12.0},{"not_picked":["Unload","Envenom"],"picked":"Corpse Explosion","floor":16.0},{"not_picked":["Flying Knee","Prepared","Terror"],"picked":"SKIP","floor":18.0},{"not_picked":["Quick Slash","Eviscerate"],"picked":"Crippling Poison","floor":19.0},{"not_picked":["Finisher","Dagger Spray","Quick Slash"],"picked":"SKIP","floor":21.0},{"not_picked":["Heel Hook+1","Eviscerate"],"picked":"Footwork","floor":23.0},{"not_picked":["Blade Dance","Terror"],"picked":"PiercingWail","floor":28.0},{"not_picked":["Leg Sweep","Riddle With Holes"],"picked":"Heel Hook","floor":29.0},{"not_picked":["Adrenaline","Corpse Explosion"],"picked":"Wraith Form v2","floor":33.0},{"not_picked":["Dagger Throw+1","Quick Slash"],"picked":"Bouncing Flask","floor":35.0},{"not_picked":["Dodge and Roll+1","Calculated Gamble"],"picked":"Backflip+1","floor":41.0},{"not_picked":["Enlightenment","Mayhem"],"picked":"Panacea","floor":42.0},{"not_picked":["Purity","Jack Of All Trades"],"picked":"Apotheosis","floor":42.0},{"not_picked":["Dagger Throw+1","Cloak And Dagger+1","Underhanded Strike"],"picked":"SKIP","floor":46.0},{"not_picked":["Quick Slash+1","Calculated Gamble"],"picked":"Backflip","floor":47.0},{"not_picked":["Prepared","Dash"],"picked":"Adrenaline","floor":48.0},{"not_picked":["Endless Agony","Reflex"],"picked":"PiercingWail","floor":55.0}],"player_experience":4469534,"relics_obtained":[{"floor":9.0,"key":"MawBank"},{"floor":10.0,"key":"Blue Candle"},{"floor":22.0,"key":"Mummified Hand"},{"floor":23.0,"key":"Bag of Marbles"},{"floor":29.0,"key":"Potion Belt"},{"floor":43.0,"key":"Ninja Scroll"},{"floor":47.0,"key":"Orichalcum"},{"floor":55.0,"key":"Art of War"}],"event_choices":[{"damage_healed":0.0,"max_hp_gain":0.0,"max_hp_loss":0.0,"gold_gain":100.0,"event_name":"Wheel of Change","player_choice":"Gold","floor":11.0,"gold_loss":0.0,"damage_taken":0.0},{"damage_healed":0.0,"max_hp_gain":5.0,"max_hp_loss":0.0,"gold_gain":0.0,"event_name":"Big Fish","player_choice":"Donut","floor":14.0,"gold_loss":0.0,"damage_taken":0.0},{"cards_removed":["Strike_G"],"damage_healed":0.0,"max_hp_gain":0.0,"max_hp_loss":0.0,"gold_gain":0.0,"event_name":"Beggar","player_choice":"Gave Gold","floor":20.0,"gold_loss":75.0,"damage_taken":0.0},{"damage_healed":0.0,"max_hp_gain":0.0,"max_hp_loss":0.0,"gold_gain":0.0,"event_name":"The Library","player_choice":"Read","floor":24.0,"gold_loss":0.0,"damage_taken":0.0,"cards_obtained":["Well Laid Plans"]},{"damage_healed":0.0,"max_hp_gain":5.0,"max_hp_loss":0.0,"gold_gain":0.0,"event_name":"Forgotten Altar","player_choice":"Shed Blood","floor":30.0,"gold_loss":0.0,"damage_taken":29.0},{"cards_removed":["Quick Slash"],"damage_healed":0.0,"max_hp_gain":0.0,"max_hp_loss":0.0,"gold_gain":0.0,"event_name":"Falling","player_choice":"Removed Attack","floor":37.0,"gold_loss":0.0,"damage_taken":0.0},{"damage_healed":0.0,"max_hp_gain":0.0,"max_hp_loss":0.0,"gold_gain":0.0,"event_name":"Upgrade Shrine","player_choice":"Upgraded","floor":38.0,"gold_loss":0.0,"damage_taken":0.0,"cards_upgraded":["Well Laid Plans"]},{"damage_healed":0.0,"max_hp_gain":0.0,"max_hp_loss":0.0,"gold_gain":0.0,"event_name":"SensoryStone","player_choice":"Memory 3","floor":42.0,"gold_loss":0.0,"damage_taken":10.0},{"damage_healed":0.0,"max_hp_gain":0.0,"max_hp_loss":0.0,"gold_gain":0.0,"event_name":"Lab","player_choice":"Got Potions","floor":45.0,"gold_loss":0.0,"damage_taken":0.0}],"is_beta":false,"boss_relics":[{"not_picked":["Eternal Feather","Black Star"],"picked":"Runic Dome"},{"not_picked":["Snecko Eye","Lizard Tail"],"picked":"White Beast Statue"}],"items_purged_floors":[7,25,36],"is_endless":false,"potions_floor_spawned":[4,5,12,21,23,33,35,41,46,47,48,55],"ascension_level":20}