{"gold_per_floor":[112,37,37,37,37,70,70,70,115,156,181,196,196,212,212,337,337,357,381,114,135,135],"floor_reached":22,"playtime":1585,"items_purged":["Defend_B","Strike_B"],"score":291,"play_id":"dac8ae08-f61f-48f3-b1e1-784225895f01","local_time":"20190113004619","is_ascension_mode":true,"campfire_choices":[{"floor":7.0,"key":"REST"},{"data":"Consume","floor":15.0,"key":"SMITH"}],"neow_cost":"NONE","seed_source_timestamp":51593325072533,"circlet_count":0,"master_deck":["AscendersBane","Strike_B","Strike_B","Defend_B","Defend_B","Defend_B","Zap","Dualcast","Glacier","BootSequence","Seek","Coolheaded","Consume+1","Electrodynamics","Hologram","Conserve Battery+1","Fusion","Core Surge"],"special_seed":0,"relics":["Cracked Core","Strawberry","Golden Idol","PreservedInsect","Ginger","Vajra","Orichalcum","Inserter","Membership Card"],"potions_floor_usage":[22],"damage_taken":[{"damage":1.0,"enemies":"2 Louse","floor":1.0,"turns":3.0},{"damage":34.0,"enemies":"3 Sentries","floor":6.0,"turns":11.0},{"damage":6.0,"enemies":"Gremlin Nob","floor":10.0,"turns":5.0},{"damage":0.0,"enemies":"Jaw Worm","floor":11.0,"turns":4.0},{"damage":0.0,"enemies":"Cultist","floor":12.0,"turns":3.0},{"damage":6.0,"enemies":"Gremlin Gang","floor":14.0,"turns":9.0},{"damage":31.0,"enemies":"The Guardian","floor":16.0,"turns":21.0},{"damage":4.0,"enemies":"Shell Parasite","floor":18.0,"turns":9.0},{"damage":20.0,"enemies":"2 Thieves","floor":19.0,"turns":5.0},{"damage":12.0,"enemies":"Cultist and Chosen","floor":21.0,"turns":8.0},{"damage":3,"enemies":"Colosseum Slavers","floor":22,"turns":6},{"damage":45,"enemies":"Colosseum Nobs","floor":22,"turns":3}],"seed_played":"7199819450344109844","potions_obtained":[{"floor":1.0,"key":"FearPotion"},{"floor":11.0,"key":"GamblersBrew"},{"floor":14.0,"key":"Dexterity Potion"},{"floor":16.0,"key":"SkillPotion"}],"is_trial":false,"path_per_floor":["M","$","?","?","$","E","R","T","T","E","M","M","?","M","R","B",null,"M","M","$","M","?"],"character_chosen":"DEFECT","items_purchased":["Membership Card","Fusion"],"campfire_rested":1,"item_purchase_floors":[20,20],"current_hp_per_floor":[74,74,79,58,58,24,50,50,50,44,44,44,44,38,38,7,67,63,43,43,31,0],"gold":135,"neow_bonus":"RANDOM_COMMON_RELIC","is_prod":false,"is_daily":false,"chose_seed":false,"campfire_upgraded":1,"win_rate":0,"timestamp":1547358379,"path_taken":["M","$","?","?","?","E","R","?","T","E","M","?","?","M","R","BOSS","M","?","$","M","?"],"build_version":"2019-01-10","purchased_purges":2,"victory":false,"max_hp_per_floor":[82,82,87,87,87,87,87,87,87,87,87,87,87,87,87,87,87,87,87,87,87,87],"card_choices":[{"not_picked":["Redo","Conserve Battery"],"picked":"Glacier","floor":1.0},{"not_picked":["Aggregate","Auto Shields"],"picked":"BootSequence","floor":6.0},{"not_picked":["Steam","Self Repair"],"picked":"Seek","floor":10.0},{"not_picked":["Streamline","Ball Lightning"],"picked":"Coolheaded","floor":11.0},{"not_picked":["Gash","Barrage","Coolheaded"],"picked":"SKIP","floor":12.0},{"not_picked":["Amplify","Skim"],"picked":"Consume","floor":14.0},{"not_picked":["Thunder Strike","Hyperbeam"],"picked":"Electrodynamics","floor":16.0},{"not_picked":["Gash","Compile Driver+1"],"picked":"Hologram","floor":18.0},{"not_picked":["Leap","Chill"],"picked":"Conserve Battery+1","floor":19.0},{"not_picked":["Fusion","Auto Shields"],"picked":"Core Surge","floor":21.0}],"player_experience":379685,"relics_obtained":[{"floor":6.0,"key":"PreservedInsect"},{"floor":8.0,"key":"Ginger"},{"floor":9.0,"key":"Vajra"},{"floor":10.0,"key":"Orichalcum"}],"event_choices":[{"damage_healed":0.0,"max_hp_gain":5.0,"max_hp_loss":0.0,"gold_gain":0.0,"event_name":"Big Fish","player_choice":"Donut","floor":3.0,"gold_loss":0.0,"damage_taken":0.0},{"damage_healed":0.0,"max_hp_gain":0.0,"max_hp_loss":0.0,"gold_gain":0.0,"event_name":"Golden Idol","player_choice":"Take Damage","floor":4.0,"gold_loss":0.0,"damage_taken":21.0,"relics_obtained":["Golden Idol"]},{"cards_removed":["Strike_B"],"damage_healed":0.0,"max_hp_gain":0.0,"max_hp_loss":0.0,"gold_gain":0.0,"event_name":"Purifier","player_choice":"Purged","floor":13.0,"gold_loss":0.0,"damage_taken":0.0},{"damage_healed":0,"gold_gain":0,"player_choice":"Fight","damage_taken":0,"max_hp_gain":0,"max_hp_loss":0,"event_name":"Colosseum","floor":22,"gold_loss":0},{"damage_healed":0,"gold_gain":0,"player_choice":"Fought Nobs","damage_taken":0,"max_hp_gain":0,"max_hp_loss":0,"event_name":"Colosseum","floor":22,"gold_loss":0}],"is_beta":false,"boss_relics":[{"not_picked":["Nuclear Battery","Runic Dome"],"picked":"Inserter"}],"items_purged_floors":[2,20],"is_endless":false,"potions_floor_spawned":[1,11,14,16,22],"killed_by":"Colosseum Nobs","ascension_level":10}