{"gold_per_floor":[117,135,185,202,217,217,232,264,289,324,336,374,403,429,441,528,540,569,581,609,123,139,139,153,153],"floor_reached":25,"playtime":834,"items_purged":["Fire Breathing"],"score":504,"play_id":"3a561754-2d49-472a-af53-1541f22d1e15","local_time":"20190307000245","is_ascension_mode":true,"campfire_choices":[{"data":"Combust","floor":6,"key":"SMITH"},{"floor":11,"key":"REST"},{"data":"True Grit","floor":15,"key":"SMITH"},{"floor":23,"key":"REST"}],"neow_cost":"NONE","seed_source_timestamp":1763013837970200,"circlet_count":0,"master_deck":["AscendersBane","Bash+1","Anger","True Grit+1","Combust+1","Metallicize","Pummel","Impervious","Blood for Blood","Dark Embrace","Whirlwind","Dropkick","Pummel","Armaments","Impervious","Sentinel","Uppercut","Double Tap","Iron Wave","Dual Wield","Reckless Charge","True Grit","Dropkick+1"],"relics":["Burning Blood","Shuriken","PreservedInsect","MawBank","Bronze Scales","Pandora\u0027s Box","TheAbacus","Omamori"],"potions_floor_usage":[10,16,16,22],"damage_taken":[{"damage":10,"enemies":"Small Slimes","floor":1,"turns":4},{"damage":1,"enemies":"Cultist","floor":2,"turns":3},{"damage":10,"enemies":"2 Louse","floor":4,"turns":3},{"damage":12,"enemies":"Blue Slaver","floor":5,"turns":4},{"damage":15,"enemies":"Exordium Wildlife","floor":7,"turns":4},{"damage":26,"enemies":"Gremlin Nob","floor":8,"turns":4},{"damage":3,"enemies":"3 Sentries","floor":10,"turns":4},{"damage":23,"enemies":"Lagavulin","floor":12,"turns":5},{"damage":6,"enemies":"Gremlin Gang","floor":13,"turns":5},{"damage":19,"enemies":"Large Slime","floor":14,"turns":4},{"damage":12,"enemies":"The Guardian","floor":16,"turns":14},{"damage":22,"enemies":"2 Thieves","floor":18,"turns":3},{"damage":23,"enemies":"Shell Parasite","floor":20,"turns":7},{"damage":27,"enemies":"Shelled Parasite and Fungi","floor":22,"turns":4},{"damage":34,"enemies":"Snake Plant","floor":24,"turns":6},{"damage":13,"enemies":"Slavers","floor":25,"turns":1}],"seed_played":"-4759216980048405884","potions_obtained":[{"floor":2,"key":"Fire Potion"},{"floor":7,"key":"FearPotion"},{"floor":8,"key":"Fire Potion"},{"floor":10,"key":"SneckoOil"},{"floor":12,"key":"EssenceOfSteel"},{"floor":20,"key":"BloodPotion"}],"is_trial":false,"path_per_floor":["M","M","?","M","M","R","M","E","T","E","R","E","M","M","R","B",null,"M","?","M","$","M","R","M","E"],"character_chosen":"IRONCLAD","items_purchased":["TheAbacus","True Grit","Omamori"],"campfire_rested":2,"item_purchase_floors":[21,21,21],"current_hp_per_floor":[64,69,69,65,59,59,50,30,30,33,55,38,38,25,25,19,61,45,45,28,28,14,36,8,0],"gold":153,"neow_bonus":"UPGRADE_CARD","is_prod":false,"is_daily":false,"chose_seed":false,"campfire_upgraded":2,"win_rate":0,"timestamp":1551884565,"path_taken":["M","M","?","M","M","R","?","E","T","E","R","E","M","M","R","BOSS","M","?","?","?","?","R","M","E"],"build_version":"2019-01-23","purchased_purges":1,"victory":false,"max_hp_per_floor":[75,75,75,75,75,75,75,75,75,75,75,75,75,75,75,75,75,75,75,75,75,75,75,75,75],"card_choices":[{"not_picked":["Dual Wield","Body Slam"],"picked":"Anger","floor":1},{"not_picked":["Sever Soul","Heavy Blade"],"picked":"True Grit","floor":2},{"not_picked":["Clash","Warcry"],"picked":"Combust","floor":4},{"not_picked":["Clothesline","Perfected Strike"],"picked":"Metallicize","floor":5},{"not_picked":["Thunderclap","Iron Wave"],"picked":"Headbutt","floor":7},{"not_picked":["Perfected Strike","Iron Wave"],"picked":"Pummel","floor":8},{"not_picked":["Wild Strike","Intimidate"],"picked":"Impervious","floor":10},{"not_picked":["Clothesline","Bloodletting","Perfected Strike"],"picked":"SKIP","floor":12},{"not_picked":["Flex","Warcry"],"picked":"Blood for Blood","floor":13},{"not_picked":["Power Through","Wild Strike"],"picked":"Dark Embrace","floor":14},{"not_picked":["Ghostly Armor","Perfected Strike"],"picked":"Dual Wield","floor":18},{"not_picked":["Clothesline","Iron Wave"],"picked":"Reckless Charge","floor":20},{"not_picked":["Sword Boomerang","Thunderclap"],"picked":"Dropkick+1","floor":22},{"not_picked":["Warcry","Cleave","Headbutt"],"picked":"SKIP","floor":24}],"player_experience":4475129,"relics_obtained":[{"floor":8,"key":"Shuriken"},{"floor":9,"key":"PreservedInsect"},{"floor":10,"key":"MawBank"},{"floor":12,"key":"Bronze Scales"}],"event_choices":[{"damage_healed":0,"gold_gain":50,"player_choice":"Pray","damage_taken":0,"max_hp_gain":0,"max_hp_loss":0,"event_name":"Golden Shrine","floor":3,"gold_loss":0},{"damage_healed":0,"gold_gain":0,"cards_transformed":["Headbutt"],"player_choice":"Transformed","damage_taken":0,"max_hp_gain":0,"max_hp_loss":0,"event_name":"Transmorgrifier","floor":19,"gold_loss":0,"cards_obtained":["Fire Breathing"]}],"is_beta":false,"boss_relics":[{"not_picked":["Busted Crown","Sozu"],"picked":"Pandora\u0027s Box"}],"items_purged_floors":[21],"is_endless":false,"potions_floor_spawned":[2,7,8,10,12,20],"killed_by":"Slavers","ascension_level":20}