{"gold_per_floor":[116,116,126,201,201,201,264,264,310,322,341,376,376,394,394,490,490,503,519,519,537,537],"floor_reached":22,"playtime":686,"items_purged":[],"score":332,"play_id":"8c734a77-0ed0-4c60-8746-2825ab976620","local_time":"20190305134406","is_ascension_mode":true,"campfire_choices":[{"data":"Spot Weakness","floor":6.0,"key":"SMITH"},{"data":"Perfected Strike","floor":8.0,"key":"SMITH"},{"floor":13.0,"key":"REST"},{"data":"Whirlwind","floor":15.0,"key":"SMITH"}],"neow_cost":"NONE","seed_source_timestamp":13567860894956,"circlet_count":0,"master_deck":["AscendersBane","Strike_R","Strike_R","Strike_R","Strike_R","Strike_R","Defend_R","Defend_R","Defend_R","Defend_R","Bash+1","Spot Weakness+1","Perfected Strike+1","Second Wind","Whirlwind+1","Brutality+1","Metallicize+1","Demon Form+1","Flex","Evolve+1","Perfected Strike+1"],"special_seed":0,"relics":["Burning Blood","NeowsBlessing","Frozen Egg 2","Tiny Chest","Bag of Marbles","Darkstone Periapt","Cursed Key"],"potions_floor_usage":[],"damage_taken":[{"damage":0.0,"enemies":"Jaw Worm","floor":1.0,"turns":1.0},{"damage":0.0,"enemies":"2 Louse","floor":3.0,"turns":1.0},{"damage":0.0,"enemies":"3 Sentries","floor":7.0,"turns":1.0},{"damage":0.0,"enemies":"Cultist","floor":10.0,"turns":2.0},{"damage":14.0,"enemies":"3 Louse","floor":11.0,"turns":4.0},{"damage":35.0,"enemies":"Lagavulin","floor":12.0,"turns":4.0},{"damage":20.0,"enemies":"Lots of Slimes","floor":14.0,"turns":3.0},{"damage":27,"enemies":"The Guardian","floor":16,"turns":9},{"damage":14,"enemies":"Chosen","floor":18,"turns":3},{"damage":43,"enemies":"Shell Parasite","floor":19,"turns":5},{"damage":19,"enemies":"Cultist and Chosen","floor":21,"turns":5},{"damage":12,"enemies":"Snake Plant","floor":22,"turns":1}],"seed_played":"-2622641893132984342","potions_obtained":[{"floor":1.0,"key":"SpeedPotion"},{"floor":7.0,"key":"SkillPotion"},{"floor":12.0,"key":"Ancient Potion"},{"floor":21,"key":"SteroidPotion"}],"is_trial":false,"path_per_floor":["M","?","M","?","?","R","E","R","T","M","M","E","R","M","R","B",null,"M","M","?","M","M"],"character_chosen":"IRONCLAD","items_purchased":[],"campfire_rested":1,"item_purchase_floors":[],"current_hp_per_floor":[78,60,66,55,55,55,61,61,61,67,59,30,54,40,40,19,65,57,20,20,7,0],"gold":537,"neow_bonus":"THREE_ENEMY_KILL","is_prod":false,"is_daily":false,"chose_seed":false,"campfire_upgraded":3,"win_rate":0,"timestamp":1551761046,"path_taken":["M","?","M","?","?","R","E","R","T","?","M","E","R","M","R","BOSS","M","M","?","?","M"],"build_version":"2019-01-23","purchased_purges":0,"victory":false,"max_hp_per_floor":[80,80,80,80,80,80,80,80,80,80,80,80,80,80,80,80,80,80,80,80,80,80],"card_choices":[{"not_picked":["Hemokinesis","Wild Strike"],"picked":"Spot Weakness","floor":1.0},{"not_picked":["Pummel","Warcry"],"picked":"Perfected Strike","floor":3.0},{"not_picked":["Anger","Cleave","Clothesline"],"picked":"SKIP","floor":7.0},{"not_picked":["Headbutt","Shrug It Off"],"picked":"Second Wind","floor":10.0},{"not_picked":["Combust+1","Cleave"],"picked":"Whirlwind","floor":11.0},{"not_picked":["Cleave","Sever Soul"],"picked":"Brutality+1","floor":12.0},{"not_picked":["Infernal Blade","Sword Boomerang"],"picked":"Metallicize+1","floor":14.0},{"not_picked":["Limit Break","Immolate"],"picked":"Demon Form+1","floor":16},{"not_picked":["Clash","Twin Strike"],"picked":"Flex","floor":18},{"not_picked":["Corruption+1","Disarm"],"picked":"Evolve+1","floor":19},{"not_picked":["Searing Blow","Pummel","Cleave"],"picked":"SKIP","floor":21}],"player_experience":234284,"relics_obtained":[{"floor":7.0,"key":"Tiny Chest"},{"floor":9.0,"key":"Bag of Marbles"},{"floor":12.0,"key":"Darkstone Periapt"}],"event_choices":[{"damage_healed":0.0,"max_hp_gain":0.0,"max_hp_loss":0.0,"gold_gain":0.0,"event_name":"Scrap Ooze","player_choice":"Success","floor":2.0,"gold_loss":0.0,"damage_taken":18.0,"relics_obtained":["Frozen Egg 2"]},{"damage_healed":0.0,"max_hp_gain":0.0,"max_hp_loss":0.0,"gold_gain":75.0,"event_name":"World of Goop","player_choice":"Gather Gold","floor":4.0,"gold_loss":0.0,"damage_taken":11.0},{"damage_healed":0.0,"max_hp_gain":0.0,"max_hp_loss":0.0,"gold_gain":0.0,"event_name":"Upgrade Shrine","player_choice":"Upgraded","floor":5.0,"gold_loss":0.0,"damage_taken":0.0,"cards_upgraded":["Bash"]},{"damage_healed":0,"gold_gain":0,"player_choice":"Copied","damage_taken":0,"max_hp_gain":0,"max_hp_loss":0,"event_name":"Duplicator","floor":20,"gold_loss":0,"cards_obtained":["Perfected Strike"]}],"is_beta":false,"boss_relics":[{"not_picked":["Runic Pyramid","Runic Dome"],"picked":"Cursed Key"}],"items_purged_floors":[],"is_endless":false,"potions_floor_spawned":[1,7,12,21],"killed_by":"Snake Plant","ascension_level":10}