{"gold_per_floor":[111,131,131,13,26,26,52,52,52,68,130,130,130,147,147,219,219,233,158,173,173,173,173],"floor_reached":23,"playtime":711,"items_purged":[],"score":403,"play_id":"05bb50e0-63be-430c-b0a0-43fd1c8eaaa7","local_time":"20190320101931","is_ascension_mode":true,"campfire_choices":[{"data":"Anger","floor":6,"key":"SMITH"},{"data":"Pommel Strike","floor":8,"key":"SMITH"},{"data":"Inflame","floor":15,"key":"SMITH"}],"neow_cost":"NONE","seed_source_timestamp":113675769171542,"circlet_count":0,"master_deck":["AscendersBane","Strike_R","Strike_R","Strike_R","Defend_R+1","Defend_R+1","Defend_R+1","Defend_R+1","Bash+1","Seeing Red","Anger+1","Pommel Strike+1","Clothesline","Inflame+1","Ghostly Armor","Feed","Demon Form","Decay"],"relics":["Burning Blood","War Paint","Pear","Ancient Tea Set","Philosopher\u0027s Stone","Enchiridion"],"potions_floor_usage":[7,23,23],"damage_taken":[{"damage":6,"enemies":"Small Slimes","floor":1,"turns":5},{"damage":9,"enemies":"2 Louse","floor":2,"turns":3},{"damage":0,"enemies":"Cultist","floor":5,"turns":3},{"damage":6,"enemies":"Gremlin Nob","floor":7,"turns":3},{"damage":6,"enemies":"Red Slaver","floor":10,"turns":4},{"damage":6,"enemies":"Gremlin Nob","floor":11,"turns":3},{"damage":3,"enemies":"Looter","floor":14,"turns":2},{"damage":40,"enemies":"The Guardian","floor":16,"turns":13},{"damage":18,"enemies":"Spheric Guardian","floor":18,"turns":5},{"damage":11,"enemies":"Chosen","floor":20,"turns":5},{"damage":54,"enemies":"Slavers","floor":23,"turns":3}],"seed_played":"-5418368237856390265","potions_obtained":[{"floor":5,"key":"AttackPotion"},{"floor":11,"key":"Dexterity Potion"},{"floor":14,"key":"EssenceOfSteel"},{"floor":16,"key":"Energy Potion"}],"is_trial":false,"path_per_floor":["M","M","?","$","M","R","E","R","T","M","?","?","?","M","R","B",null,"M","?","M","?","?","E"],"character_chosen":"IRONCLAD","items_purchased":["Pommel Strike","Clothesline"],"campfire_rested":0,"item_purchase_floors":[4,4],"current_hp_per_floor":[68,65,42,42,48,48,48,48,58,58,58,63,56,62,62,31,80,71,71,69,48,48,0],"gold":173,"neow_bonus":"UPGRADE_CARD","is_prod":false,"is_daily":false,"chose_seed":false,"campfire_upgraded":3,"win_rate":0,"timestamp":1553044771,"path_taken":["M","M","?","$","M","R","E","R","T","M","?","?","?","M","R","BOSS","M","?","M","?","?","E"],"build_version":"2019-01-23","purchased_purges":0,"victory":false,"max_hp_per_floor":[75,75,75,75,75,75,75,75,85,85,85,90,90,93,93,96,96,99,99,102,102,102,105],"card_choices":[{"not_picked":["Clash","Warcry"],"picked":"Seeing Red","floor":1},{"not_picked":["Flame Barrier","Perfected Strike"],"picked":"Anger","floor":2},{"not_picked":["Corruption","Armaments"],"picked":"Inflame","floor":5},{"not_picked":["Iron Wave","Clash","Flex"],"picked":"SKIP","floor":7},{"not_picked":["Twin Strike","Headbutt"],"picked":"Ghostly Armor","floor":10},{"not_picked":["Perfected Strike","Iron Wave"],"picked":"Feed","floor":11},{"not_picked":["Clash","Seeing Red","Cleave"],"picked":"SKIP","floor":14},{"not_picked":["Bludgeon","Juggernaut"],"picked":"Demon Form","floor":16},{"not_picked":["Body Slam","Twin Strike","Anger"],"picked":"SKIP","floor":18},{"not_picked":["Thunderclap","Warcry","Clash"],"picked":"SKIP","floor":20}],"player_experience":755004,"relics_obtained":[{"floor":7,"key":"War Paint"},{"floor":9,"key":"Pear"},{"floor":11,"key":"Ancient Tea Set"},{"floor":21,"key":"Enchiridion"}],"event_choices":[{"damage_healed":0,"gold_gain":0,"player_choice":"Entered Light","damage_taken":23,"max_hp_gain":0,"max_hp_loss":0,"event_name":"Shining Light","floor":3,"gold_loss":0,"cards_upgraded":["Defend_R","Defend_R"]},{"damage_healed":0,"gold_gain":30,"player_choice":"Searched \u00272\u0027 times","damage_taken":0,"max_hp_gain":0,"max_hp_loss":0,"event_name":"Dead Adventurer","floor":11,"gold_loss":0},{"damage_healed":0,"gold_gain":0,"player_choice":"Donut","damage_taken":0,"max_hp_gain":5,"max_hp_loss":0,"event_name":"Big Fish","floor":12,"gold_loss":0},{"cards_removed":["Strike_R"],"damage_healed":0,"gold_gain":0,"player_choice":"Card Removal","damage_taken":7,"max_hp_gain":0,"max_hp_loss":0,"event_name":"Golden Wing","floor":13,"gold_loss":0},{"cards_removed":["Strike_R"],"damage_healed":0,"gold_gain":0,"player_choice":"Gave Gold","damage_taken":0,"max_hp_gain":0,"max_hp_loss":0,"event_name":"Beggar","floor":19,"gold_loss":75},{"damage_healed":0,"gold_gain":0,"player_choice":"Obtained Book","damage_taken":21,"max_hp_gain":0,"max_hp_loss":0,"event_name":"Cursed Tome","floor":21,"gold_loss":0},{"damage_healed":0,"gold_gain":0,"player_choice":"Smashed Altar","damage_taken":0,"max_hp_gain":0,"max_hp_loss":0,"event_name":"Forgotten Altar","floor":22,"gold_loss":0,"cards_obtained":["Decay"]}],"is_beta":false,"boss_relics":[{"not_picked":["Tiny House","Eternal Feather"],"picked":"Philosopher\u0027s Stone"}],"items_purged_floors":[],"is_endless":false,"potions_floor_spawned":[5,11,14,16,18],"killed_by":"Slavers","ascension_level":20}