{"gold_per_floor":[118,128,203,128,128,156,156,81,81,81,99,99,118,128,128,202,202,217,227,227,0,17,17,17,17,17,29,29,39,39,39,39,39],"floor_reached":33,"playtime":1326,"items_purged":["Strike_B"],"score":490,"play_id":"1b46620d-9672-4705-aacc-b17cc221d614","local_time":"20190104014353","is_ascension_mode":true,"campfire_choices":[{"floor":7.0,"key":"REST"},{"data":"Gash","floor":10.0,"key":"SMITH"},{"data":"Impatience","floor":12.0,"key":"SMITH"},{"floor":15.0,"key":"REST"},{"floor":23.0,"key":"REST"},{"data":"Zap","floor":25.0,"key":"SMITH"},{"floor":28.0,"key":"REST"},{"floor":32.0,"key":"REST"}],"neow_cost":"NONE","seed_source_timestamp":170444528780923,"circlet_count":0,"master_deck":["AscendersBane","Zap+1","Dualcast","Impatience+1","Hologram","Gash+1","Beam Cell","FTL","All For One","Coolheaded","Reprogram","Redo","Glacier","Decay","Tempest","Coolheaded","Machine Learning"],"special_seed":0,"relics":["Cracked Core","Bottled Lightning","Gambling Chip","Pandora\u0027s Box","The Courier"],"potions_floor_usage":[33],"damage_taken":[{"damage":9.0,"enemies":"Small Slimes","floor":1.0,"turns":3.0},{"damage":6.0,"enemies":"2 Louse","floor":2.0,"turns":4.0},{"damage":34.0,"enemies":"Lagavulin","floor":6.0,"turns":8.0},{"damage":4.0,"enemies":"Jaw Worm","floor":11.0,"turns":2.0},{"damage":1.0,"enemies":"Looter","floor":13.0,"turns":2.0},{"damage":0.0,"enemies":"Exordium Wildlife","floor":14.0,"turns":2.0},{"damage":39.0,"enemies":"Slime Boss","floor":16.0,"turns":7.0},{"damage":21.0,"enemies":"Chosen","floor":18.0,"turns":4.0},{"damage":11.0,"enemies":"Spheric Guardian","floor":19.0,"turns":3.0},{"damage":12.0,"enemies":"Centurion and Healer","floor":22.0,"turns":4.0},{"damage":16.0,"enemies":"Cultist and Chosen","floor":27.0,"turns":5.0},{"damage":21.0,"enemies":"Chosen and Byrds","floor":29.0,"turns":4.0},{"damage":58,"enemies":"Collector","floor":33,"turns":6}],"seed_played":"-7861301100319405557","potions_obtained":[{"floor":6.0,"key":"Ancient Potion"},{"floor":11.0,"key":"SkillPotion"},{"floor":22.0,"key":"SkillPotion"},{"floor":29.0,"key":"Weak Potion"}],"is_trial":false,"path_per_floor":["M","M","?","?","?","E","R","$","T","R","M","R","M","M","R","B",null,"M","M","?","?","M","R","?","R","T","M","R","M","$","?","R","B"],"character_chosen":"DEFECT","items_purchased":[],"campfire_rested":5,"item_purchase_floors":[],"current_hp_per_floor":[55,49,38,38,38,4,25,25,25,25,21,21,20,20,41,2,54,33,22,22,22,10,31,31,31,31,15,36,15,15,15,36,0],"gold":39,"neow_bonus":"RANDOM_COLORLESS","is_prod":false,"is_daily":false,"chose_seed":false,"campfire_upgraded":3,"win_rate":0,"timestamp":1546533833,"path_taken":["M","M","?","?","?","E","R","$","T","R","M","R","?","M","R","BOSS","M","M","?","?","M","R","?","R","T","M","R","M","$","?","R","BOSS"],"build_version":"2018-12-20","purchased_purges":1,"victory":false,"max_hp_per_floor":[71,71,71,71,71,71,71,71,71,71,71,71,71,71,71,71,71,71,71,71,71,71,71,71,71,71,71,71,71,71,71,71,71],"card_choices":[{"not_picked":["Rebound","Leap"],"picked":"Hologram","floor":1.0},{"not_picked":["Doom and Gloom","Turbo"],"picked":"Gash","floor":2.0},{"not_picked":["Barrage","Amplify"],"picked":"Beam Cell","floor":6.0},{"not_picked":["Leap","Redo","Tempest"],"picked":"SKIP","floor":11.0},{"not_picked":["Sweeping Beam","Leap"],"picked":"FTL","floor":13.0},{"not_picked":["Hologram","Double Energy","Reinforced Body"],"picked":"SKIP","floor":14.0},{"not_picked":["Buffer","Creative AI"],"picked":"All For One","floor":16.0},{"not_picked":["Skim","Go for the Eyes","Doom and Gloom"],"picked":"SKIP","floor":18.0},{"not_picked":["Hologram+1","Tempest+1"],"picked":"Glacier","floor":19.0},{"not_picked":["Auto Shields","Conserve Battery","Leap"],"picked":"SKIP","floor":22.0},{"not_picked":["Streamline","Consume","Redo"],"picked":"SKIP","floor":27.0},{"not_picked":["Compile Driver","Rebound"],"picked":"Machine Learning","floor":29.0}],"player_experience":3990819,"relics_obtained":[{"floor":6.0,"key":"Bottled Lightning"},{"floor":9.0,"key":"Gambling Chip"},{"floor":26.0,"key":"The Courier"}],"event_choices":[{"damage_healed":0.0,"max_hp_gain":0.0,"max_hp_loss":0.0,"gold_gain":75.0,"event_name":"World of Goop","player_choice":"Gather Gold","floor":3.0,"gold_loss":0.0,"damage_taken":11.0},{"cards_removed":["Strike_B"],"damage_healed":0.0,"max_hp_gain":0.0,"max_hp_loss":0.0,"gold_gain":0.0,"event_name":"The Cleric","player_choice":"Card Removal","floor":4.0,"gold_loss":75.0,"damage_taken":0.0},{"cards_removed":["Strike_B"],"damage_healed":0.0,"max_hp_gain":0.0,"max_hp_loss":0.0,"gold_gain":0.0,"event_name":"Living Wall","player_choice":"Forget","floor":5.0,"gold_loss":0.0,"damage_taken":0.0},{"damage_healed":0.0,"max_hp_gain":0.0,"max_hp_loss":0.0,"gold_gain":0.0,"event_name":"Forgotten Altar","player_choice":"Smashed Altar","floor":20.0,"gold_loss":0.0,"damage_taken":0.0,"cards_obtained":["Decay"]},{"damage_healed":0.0,"max_hp_gain":0.0,"max_hp_loss":0.0,"gold_gain":0.0,"event_name":"Masked Bandits","player_choice":"Paid Fearfully","floor":21.0,"gold_loss":227.0,"damage_taken":0.0},{"damage_healed":0.0,"max_hp_gain":0.0,"max_hp_loss":0.0,"gold_gain":0.0,"cards_transformed":["Buffer","Capacitor"],"event_name":"Drug Dealer","player_choice":"Became Test Subject","floor":24.0,"gold_loss":0.0,"damage_taken":0.0,"cards_obtained":["Tempest","Coolheaded"]}],"is_beta":false,"boss_relics":[{"not_picked":["Eternal Feather","Velvet Choker"],"picked":"Pandora\u0027s Box"}],"items_purged_floors":[8],"is_endless":false,"potions_floor_spawned":[6,11,14,22,29],"killed_by":"Collector","ascension_level":20}