{"gold_per_floor":[118,118,129,304,304,338,338,369,369,369,384,384,8,18,18,115,115,128,140,72,72,87,87,104,104,104,104,65,80,6,6,6,104,104,123,123,123,26,44,44,76,76,76,106,125,138,158,188,188,188],"floor_reached":51,"playtime":3067,"items_purged":["Strike_R","Strike_R"],"score":1215,"play_id":"df8c6a39-338c-469b-b8ca-8b25ea59e283","local_time":"20190305223941","is_ascension_mode":true,"campfire_choices":[{"data":"Flex","floor":7.0,"key":"SMITH"},{"data":"Madness","floor":12.0,"key":"SMITH"},{"data":"Rampage","floor":15.0,"key":"SMITH"},{"floor":23.0,"key":"REST"},{"data":"Dark Embrace","floor":25.0,"key":"SMITH"},{"floor":27.0,"key":"REST"},{"data":"Infernal Blade","floor":32.0,"key":"SMITH"},{"floor":40.0,"key":"REST"},{"data":"Demon Form","floor":49.0,"key":"SMITH"}],"neow_cost":"NONE","seed_source_timestamp":0,"circlet_count":0,"master_deck":["AscendersBane","Strike_R","Strike_R+1","Strike_R+1","Defend_R","Defend_R","Defend_R","Defend_R","Bash+1","Wild Strike+1","Clothesline","Flex+1","Rampage+1","Immolate","Madness+1","Infernal Blade+1","Headbutt","Burning Pact","Dark Embrace+1","Warcry","Flame Barrier","Evolve","Feel No Pain","Feel No Pain","Offering","Madness","Madness","Carnage+1","Pummel","Whirlwind+1","Exhume","Warcry+1","Demon Form+1"],"special_seed":0,"relics":["Burning Blood","NeowsBlessing","Ornamental Fan","Matryoshka","Oddly Smooth Stone","Dead Branch","Membership Card","Lantern","Whetstone","Lizard Tail","Boot","Bottled Flame","Bag of Marbles","Incense Burner","Sozu","OrangePellets","Potion Belt","Blue Candle","Juzu Bracelet","Question Card","Bottled Tornado"],"potions_floor_usage":[],"damage_taken":[{"damage":0.0,"enemies":"Small Slimes","floor":1.0,"turns":1.0},{"damage":0.0,"enemies":"Jaw Worm","floor":3.0,"turns":1.0},{"damage":0.0,"enemies":"Gremlin Nob","floor":6.0,"turns":1.0},{"damage":45.0,"enemies":"Lagavulin","floor":8.0,"turns":6.0},{"damage":4.0,"enemies":"Cultist","floor":11.0,"turns":3.0},{"damage":0.0,"enemies":"2 Fungi Beasts","floor":14.0,"turns":2.0},{"damage":10.0,"enemies":"Slime Boss","floor":16.0,"turns":8.0},{"damage":28.0,"enemies":"2 Thieves","floor":18.0,"turns":2.0},{"damage":26.0,"enemies":"3 Byrds","floor":19.0,"turns":6.0},{"damage":1.0,"enemies":"Snecko","floor":22.0,"turns":3.0},{"damage":24.0,"enemies":"Centurion and Healer","floor":24.0,"turns":6.0},{"damage":15.0,"enemies":"Snake Plant","floor":29.0,"turns":4.0},{"damage":29.0,"enemies":"Collector","floor":33.0,"turns":7.0},{"damage":8.0,"enemies":"Orb Walker","floor":35.0,"turns":2.0},{"damage":18.0,"enemies":"3 Shapes","floor":39.0,"turns":2.0},{"damage":7.0,"enemies":"Nemesis","floor":41.0,"turns":5.0},{"damage":6.0,"enemies":"Reptomancer","floor":44.0,"turns":4.0},{"damage":7.0,"enemies":"Transient","floor":45.0,"turns":5.0},{"damage":6.0,"enemies":"Sphere and 2 Shapes","floor":46.0,"turns":4.0},{"damage":20.0,"enemies":"Maw","floor":47.0,"turns":5.0},{"damage":6.0,"enemies":"Nemesis","floor":48.0,"turns":4.0},{"damage":84,"enemies":"Time Eater","floor":50,"turns":7}],"seed_played":"2214424549997522558","potions_obtained":[{"floor":1.0,"key":"BloodPotion"},{"floor":3.0,"key":"BloodPotion"},{"floor":8.0,"key":"AttackPotion"},{"floor":14.0,"key":"PowerPotion"},{"floor":19.0,"key":"SkillPotion"}],"is_trial":false,"path_per_floor":["M","?","M","?","?","E","R","E","T","?","M","R","$","M","R","B",null,"M","M","$","?","M","R","M","R","T","R","$","M","$","T","R","B",null,"M","?","?","$","M","R","E","T","T","E","M","M","M","E","R","B",null],"character_chosen":"IRONCLAD","items_purchased":["Membership Card","Lantern","Whetstone","Evolve","Feel No Pain","Bag of Marbles","OrangePellets"],"campfire_rested":3,"item_purchase_floors":[13,13,13,20,28,30,38],"current_hp_per_floor":[78,62,68,68,61,67,67,44,44,44,46,46,46,52,52,48,72,50,30,30,30,35,59,41,41,41,65,65,56,56,56,56,33,68,66,66,56,56,44,68,67,67,67,67,66,66,52,52,52,16],"gold":188,"neow_bonus":"THREE_ENEMY_KILL","is_prod":false,"is_daily":false,"chose_seed":false,"campfire_upgraded":6,"win_rate":0,"timestamp":1551793181,"path_taken":["M","?","M","?","?","E","R","E","T","?","M","R","$","M","R","BOSS","M","?","$","?","M","R","M","R","T","R","$","?","$","?","R","BOSS","M","?","?","$","M","R","E","?","T","E","M","M","M","E","R","BOSS"],"build_version":"2019-01-23","purchased_purges":2,"victory":true,"max_hp_per_floor":[80,80,80,80,80,80,80,80,80,80,80,80,80,80,80,80,80,80,80,80,80,80,80,80,80,80,80,80,80,80,80,80,80,80,80,80,80,80,80,80,80,80,80,80,80,80,80,80,80,80],"card_choices":[{"not_picked":["Ghostly Armor","Body Slam"],"picked":"Wild Strike","floor":1.0},{"not_picked":["Rage","True Grit"],"picked":"Clothesline","floor":3.0},{"not_picked":["Body Slam","Seeing Red"],"picked":"Flex","floor":6.0},{"not_picked":["Flex","Clothesline"],"picked":"Rampage","floor":8.0},{"not_picked":["Anger","Flex"],"picked":"Headbutt","floor":11.0},{"not_picked":["Sword Boomerang","Reckless Charge"],"picked":"Burning Pact","floor":14.0},{"not_picked":["Immolate","Berserk"],"picked":"Dark Embrace","floor":16.0},{"not_picked":["Thunderclap","Sword Boomerang"],"picked":"Warcry","floor":18.0},{"not_picked":["Entrench","Warcry+1"],"picked":"Flame Barrier","floor":19.0},{"not_picked":["Perfected Strike","Pommel Strike","Blood for Blood"],"picked":"SKIP","floor":22.0},{"not_picked":["Wild Strike","Flex","Perfected Strike"],"picked":"SKIP","floor":24.0},{"not_picked":["Shrug It Off+1","Feed"],"picked":"Feel No Pain","floor":29.0},{"not_picked":["Brutality","Barricade"],"picked":"Offering","floor":33.0},{"not_picked":["Pommel Strike","Flex","Infernal Blade"],"picked":"SKIP","floor":35.0},{"not_picked":["Rupture","Anger+1"],"picked":"Carnage+1","floor":39.0},{"not_picked":["Pummel","Clothesline","Havoc+1"],"picked":"SKIP","floor":41.0},{"not_picked":["Clothesline","Havoc+1"],"picked":"Pummel","floor":41.0},{"not_picked":["Sword Boomerang+1","True Grit"],"picked":"Whirlwind+1","floor":44.0},{"not_picked":["Metallicize+1","Warcry","Pummel"],"picked":"Exhume","floor":45.0},{"not_picked":["Heavy Blade","Shockwave","Iron Wave+1"],"picked":"Warcry+1","floor":46.0},{"not_picked":["Body Slam","Iron Wave+1","Shockwave","Sword Boomerang"],"picked":"SKIP","floor":47.0},{"not_picked":["Armaments","Warcry","Sever Soul"],"picked":"Demon Form","floor":48.0}],"player_experience":237033,"relics_obtained":[{"floor":6.0,"key":"Ornamental Fan"},{"floor":8.0,"key":"Matryoshka"},{"floor":9.0,"key":"Oddly Smooth Stone"},{"floor":9.0,"key":"Dead Branch"},{"floor":26.0,"key":"Boot"},{"floor":26.0,"key":"Bottled Flame"},{"floor":31.0,"key":"Incense Burner"},{"floor":41.0,"key":"Potion Belt"},{"floor":42.0,"key":"Blue Candle"},{"floor":43.0,"key":"Juzu Bracelet"},{"floor":44.0,"key":"Question Card"},{"floor":48.0,"key":"Bottled Tornado"}],"event_choices":[{"damage_healed":0.0,"max_hp_gain":0.0,"max_hp_loss":0.0,"gold_gain":0.0,"event_name":"Shining Light","player_choice":"Entered Light","floor":2.0,"gold_loss":0.0,"damage_taken":16.0,"cards_upgraded":["Strike_R","Wild Strike"]},{"damage_healed":0.0,"max_hp_gain":0.0,"max_hp_loss":0.0,"gold_gain":175.0,"event_name":"Liars Game","player_choice":"AGREE","floor":4.0,"gold_loss":0.0,"damage_taken":0.0,"cards_obtained":["Doubt"]},{"cards_removed":["Doubt"],"damage_healed":0.0,"max_hp_gain":0.0,"max_hp_loss":0.0,"gold_gain":0.0,"event_name":"Golden Wing","player_choice":"Card Removal","floor":5.0,"gold_loss":0.0,"damage_taken":7.0},{"damage_healed":0.0,"max_hp_gain":0.0,"max_hp_loss":0.0,"gold_gain":0.0,"event_name":"Match and Keep!","player_choice":"3 cards matched","floor":10.0,"gold_loss":0.0,"damage_taken":0.0,"cards_obtained":["Immolate","Madness","Infernal Blade"]},{"damage_healed":0.0,"max_hp_gain":0.0,"max_hp_loss":0.0,"gold_gain":0.0,"event_name":"The Woman in Blue","player_choice":"Bought 0 Potions","floor":21.0,"gold_loss":0.0,"damage_taken":0.0},{"damage_healed":0.0,"max_hp_gain":0.0,"max_hp_loss":0.0,"gold_gain":0.0,"event_name":"Tomb of Lord Red Mask","player_choice":"Ignored","floor":36.0,"gold_loss":0.0,"damage_taken":0.0},{"damage_healed":0.0,"max_hp_gain":0.0,"max_hp_loss":0.0,"gold_gain":0.0,"event_name":"Winding Halls","player_choice":"Embrace Madness","floor":37.0,"gold_loss":0.0,"damage_taken":10.0,"cards_obtained":["Madness","Madness"]}],"is_beta":false,"boss_relics":[{"not_picked":["Runic Dome","Ectoplasm"],"picked":"Lizard Tail"},{"not_picked":["Tiny House","Busted Crown"],"picked":"Sozu"}],"items_purged_floors":[13,20],"is_endless":false,"potions_floor_spawned":[1,3,8,14,19,22,29,35,41,46],"ascension_level":11}