{"gold_per_floor":[111,111,123,141,141,141,141,141,141,13,13,13,36,61,61,185,185,175,100,300,316,330,330,330],"floor_reached":24,"playtime":1291,"items_purged":["Strike_B"],"score":298,"play_id":"76963f99-e7d6-49bb-bbc4-a2af6b7cb2c0","local_time":"20190120132543","is_ascension_mode":true,"campfire_choices":[{"data":"Dualcast","floor":6.0,"key":"SMITH"},{"data":"Self Repair","floor":8.0,"key":"SMITH"},{"data":"Conserve Battery","floor":15.0,"key":"SMITH"},{"data":"Rainbow","floor":23.0,"key":"SMITH"}],"neow_cost":"NONE","seed_source_timestamp":0,"circlet_count":0,"master_deck":["AscendersBane","Strike_B","Strike_B","Strike_B","Defend_B","Defend_B+1","Defend_B+1","Zap","Dualcast+1","Fission+1","Rebound","Self Repair+1","Cold Snap","Conserve Battery+1","Auto Shields","Rainbow+1","Go for the Eyes+1"],"special_seed":0,"relics":["FrozenCore","Bottled Flame","Golden Idol"],"potions_floor_usage":[24],"damage_taken":[{"damage":2.0,"enemies":"2 Louse","floor":1.0,"turns":2.0},{"damage":0.0,"enemies":"Cultist","floor":3.0,"turns":3.0},{"damage":0.0,"enemies":"Small Slimes","floor":4.0,"turns":3.0},{"damage":0.0,"enemies":"Exordium Wildlife","floor":13.0,"turns":3.0},{"damage":9.0,"enemies":"Large Slime","floor":14.0,"turns":6.0},{"damage":35.0,"enemies":"The Guardian","floor":16.0,"turns":16.0},{"damage":6.0,"enemies":"2 Thieves","floor":18.0,"turns":4.0},{"damage":18.0,"enemies":"Chosen","floor":21.0,"turns":6.0},{"damage":25.0,"enemies":"Centurion and Healer","floor":22.0,"turns":16.0},{"damage":50,"enemies":"Slavers","floor":24,"turns":8}],"seed_played":"-8574924237415197710","potions_obtained":[{"floor":3.0,"key":"Block Potion"},{"floor":13.0,"key":"FearPotion"}],"is_trial":false,"path_per_floor":["M","?","M","M","?","R","?","R","T","$","?","$","M","M","R","B",null,"M","?","?","M","M","R","E"],"character_chosen":"DEFECT","items_purchased":["Conserve Battery"],"campfire_rested":0,"item_purchase_floors":[10],"current_hp_per_floor":[66,66,66,73,73,73,58,58,58,58,40,40,50,51,51,26,63,67,67,67,59,44,44,0],"gold":330,"neow_bonus":"ONE_RANDOM_RARE_CARD","is_prod":false,"is_daily":false,"chose_seed":false,"campfire_upgraded":4,"win_rate":0,"timestamp":1548008743,"path_taken":["M","?","?","M","?","R","?","R","T","?","?","$","M","M","R","BOSS","M","?","?","M","M","R","E"],"build_version":"2019-01-17v2","purchased_purges":1,"victory":false,"max_hp_per_floor":[75,75,75,75,75,75,75,75,75,75,75,75,75,75,75,75,75,75,75,75,75,75,75,75],"card_choices":[{"not_picked":["Hologram","Barrage"],"picked":"Rebound","floor":1.0},{"not_picked":["Hologram","Redo"],"picked":"Self Repair","floor":3.0},{"not_picked":["Force Field","Steam Power"],"picked":"Cold Snap","floor":4.0},{"not_picked":["Blizzard","Compile Driver"],"picked":"Auto Shields","floor":13.0},{"not_picked":["Compile Driver","Hologram","Barrage"],"picked":"SKIP","floor":14.0},{"not_picked":["Creative AI","All For One"],"picked":"Rainbow","floor":16.0},{"not_picked":["Hologram","Ball Lightning"],"picked":"Go for the Eyes+1","floor":18.0},{"not_picked":["Cold Snap","Hologram","Rebound"],"picked":"SKIP","floor":21.0},{"not_picked":["Sweeping Beam","Conserve Battery","Leap"],"picked":"SKIP","floor":22.0}],"player_experience":449000,"relics_obtained":[{"floor":9.0,"key":"Bottled Flame"}],"event_choices":[{"damage_healed":0.0,"max_hp_gain":0.0,"max_hp_loss":0.0,"gold_gain":0.0,"event_name":"Upgrade Shrine","player_choice":"Upgraded","floor":2.0,"gold_loss":0.0,"damage_taken":0.0,"cards_upgraded":["Fission"]},{"damage_healed":0.0,"max_hp_gain":0.0,"max_hp_loss":0.0,"gold_gain":0.0,"event_name":"Liars Game","player_choice":"Ignored","floor":5.0,"gold_loss":0.0,"damage_taken":0.0},{"damage_healed":0.0,"max_hp_gain":0.0,"max_hp_loss":0.0,"gold_gain":0.0,"event_name":"Shining Light","player_choice":"Entered Light","floor":7.0,"gold_loss":0.0,"damage_taken":15.0,"cards_upgraded":["Defend_B","Defend_B"]},{"damage_healed":0.0,"max_hp_gain":0.0,"max_hp_loss":0.0,"gold_gain":0.0,"event_name":"Golden Idol","player_choice":"Take Damage","floor":11.0,"gold_loss":0.0,"damage_taken":18.0,"relics_obtained":["Golden Idol"]},{"cards_removed":["Defend_B"],"damage_healed":0.0,"max_hp_gain":0.0,"max_hp_loss":0.0,"gold_gain":0.0,"event_name":"Beggar","player_choice":"Gave Gold","floor":19.0,"gold_loss":75.0,"damage_taken":0.0},{"damage_healed":0.0,"max_hp_gain":0.0,"max_hp_loss":0.0,"gold_gain":250.0,"event_name":"The Joust","player_choice":"Bet on Owner","floor":20.0,"gold_loss":50.0,"damage_taken":0.0}],"is_beta":false,"boss_relics":[{"not_picked":["Lizard Tail","Runic Dome"],"picked":"FrozenCore"}],"items_purged_floors":[10],"is_endless":false,"potions_floor_spawned":[3,13],"killed_by":"Slavers","ascension_level":12}