{"gold_per_floor":[109,119,119,137,153,182,182,195,195,195,208,237,257,285,285,358,358,358,358,273,40,40,40,40,40,40,40,40,40,40,40,40,40,40,40,40,40,40,40,40,40,40,40,40,40,40,40,40,40,40,40,40,40,12,12,12],"floor_reached":57,"playtime":2369,"items_purged":["Strike_G"],"score":3069,"play_id":"a75a244c-a7a7-4a3b-8d95-9b62b29f9a47","local_time":"20190307024213","is_ascension_mode":true,"campfire_choices":[{"floor":7,"key":"REST"},{"data":"Tactician","floor":10,"key":"SMITH"},{"data":"Crippling Poison","floor":15,"key":"SMITH"},{"data":"Acrobatics","floor":23,"key":"SMITH"},{"data":"After Image","floor":32,"key":"SMITH"},{"floor":40,"key":"RECALL"},{"floor":42,"key":"REST"},{"floor":49,"key":"REST"},{"floor":53,"key":"REST"}],"neow_cost":"NONE","seed_source_timestamp":1771032893833300,"circlet_count":0,"master_deck":["AscendersBane","Defend_G","Defend_G","Defend_G","Defend_G","Strike_G","Strike_G","Strike_G","Strike_G","Survivor","Neutralize","Tactician+1","Riddle With Holes","Crippling Poison+1","Blade Dance","PiercingWail","Dodge and Roll","Acrobatics+1","Dagger Spray","Underhanded Strike","Bullet Time","Leg Sweep","Riddle With Holes","Backflip","Footwork+1","Accuracy+1","After Image+1","Bullet Time","Backstab+1","Outmaneuver+1","Deflect+1","Backflip","Concentrate+1","Distraction","Cloak And Dagger","Caltrops+1","PiercingWail"],"relics":["Ring of the Snake","Boot","PreservedInsect","Mercury Hourglass","Ninja Scroll","Bottled Lightning","Ectoplasm","Nilry\u0027s Codex","Mummified Hand","Dead Branch","Bag of Marbles","Kunai","Tough Bandages","Fusion Hammer","StoneCalendar","Pear","Bottled Tornado","Letter Opener"],"potions_floor_usage":[6,12,14,33,33,56],"damage_taken":[{"damage":0,"enemies":"2 Louse","floor":1,"turns":3},{"damage":0,"enemies":"Cultist","floor":2,"turns":4},{"damage":4,"enemies":"Jaw Worm","floor":4,"turns":2},{"damage":1,"enemies":"2 Fungi Beasts","floor":5,"turns":3},{"damage":26,"enemies":"3 Sentries","floor":6,"turns":9},{"damage":12,"enemies":"Blue Slaver","floor":8,"turns":4},{"damage":4,"enemies":"3 Louse","floor":11,"turns":3},{"damage":11,"enemies":"Gremlin Nob","floor":12,"turns":3},{"damage":1,"enemies":"Exordium Wildlife","floor":13,"turns":3},{"damage":0,"enemies":"Lagavulin","floor":14,"turns":2},{"damage":17,"enemies":"Slime Boss","floor":16,"turns":10},{"damage":0,"enemies":"3 Byrds","floor":18,"turns":2},{"damage":2,"enemies":"Slavers","floor":27,"turns":2},{"damage":0,"enemies":"Chosen","floor":28,"turns":1},{"damage":0,"enemies":"Book of Stabbing","floor":30,"turns":2},{"damage":0,"enemies":"Snake Plant","floor":31,"turns":1},{"damage":2,"enemies":"Champ","floor":33,"turns":8},{"damage":0,"enemies":"Orb Walker","floor":35,"turns":2},{"damage":0,"enemies":"Mind Bloom Boss Battle","floor":36,"turns":5},{"damage":0,"enemies":"3 Darklings","floor":38,"turns":2},{"damage":0,"enemies":"Spire Growth","floor":39,"turns":3},{"damage":0,"enemies":"Giant Head","floor":41,"turns":6},{"damage":0,"enemies":"Reptomancer","floor":44,"turns":4},{"damage":0,"enemies":"Jaw Worm Horde","floor":45,"turns":2},{"damage":0,"enemies":"4 Shapes","floor":47,"turns":3},{"damage":15,"enemies":"Maw","floor":48,"turns":7},{"damage":0,"enemies":"Awakened One","floor":50,"turns":10},{"damage":4,"enemies":"Time Eater","floor":51,"turns":8},{"damage":0,"enemies":"Shield and Spear","floor":55,"turns":3},{"damage":50,"enemies":"The Heart","floor":56,"turns":11}],"seed_played":"697019442508753497","potions_obtained":[{"floor":1,"key":"FearPotion"},{"floor":2,"key":"SteroidPotion"},{"floor":6,"key":"Fruit Juice"},{"floor":8,"key":"Regen Potion"},{"floor":13,"key":"SpeedPotion"},{"floor":30,"key":"Dexterity Potion"},{"floor":39,"key":"GhostInAJar"},{"floor":41,"key":"GhostInAJar"}],"is_trial":false,"path_per_floor":["M","M","?","M","M","E","R","M","T","R","M","E","M","E","R","B",null,"M","?","?","$","?","R","$","?","T","E","M","T","E","M","R","B",null,"M","?","?","M","M","R","E","R","T","E","M","$","M","M","R","B","B",null,"R","$","E","B",null],"character_chosen":"THE_SILENT","items_purchased":["Leg Sweep","Riddle With Holes","PiercingWail"],"campfire_rested":4,"item_purchase_floors":[21,21,54],"current_hp_per_floor":[59,59,59,55,54,33,54,42,42,42,38,36,35,35,35,18,58,58,37,37,37,37,37,37,37,37,35,35,35,35,35,35,33,62,62,62,62,62,62,62,72,77,77,77,77,77,77,62,77,77,73,76,77,77,77,27],"gold":12,"neow_bonus":"RANDOM_COMMON_RELIC","is_prod":false,"is_daily":false,"chose_seed":false,"campfire_upgraded":4,"win_rate":0,"timestamp":1551894133,"path_taken":["M","M","?","?","M","E","R","M","T","R","M","E","M","E","R","BOSS","M","?","?","$","?","R","$","?","T","E","?","?","E","M","R","BOSS","M","?","?","M","M","R","E","R","T","E","M","?","M","M","R","BOSS","BOSS","R","$","E","BOSS"],"build_version":"2019-01-23","purchased_purges":1,"victory":true,"max_hp_per_floor":[66,66,66,66,66,71,71,71,71,71,71,71,71,71,71,71,71,71,71,71,71,71,71,71,71,71,71,71,71,71,71,71,71,71,71,71,67,67,67,67,77,77,77,77,77,77,77,77,77,77,77,77,77,77,77,77],"card_choices":[{"not_picked":["Skewer","Underhanded Strike"],"picked":"Tactician","floor":1},{"not_picked":["Backflip","Flying Knee"],"picked":"Riddle With Holes","floor":2},{"not_picked":["PiercingWail","Prepared"],"picked":"Blade Dance","floor":4},{"not_picked":["Outmaneuver","Slice","Expertise"],"picked":"SKIP","floor":5},{"not_picked":["Terror","Venomology"],"picked":"PiercingWail","floor":6},{"not_picked":["PiercingWail","Bouncing Flask"],"picked":"Dodge and Roll","floor":8},{"not_picked":["Sucker Punch","Dagger Throw"],"picked":"Acrobatics","floor":11},{"not_picked":["Bane","Blade Dance","Outmaneuver"],"picked":"SKIP","floor":12},{"not_picked":["Eviscerate","Deflect"],"picked":"Dagger Spray","floor":13},{"not_picked":["Heel Hook","Deflect"],"picked":"Underhanded Strike","floor":14},{"not_picked":["Glass Knife","A Thousand Cuts"],"picked":"Bullet Time","floor":16},{"not_picked":["Caltrops","Cloak And Dagger","Slice+1"],"picked":"SKIP","floor":18},{"not_picked":["Leg Sweep","Outmaneuver"],"picked":"Footwork+1","floor":27},{"not_picked":["Deflect","Backflip"],"picked":"Accuracy+1","floor":28},{"not_picked":["Skewer","Blade Dance"],"picked":"After Image","floor":30},{"not_picked":["Deflect","Dagger Spray","Acrobatics"],"picked":"SKIP","floor":31},{"not_picked":["Glass Knife","Grand Finale"],"picked":"Bullet Time","floor":33},{"not_picked":["Deadly Poison","Bane+1","Slice"],"picked":"SKIP","floor":35},{"not_picked":["Dodge and Roll","Underhanded Strike"],"picked":"Backstab+1","floor":36},{"not_picked":["Bouncing Flask","Eviscerate"],"picked":"Outmaneuver+1","floor":38},{"not_picked":["Reflex","Slice+1"],"picked":"Deflect+1","floor":39},{"not_picked":["Eviscerate","Blade Dance"],"picked":"Backflip","floor":41},{"not_picked":["Burst","Leg Sweep"],"picked":"Concentrate+1","floor":44},{"not_picked":["Sucker Punch","Quick Slash"],"picked":"Distraction","floor":45},{"not_picked":["Acrobatics","Skewer"],"picked":"Cloak And Dagger","floor":47},{"not_picked":["Tactician+1","Deflect"],"picked":"Caltrops+1","floor":48},{"not_picked":["Choke","Predator+1","Acrobatics"],"picked":"SKIP","floor":55}],"player_experience":4482282,"relics_obtained":[{"floor":6,"key":"PreservedInsect"},{"floor":9,"key":"Mercury Hourglass"},{"floor":12,"key":"Ninja Scroll"},{"floor":14,"key":"Bottled Lightning"},{"floor":19,"key":"Nilry\u0027s Codex"},{"floor":26,"key":"Dead Branch"},{"floor":27,"key":"Bag of Marbles"},{"floor":29,"key":"Kunai"},{"floor":30,"key":"Tough Bandages"},{"floor":36,"key":"StoneCalendar"},{"floor":41,"key":"Pear"},{"floor":44,"key":"Bottled Tornado"},{"floor":55,"key":"Letter Opener"}],"event_choices":[{"damage_healed":0,"gold_gain":0,"cards_transformed":["Defend_G"],"player_choice":"Transformed","damage_taken":0,"max_hp_gain":0,"max_hp_loss":0,"event_name":"Transmorgrifier","floor":3,"gold_loss":0,"cards_obtained":["Crippling Poison"]},{"damage_healed":0,"gold_gain":0,"player_choice":"Obtained Book","damage_taken":21,"max_hp_gain":0,"max_hp_loss":0,"event_name":"Cursed Tome","floor":19,"gold_loss":0},{"damage_healed":0,"gold_gain":0,"player_choice":"Obtained Relic","damage_taken":0,"relics_obtained":["Mummified Hand"],"max_hp_gain":0,"max_hp_loss":0,"event_name":"Addict","floor":20,"gold_loss":85},{"damage_healed":0,"gold_gain":0,"player_choice":"Read","damage_taken":0,"max_hp_gain":0,"max_hp_loss":0,"event_name":"The Library","floor":22,"gold_loss":0,"cards_obtained":["Backflip"]},{"damage_healed":0,"gold_gain":0,"player_choice":"Ignored","damage_taken":0,"max_hp_gain":0,"max_hp_loss":0,"event_name":"Ghosts","floor":25,"gold_loss":0},{"damage_healed":0,"gold_gain":0,"player_choice":"Fight","damage_taken":0,"max_hp_gain":0,"max_hp_loss":0,"event_name":"MindBloom","floor":36,"gold_loss":0},{"damage_healed":0,"gold_gain":0,"player_choice":"Max HP","damage_taken":0,"max_hp_gain":0,"max_hp_loss":4,"event_name":"Winding Halls","floor":37,"gold_loss":0}],"is_beta":false,"boss_relics":[{"not_picked":["Tiny House","Velvet Choker"],"picked":"Ectoplasm"},{"not_picked":["Pandora\u0027s Box","Calling Bell"],"picked":"Fusion Hammer"}],"items_purged_floors":[21],"is_endless":false,"potions_floor_spawned":[1,2,6,8,13,30,31,39,41,44,47],"ascension_level":20}