{"gold_per_floor":[109,122,140,140,160,160,195,195,195,226,238,272,288,319,319,398,398,411,425,425,131,150,183,198,226,253,280,290,290,317,117,117,189,189,200,213,213,231,282,314,314,333,333,367,384,401,428,459,471,483],"floor_reached":51,"playtime":1635,"items_purged":[],"score":2039,"play_id":"8ead82f3-77da-4d46-ab95-d4d66d5e3a92","local_time":"20190210031525","is_ascension_mode":true,"campfire_choices":[{"data":"Dual Wield","floor":6,"key":"SMITH"},{"data":"Cloak And Dagger","floor":15,"key":"SMITH"},{"data":"Cloak And Dagger","floor":29,"key":"SMITH"},{"floor":32,"key":"REST"},{"floor":41,"key":"REST"},{"data":"Deep Breath","floor":49,"key":"SMITH"}],"neow_cost":"","seed_source_timestamp":0,"circlet_count":0,"master_deck":["Cloak And Dagger+1","Cloak And Dagger+1","Cloak And Dagger+1","Accuracy+1","Accuracy+1","Dual Wield+1","Fire Breathing+1","Fire Breathing+1","Fire Breathing+1","Feel No Pain+1","Skim","Acrobatics","Deep Breath+1","Madness"],"relics":["Burning Blood","Singing Bowl","Sundial","Self Forming Clay","Omamori","Black Star","Torii","Incense Burner","Lantern","Ornamental Fan","Juzu Bracelet","Magic Flower","Oddly Smooth Stone","Dream Catcher","Potion Belt","Pen Nib","PreservedInsect","PrismaticShard","Cursed Key","Peace Pipe","Ancient Tea Set","Vajra","Letter Opener","Smiling Mask","Du-Vu Doll","MawBank","Gremlin Horn"],"potions_floor_usage":[5,14,27,50,50,50,50,50,50,50,50,50,50,50],"damage_taken":[{"damage":0,"enemies":"2 Louse","floor":1,"turns":2},{"damage":0,"enemies":"Cultist","floor":2,"turns":3},{"damage":6,"enemies":"Small Slimes","floor":3,"turns":3},{"damage":5,"enemies":"Gremlin Gang","floor":5,"turns":3},{"damage":4,"enemies":"3 Sentries","floor":7,"turns":4},{"damage":4,"enemies":"Gremlin Nob","floor":10,"turns":3},{"damage":1,"enemies":"Looter","floor":11,"turns":3},{"damage":2,"enemies":"3 Sentries","floor":12,"turns":4},{"damage":1,"enemies":"Blue Slaver","floor":13,"turns":3},{"damage":10,"enemies":"Gremlin Nob","floor":14,"turns":3},{"damage":0,"enemies":"Slime Boss","floor":16,"turns":3},{"damage":0,"enemies":"Spheric Guardian","floor":18,"turns":3},{"damage":0,"enemies":"Chosen","floor":19,"turns":3},{"damage":0,"enemies":"Snecko","floor":22,"turns":5},{"damage":0,"enemies":"Slavers","floor":23,"turns":3},{"damage":12,"enemies":"Shelled Parasite and Fungi","floor":24,"turns":3},{"damage":0,"enemies":"Book of Stabbing","floor":25,"turns":3},{"damage":0,"enemies":"Slavers","floor":27,"turns":2},{"damage":0,"enemies":"Sentry and Sphere","floor":28,"turns":3},{"damage":0,"enemies":"Gremlin Leader","floor":30,"turns":4},{"damage":7,"enemies":"Champ","floor":33,"turns":11},{"damage":0,"enemies":"Orb Walker","floor":35,"turns":3},{"damage":1,"enemies":"3 Shapes","floor":36,"turns":3},{"damage":0,"enemies":"Jaw Worm Horde","floor":38,"turns":3},{"damage":20,"enemies":"2 Orb Walkers","floor":39,"turns":3},{"damage":0,"enemies":"Reptomancer","floor":40,"turns":4},{"damage":0,"enemies":"3 Darklings","floor":42,"turns":4},{"damage":0,"enemies":"Giant Head","floor":44,"turns":4},{"damage":0,"enemies":"4 Shapes","floor":45,"turns":3},{"damage":0,"enemies":"Transient","floor":46,"turns":5},{"damage":0,"enemies":"Nemesis","floor":47,"turns":3},{"damage":0,"enemies":"Maw","floor":48,"turns":2},{"damage":86,"enemies":"Time Eater","floor":50,"turns":9}],"seed_played":"-2861462166269651205","potions_obtained":[{"floor":1,"key":"Fire Potion"},{"floor":2,"key":"EntropicBrew"},{"floor":5,"key":"SteroidPotion"},{"floor":14,"key":"Dexterity Potion"},{"floor":23,"key":"Swift Potion"},{"floor":28,"key":"FearPotion"},{"floor":30,"key":"EntropicBrew"},{"floor":36,"key":"Block Potion"},{"floor":46,"key":"Strength Potion"}],"is_trial":true,"path_per_floor":["M","M","M","?","M","R","E","?","T","E","M","E","M","E","R","B",null,"M","M","?","$","M","E","M","E","T","E","M","R","E","$","R","B",null,"M","M","?","M","?","E","R","M","T","E","M","M","E","M","R","B",null],"character_chosen":"IRONCLAD","items_purchased":["Incense Burner","PrismaticShard"],"campfire_rested":2,"item_purchase_floors":[21,31],"current_hp_per_floor":[74,75,75,75,75,75,77,54,54,58,65,71,78,76,76,84,88,91,93,93,93,95,97,93,101,101,103,105,105,107,107,109,111,111,113,115,115,117,108,119,121,123,123,125,125,127,127,127,127,50],"gold":495,"neow_bonus":"","is_prod":false,"is_daily":false,"chose_seed":false,"campfire_upgraded":4,"win_rate":0,"timestamp":1549736125,"path_taken":["M","M","M","?","?","R","E","?","T","E","M","E","M","E","R","BOSS","M","M","?","$","M","E","M","E","T","E","M","R","E","$","R","BOSS","M","M","?","M","?","E","R","M","T","E","M","M","E","M","R","BOSS"],"build_version":"2019-01-23","purchased_purges":0,"victory":true,"max_hp_per_floor":[75,75,75,75,75,75,77,77,77,79,81,83,85,87,87,89,89,91,93,93,93,95,97,99,101,101,103,105,105,107,107,109,111,111,113,115,115,117,119,121,121,123,123,125,125,127,127,127,127,127],"card_choices":[{"not_picked":["Spot Weakness","Sever Soul","Body Slam"],"picked":"SKIP","floor":1},{"not_picked":["Anger","Twin Strike","Heavy Blade"],"picked":"SKIP","floor":2},{"not_picked":["Entrench","Power Through"],"picked":"Feel No Pain","floor":3},{"not_picked":["Bloodletting","Intimidate","Sever Soul"],"picked":"SKIP","floor":5},{"not_picked":["Power Through","Shrug It Off","Corruption"],"picked":"Singing Bowl","floor":7},{"not_picked":["Thunderclap","Shockwave","Hemokinesis"],"picked":"Singing Bowl","floor":10},{"not_picked":["Warcry","Searing Blow","Barricade"],"picked":"Singing Bowl","floor":11},{"not_picked":["Clash","Rupture","Armaments"],"picked":"Singing Bowl","floor":12},{"not_picked":["Flame Barrier","Power Through","Perfected Strike"],"picked":"Singing Bowl","floor":13},{"not_picked":["Berserk","Wild Strike","Twin Strike"],"picked":"Singing Bowl","floor":14},{"not_picked":["Fiend Fire","Reaper","Juggernaut"],"picked":"Singing Bowl","floor":16},{"not_picked":["Inflame","Blood for Blood","Perfected Strike"],"picked":"Singing Bowl","floor":18},{"not_picked":["True Grit","Havoc","Clothesline"],"picked":"Singing Bowl","floor":19},{"not_picked":["Cleave","Wild Strike","Shrug It Off"],"picked":"Singing Bowl","floor":22},{"not_picked":["Corruption","Perfected Strike","Immolate"],"picked":"Singing Bowl","floor":23},{"not_picked":["Iron Wave","Pommel Strike+1","Heavy Blade"],"picked":"Singing Bowl","floor":24},{"not_picked":["Berserk","Warcry","Whirlwind"],"picked":"Singing Bowl","floor":25},{"not_picked":["Pommel Strike","Inflame","Clash"],"picked":"Singing Bowl","floor":27},{"not_picked":["Sword Boomerang","Carnage","Heavy Blade+1"],"picked":"Singing Bowl","floor":28},{"not_picked":["Double Tap","Power Through","Feed"],"picked":"Singing Bowl","floor":30},{"not_picked":["Dark Shackles","Quick Slash+1","Bloodletting"],"picked":"Singing Bowl","floor":32},{"not_picked":["Reaper","Storm of Steel","Rainbow"],"picked":"Singing Bowl","floor":33},{"not_picked":["Streamline+1","Steam","Defragment+1"],"picked":"Singing Bowl","floor":35},{"not_picked":["Turbo","Dramatic Entrance","Predator+1"],"picked":"Singing Bowl","floor":36},{"not_picked":["Mind Blast","Reinforced Body","Body Slam"],"picked":"Singing Bowl","floor":38},{"not_picked":["Streamline","Noxious Fumes","Conserve Battery"],"picked":"Singing Bowl","floor":39},{"not_picked":["Recycle","Power Through","Sweeping Beam"],"picked":"Singing Bowl","floor":40},{"not_picked":["Calculated Gamble","Anger+1"],"picked":"Skim","floor":41},{"not_picked":["Flechettes+1","Go for the Eyes","Ball Lightning"],"picked":"Singing Bowl","floor":42},{"not_picked":["Cleave+1","Bandage Up","Heavy Blade+1"],"picked":"Singing Bowl","floor":44},{"not_picked":["Slice+1","Compile Driver"],"picked":"Acrobatics","floor":45},{"not_picked":["Dropkick","Deadly Poison","Melter+1"],"picked":"Singing Bowl","floor":46},{"not_picked":["Aggregate","Multi-Cast"],"picked":"Deep Breath","floor":47},{"not_picked":["Seeing Red+1","Dagger Throw"],"picked":"Madness","floor":48}],"player_experience":4247019,"relics_obtained":[{"floor":7,"key":"Singing Bowl"},{"floor":9,"key":"Sundial"},{"floor":10,"key":"Self Forming Clay"},{"floor":14,"key":"Omamori"},{"floor":23,"key":"Lantern"},{"floor":23,"key":"Ornamental Fan"},{"floor":25,"key":"Juzu Bracelet"},{"floor":25,"key":"Magic Flower"},{"floor":26,"key":"Oddly Smooth Stone"},{"floor":27,"key":"Dream Catcher"},{"floor":27,"key":"Potion Belt"},{"floor":30,"key":"Pen Nib"},{"floor":30,"key":"PreservedInsect"},{"floor":39,"key":"Peace Pipe"},{"floor":40,"key":"Ancient Tea Set"},{"floor":40,"key":"Vajra"},{"floor":43,"key":"Letter Opener"},{"floor":44,"key":"Smiling Mask"},{"floor":44,"key":"Du-Vu Doll"},{"floor":47,"key":"MawBank"},{"floor":47,"key":"Gremlin Horn"}],"event_choices":[{"damage_healed":0,"gold_gain":0,"player_choice":"Upgraded","damage_taken":0,"max_hp_gain":0,"max_hp_loss":0,"event_name":"Upgrade Shrine","floor":4,"gold_loss":0,"cards_upgraded":["Feel No Pain"]},{"damage_healed":0,"gold_gain":0,"player_choice":"Entered Light","damage_taken":23,"max_hp_gain":0,"max_hp_loss":0,"event_name":"Shining Light","floor":8,"gold_loss":0,"cards_upgraded":["Cloak And Dagger","Cloak And Dagger"]},{"damage_healed":0,"gold_gain":0,"player_choice":"Gave Potion","damage_taken":0,"relics_obtained":["Torii"],"max_hp_gain":0,"max_hp_loss":0,"event_name":"WeMeetAgain","floor":20,"gold_loss":0},{"cards_removed":["Cloak And Dagger"],"damage_healed":0,"gold_gain":0,"player_choice":"Removed Skill","damage_taken":0,"max_hp_gain":0,"max_hp_loss":0,"event_name":"Falling","floor":37,"gold_loss":0},{"damage_healed":0,"gold_gain":0,"player_choice":"Fight","damage_taken":0,"max_hp_gain":0,"max_hp_loss":0,"event_name":"Mysterious Sphere","floor":39,"gold_loss":0}],"is_beta":false,"boss_relics":[{"not_picked":["Orrery","Velvet Choker"],"picked":"Black Star"},{"not_picked":["Lizard Tail","Runic Cube"],"picked":"Cursed Key"}],"items_purged_floors":[],"is_endless":false,"potions_floor_spawned":[1,2,5,7,11,14,18,23,24,25,28,30,36,39,42,46,48],"ascension_level":15}