{"gold_per_floor":[119,194,205,205,223,223,223,223,247,247,247,172,172,172,172,292,292,310,324,224,249,124,157,157,157,157,157,157,157,157,157,157,258,258,271,291,141,141,141,141,151,163,163,179,179,179,179,179,179,179],"floor_reached":51,"playtime":1781,"items_purged":["Strike_R","Strike_R","Strike_R","Defend_R"],"score":747,"play_id":"f8467e51-7d9f-4c43-a094-aa94534876bf","local_time":"20190223142430","is_ascension_mode":false,"campfire_choices":[{"data":"Searing Blow","floor":6.0,"key":"SMITH"},{"data":"Searing Blow+1","floor":10.0,"key":"SMITH"},{"data":"Searing Blow+2","floor":13.0,"key":"SMITH"},{"data":"Searing Blow+3","floor":15.0,"key":"SMITH"},{"data":"Defend_R","floor":24.0,"key":"SMITH"},{"data":"Defend_R","floor":29.0,"key":"SMITH"},{"data":"Searing Blow+4","floor":32.0,"key":"SMITH"},{"data":"Searing Blow+6","floor":40,"key":"SMITH"},{"data":"Searing Blow+7","floor":46,"key":"SMITH"},{"data":"Searing Blow+8","floor":49,"key":"SMITH"}],"neow_cost":"NONE","seed_source_timestamp":0,"circlet_count":0,"master_deck":["Defend_R+1","Bash+1","Searing Blow+9","Dropkick","Dropkick"],"special_seed":0,"relics":["Black Blood","Bloody Idol","Juzu Bracelet","Coffee Dripper","Potion Belt","Self Forming Clay","Omamori","Torii"],"potions_floor_usage":[50],"damage_taken":[{"damage":3.0,"enemies":"Small Slimes","floor":1.0,"turns":4.0},{"damage":11.0,"enemies":"Jaw Worm","floor":3.0,"turns":3.0},{"damage":0.0,"enemies":"2 Louse","floor":5.0,"turns":3.0},{"damage":36.0,"enemies":"The Guardian","floor":16.0,"turns":14.0},{"damage":0.0,"enemies":"Spheric Guardian","floor":18.0,"turns":2.0},{"damage":5.0,"enemies":"3 Byrds","floor":19.0,"turns":6.0},{"damage":0.0,"enemies":"Snake Plant","floor":21.0,"turns":2.0},{"damage":25.0,"enemies":"Book of Stabbing","floor":23.0,"turns":4.0},{"damage":39.0,"enemies":"Collector","floor":33.0,"turns":4.0},{"damage":26,"enemies":"3 Darklings","floor":35,"turns":5},{"damage":9,"enemies":"3 Shapes","floor":36,"turns":4},{"damage":0,"enemies":"Jaw Worm Horde","floor":41,"turns":2},{"damage":0,"enemies":"Transient","floor":42,"turns":5},{"damage":1,"enemies":"Writhing Mass","floor":44,"turns":2},{"damage":48,"enemies":"Time Eater","floor":50,"turns":3}],"seed_played":"-7733867146377306322","potions_obtained":[{"floor":3.0,"key":"SteroidPotion"},{"floor":21.0,"key":"Weak Potion"},{"floor":35,"key":"AttackPotion"},{"floor":41,"key":"LiquidBronze"},{"floor":44,"key":"FearPotion"},{"floor":45,"key":"Block Potion"},{"floor":45,"key":"SneckoOil"}],"is_trial":false,"path_per_floor":["M","?","M","?","M","R","?","?","T","R","?","$","R","?","R","B",null,"M","M","$","M","$","E","R","?","T","?","T","R","?","?","R","B",null,"M","M","$","?","$","R","M","M","T","M","?","R","?","?","R","B",null],"character_chosen":"IRONCLAD","items_purchased":[],"campfire_rested":0,"item_purchase_floors":[],"current_hp_per_floor":[80,69,64,64,70,70,50,50,50,50,50,50,50,43,43,13,80,80,80,80,80,80,61,61,61,61,61,61,61,61,61,61,33,80,69,75,75,75,75,75,80,80,80,80,80,80,76,76,76,38],"gold":179,"neow_bonus":"UPGRADE_CARD","is_prod":false,"is_daily":false,"chose_seed":false,"campfire_upgraded":10,"win_rate":0,"timestamp":1550928270,"path_taken":["M","?","M","?","M","R","?","?","T","R","?","$","R","?","R","BOSS","M","M","$","M","$","E","R","?","T","?","?","R","?","?","R","BOSS","M","M","$","?","?","R","M","M","T","M","?","R","?","?","R","BOSS"],"build_version":"2019-01-23","purchased_purges":4,"victory":true,"max_hp_per_floor":[80,80,80,80,80,80,80,80,80,80,80,80,80,80,80,80,80,80,80,80,80,80,80,80,80,80,80,80,80,80,80,80,80,80,80,80,80,80,80,80,80,80,80,80,80,80,76,76,76,76],"card_choices":[{"not_picked":["Flex","Shockwave","Pommel Strike"],"picked":"SKIP","floor":1.0},{"not_picked":["Inflame","Thunderclap","Shrug It Off"],"picked":"SKIP","floor":3.0},{"not_picked":["Clash","Metallicize"],"picked":"Searing Blow","floor":5.0},{"not_picked":["Pommel Strike+1","Heavy Blade","Carnage+1"],"picked":"SKIP","floor":18.0},{"not_picked":["Blood for Blood","Clothesline+1"],"picked":"Dropkick","floor":19.0},{"not_picked":["Pommel Strike","Shockwave","Barricade"],"picked":"SKIP","floor":21.0},{"not_picked":["Whirlwind","Bloodletting+1","Anger"],"picked":"SKIP","floor":23.0},{"not_picked":["Flex+1","Sentinel+1","Battle Trance+1"],"picked":"SKIP","floor":35},{"not_picked":["Wild Strike","Ghostly Armor+1","Headbutt"],"picked":"SKIP","floor":36},{"not_picked":["Searing Blow+1","Reckless Charge","Intimidate"],"picked":"SKIP","floor":41},{"not_picked":["Inflame","Rampage+1","Perfected Strike"],"picked":"SKIP","floor":42},{"not_picked":["Whirlwind+1","Barricade","Perfected Strike"],"picked":"SKIP","floor":44}],"player_experience":371889,"relics_obtained":[{"floor":9.0,"key":"Juzu Bracelet"},{"floor":23.0,"key":"Potion Belt"},{"floor":26.0,"key":"Self Forming Clay"},{"floor":28.0,"key":"Omamori"},{"floor":43,"key":"Torii"}],"event_choices":[{"damage_healed":0.0,"max_hp_gain":0.0,"max_hp_loss":0.0,"gold_gain":75.0,"event_name":"World of Goop","player_choice":"Gather Gold","floor":2.0,"gold_loss":0.0,"damage_taken":11.0},{"cards_removed":["Defend_R"],"damage_healed":0.0,"max_hp_gain":0.0,"max_hp_loss":0.0,"gold_gain":0.0,"event_name":"Living Wall","player_choice":"Forget","floor":4.0,"gold_loss":0.0,"damage_taken":0.0},{"damage_healed":0.0,"max_hp_gain":0.0,"max_hp_loss":0.0,"gold_gain":0.0,"event_name":"Golden Idol","player_choice":"Take Damage","floor":7.0,"gold_loss":0.0,"damage_taken":20.0,"relics_obtained":["Golden Idol"]},{"damage_healed":0.0,"max_hp_gain":0.0,"max_hp_loss":0.0,"gold_gain":0.0,"event_name":"Dead Adventurer","player_choice":"Searched \u00270\u0027 times","floor":8.0,"gold_loss":0.0,"damage_taken":0.0},{"cards_removed":["Strike_R"],"damage_healed":0.0,"max_hp_gain":0.0,"max_hp_loss":0.0,"gold_gain":0.0,"event_name":"Purifier","player_choice":"Purged","floor":11.0,"gold_loss":0.0,"damage_taken":0.0},{"cards_removed":["Strike_R"],"damage_healed":0.0,"max_hp_gain":0.0,"max_hp_loss":0.0,"gold_gain":0.0,"event_name":"Golden Wing","player_choice":"Card Removal","floor":14.0,"gold_loss":0.0,"damage_taken":7.0},{"damage_healed":0.0,"max_hp_gain":0.0,"max_hp_loss":0.0,"gold_gain":0.0,"event_name":"N\u0027loth","player_choice":"Ignored","floor":25.0,"gold_loss":0.0,"damage_taken":0.0},{"damage_healed":0.0,"max_hp_gain":0.0,"max_hp_loss":0.0,"gold_gain":0.0,"event_name":"Duplicator","player_choice":"Copied","floor":27.0,"gold_loss":0.0,"damage_taken":0.0,"cards_obtained":["Dropkick"]},{"damage_healed":0.0,"max_hp_gain":0.0,"max_hp_loss":0.0,"gold_gain":0.0,"event_name":"Transmorgrifier","player_choice":"Ignored","floor":30.0,"gold_loss":0.0,"damage_taken":0.0},{"damage_healed":0.0,"max_hp_gain":0.0,"max_hp_loss":0.0,"gold_gain":0.0,"event_name":"Forgotten Altar","player_choice":"Gave Idol","floor":31.0,"relics_lost":["Golden Idol"],"gold_loss":0.0,"damage_taken":0.0,"relics_obtained":["Bloody Idol"]},{"damage_healed":0,"gold_gain":0,"player_choice":"Forge","damage_taken":0,"max_hp_gain":0,"max_hp_loss":0,"event_name":"Accursed Blacksmith","floor":38,"gold_loss":0,"cards_upgraded":["Searing Blow"]},{"damage_healed":0,"gold_gain":0,"player_choice":"Got Potions","damage_taken":0,"max_hp_gain":0,"max_hp_loss":0,"event_name":"Lab","floor":45,"gold_loss":0},{"damage_healed":0,"gold_gain":0,"player_choice":"Max HP","damage_taken":0,"max_hp_gain":0,"max_hp_loss":4,"event_name":"Winding Halls","floor":47,"gold_loss":0},{"cards_removed":["Defend_R"],"damage_healed":0,"gold_gain":0,"player_choice":"Purged","damage_taken":0,"max_hp_gain":0,"max_hp_loss":0,"event_name":"Purifier","floor":48,"gold_loss":0}],"is_beta":false,"boss_relics":[{"not_picked":["Sozu","Fusion Hammer"],"picked":"Coffee Dripper"},{"not_picked":["Calling Bell","Snecko Eye"],"picked":"Black Blood"}],"items_purged_floors":[12,20,22,37],"is_endless":false,"potions_floor_spawned":[3,21,35,41,44],"ascension_level":0}