{"gold_per_floor":[215,225,150,150,150,166,182,182,209,240,327,339,378,412,424,436],"floor_reached":16,"playtime":563,"items_purged":[],"score":191,"play_id":"f2835b82-9e9c-4cc5-8d66-fc8df797cbc7","local_time":"20190318210308","is_ascension_mode":true,"campfire_choices":[{"data":"Chaos","floor":8,"key":"SMITH"},{"floor":12,"key":"REST"},{"data":"Dualcast","floor":15,"key":"SMITH"}],"neow_cost":"NONE","seed_source_timestamp":295168060767035,"circlet_count":0,"master_deck":["AscendersBane","Strike_B","Strike_B+1","Strike_B+1","Defend_B","Defend_B","Defend_B","Defend_B","Zap","Dualcast+1","Reinforced Body","Chaos+1","Leap","FTL","Core Surge"],"relics":["Cracked Core","Anchor","PreservedInsect","Potion Belt","MawBank","Whetstone","Odd Mushroom"],"potions_floor_usage":[10,14,16],"damage_taken":[{"damage":2,"enemies":"Cultist","floor":1,"turns":4},{"damage":7,"enemies":"Jaw Worm","floor":2,"turns":2},{"damage":5,"enemies":"2 Louse","floor":6,"turns":4},{"damage":6,"enemies":"Red Slaver","floor":7,"turns":5},{"damage":6,"enemies":"3 Sentries","floor":10,"turns":6},{"damage":2,"enemies":"The Mushroom Lair","floor":14,"turns":4},{"damage":57,"enemies":"Slime Boss","floor":16,"turns":10}],"seed_played":"-5558694176426704717","potions_obtained":[{"floor":1,"key":"Strength Potion"},{"floor":6,"key":"AttackPotion"},{"floor":7,"key":"Strength Potion"},{"floor":14,"key":"Explosive Potion"}],"is_trial":false,"path_per_floor":["M","M","?","T","?","M","M","R","T","E","?","R","T","?","R","B"],"character_chosen":"DEFECT","items_purchased":[],"campfire_rested":1,"item_purchase_floors":[],"current_hp_per_floor":[62,55,55,55,55,50,44,44,44,38,27,48,48,46,46,0],"gold":436,"neow_bonus":"HUNDRED_GOLD","is_prod":false,"is_daily":false,"chose_seed":false,"campfire_upgraded":2,"win_rate":0,"timestamp":1552957388,"path_taken":["M","?","?","?","?","?","M","R","T","E","?","R","?","?","R","BOSS"],"build_version":"2019-01-23","purchased_purges":0,"victory":false,"max_hp_per_floor":[71,71,71,71,71,71,71,71,71,71,71,71,71,71,71,71],"card_choices":[{"not_picked":["Genetic Algorithm","Chaos"],"picked":"Reinforced Body","floor":1},{"not_picked":["Redo","Blizzard"],"picked":"Chaos","floor":2},{"not_picked":["Storm","Streamline"],"picked":"Leap","floor":6},{"not_picked":["Hologram","Double Energy","Conserve Battery"],"picked":"SKIP","floor":7},{"not_picked":["Reprogram","Lockon"],"picked":"FTL","floor":10},{"not_picked":["Stack","Go for the Eyes"],"picked":"Core Surge","floor":14}],"player_experience":550321,"relics_obtained":[{"floor":4,"key":"Anchor"},{"floor":9,"key":"Potion Belt"},{"floor":10,"key":"MawBank"},{"floor":13,"key":"Whetstone"},{"floor":14,"key":"Odd Mushroom"}],"event_choices":[{"cards_removed":["Strike_B"],"damage_healed":0,"gold_gain":0,"player_choice":"Card Removal","damage_taken":0,"max_hp_gain":0,"max_hp_loss":0,"event_name":"The Cleric","floor":3,"gold_loss":75},{"damage_healed":0,"gold_gain":0,"player_choice":"Gave Potion","damage_taken":0,"relics_obtained":["PreservedInsect"],"max_hp_gain":0,"max_hp_loss":0,"event_name":"WeMeetAgain","floor":5,"gold_loss":0},{"damage_healed":0,"gold_gain":75,"player_choice":"Gather Gold","damage_taken":11,"max_hp_gain":0,"max_hp_loss":0,"event_name":"World of Goop","floor":11,"gold_loss":0},{"damage_healed":0,"gold_gain":0,"player_choice":"Fought Mushrooms","damage_taken":0,"max_hp_gain":0,"max_hp_loss":0,"event_name":"Mushrooms","floor":14,"gold_loss":0}],"is_beta":false,"boss_relics":[],"items_purged_floors":[],"is_endless":false,"potions_floor_spawned":[1,6,7,14],"killed_by":"Slime Boss","ascension_level":19}