{"gold_per_floor":[116,1,12,12,23,55,55,81,81,156,156,189,189,201,201,201],"floor_reached":16,"playtime":717,"items_purged":["Strike_R"],"score":159,"play_id":"35c6a2c7-aa91-4f9b-8071-7bb7004d16cb","local_time":"20190227122754","is_ascension_mode":true,"campfire_choices":[{"floor":7.0,"key":"REST"},{"floor":11.0,"key":"REST"},{"data":"Entrench","floor":15.0,"key":"SMITH"}],"neow_cost":"NONE","seed_source_timestamp":8555163529689,"circlet_count":0,"master_deck":["Strike_R","Strike_R","Strike_R","Strike_R","Defend_R","Defend_R","Defend_R","Defend_R","Bash","Entrench+1","Reckless Charge","Wild Strike","Power Through"],"special_seed":0,"relics":["Burning Blood","Anchor","Pear","Bird Faced Urn","Pocketwatch","Bottled Lightning","Mercury Hourglass"],"potions_floor_usage":[16],"damage_taken":[{"damage":11.0,"enemies":"Cultist","floor":1.0,"turns":4.0},{"damage":7.0,"enemies":"Small Slimes","floor":3.0,"turns":3.0},{"damage":6.0,"enemies":"2 Louse","floor":5.0,"turns":3.0},{"damage":60.0,"enemies":"Lagavulin","floor":6.0,"turns":6.0},{"damage":15.0,"enemies":"3 Sentries","floor":8.0,"turns":10.0},{"damage":24.0,"enemies":"Gremlin Nob","floor":12.0,"turns":4.0},{"damage":0.0,"enemies":"Blue Slaver","floor":14.0,"turns":2.0},{"damage":69,"enemies":"Hexaghost","floor":16,"turns":9}],"seed_played":"-2256270822180544874","potions_obtained":[{"floor":1.0,"key":"BloodPotion"},{"floor":5.0,"key":"PowerPotion"},{"floor":12.0,"key":"Ancient Potion"},{"floor":14.0,"key":"Regen Potion"}],"is_trial":false,"path_per_floor":["M","$","M","?","M","E","R","E","T","?","R","E","T","M","R","B"],"character_chosen":"IRONCLAD","items_purchased":["Reckless Charge"],"campfire_rested":2,"item_purchase_floors":[2],"current_hp_per_floor":[67,67,66,66,66,30,57,48,48,37,64,46,46,52,52,0],"gold":201,"neow_bonus":"RANDOM_COMMON_RELIC","is_prod":false,"is_daily":false,"chose_seed":false,"campfire_upgraded":1,"win_rate":0,"timestamp":1551238074,"path_taken":["M","?","M","?","M","E","R","E","T","?","R","E","?","M","R","BOSS"],"build_version":"2019-01-23","purchased_purges":1,"victory":false,"max_hp_per_floor":[80,80,80,80,80,90,90,90,90,90,90,90,90,90,90,90],"card_choices":[{"not_picked":["Havoc","Thunderclap"],"picked":"Entrench","floor":1.0},{"not_picked":["Headbutt","Dual Wield"],"picked":"Wild Strike","floor":3.0},{"not_picked":["Iron Wave","Bludgeon","Pommel Strike"],"picked":"SKIP","floor":5.0},{"not_picked":["Twin Strike","Dual Wield","Inflame"],"picked":"SKIP","floor":6.0},{"not_picked":["Heavy Blade","Iron Wave"],"picked":"Power Through","floor":8.0},{"not_picked":["Blood for Blood","Rupture","Wild Strike"],"picked":"SKIP","floor":12.0},{"not_picked":["Blood for Blood","Rupture","Wild Strike"],"picked":"SKIP","floor":12.0},{"not_picked":["Heavy Blade","Perfected Strike","Inflame"],"picked":"SKIP","floor":14.0}],"player_experience":200114,"relics_obtained":[{"floor":6.0,"key":"Pear"},{"floor":8.0,"key":"Bird Faced Urn"},{"floor":9.0,"key":"Pocketwatch"},{"floor":12.0,"key":"Bottled Lightning"},{"floor":13.0,"key":"Mercury Hourglass"}],"event_choices":[{"damage_healed":0.0,"max_hp_gain":0.0,"max_hp_loss":0.0,"gold_gain":0.0,"event_name":"The Cleric","player_choice":"Leave","floor":4.0,"gold_loss":0.0,"damage_taken":0.0},{"damage_healed":0.0,"max_hp_gain":0.0,"max_hp_loss":0.0,"gold_gain":75.0,"event_name":"World of Goop","player_choice":"Gather Gold","floor":10.0,"gold_loss":0.0,"damage_taken":11.0}],"is_beta":false,"boss_relics":[],"items_purged_floors":[2],"is_endless":false,"potions_floor_spawned":[1,5,12,14],"killed_by":"Hexaghost","ascension_level":7}