{"gold_per_floor":[119,119,119,146,163,163,189,189,189,264,280,299,319,330,330,426,426,442,8,25,25,25,25,25,25,51,68,68,68,78,93,93,188,188,201,201,217,217,11,26,43,43,43,43,43,59,73,88,88,88],"floor_reached":51,"playtime":3903,"items_purged":["Strike_B"],"score":626,"play_id":"516ef01d-e8cd-4276-a6fe-899a7385de73","local_time":"20190122192450","is_ascension_mode":false,"campfire_choices":[{"floor":6.0,"key":"REST"},{"data":"Lockon","floor":8.0,"key":"SMITH"},{"floor":15.0,"key":"REST"},{"floor":23.0,"key":"REST"},{"data":"Rainbow","floor":25.0,"key":"SMITH"},{"data":"Auto Shields","floor":29.0,"key":"SMITH"},{"floor":32.0,"key":"REST"},{"data":"Electrodynamics","floor":45,"key":"SMITH"},{"data":"Static Discharge","floor":49,"key":"SMITH"}],"neow_cost":"TEN_PERCENT_HP_LOSS","seed_source_timestamp":0,"circlet_count":0,"master_deck":["Defend_B","Defend_B","Defend_B","Zap","Dualcast","Redo","Conserve Battery","Lockon+1","Reprogram","Defragment","Electrodynamics+1","Redo","Rainbow+1","Auto Shields+1","Undo","Self Repair+1","Defragment","Double Energy+1","White Noise+1","Static Discharge+1","Ball Lightning","Rainbow","Storm+1","Doubt","Double Energy+1"],"special_seed":0,"relics":["Cracked Core","Potion Belt","Dream Catcher","Calipers","The Courier","Letter Opener","Smiling Mask","FossilizedHelix","Lizard Tail","Shuriken","Mercury Hourglass","Ancient Tea Set"],"potions_floor_usage":[35,41,47,50],"damage_taken":[{"damage":5.0,"enemies":"Small Slimes","floor":1.0,"turns":4.0},{"damage":11.0,"enemies":"Jaw Worm","floor":5.0,"turns":3.0},{"damage":13.0,"enemies":"Lagavulin","floor":7.0,"turns":6.0},{"damage":0.0,"enemies":"Cultist","floor":11.0,"turns":2.0},{"damage":18.0,"enemies":"Exordium Thugs","floor":12.0,"turns":4.0},{"damage":7.0,"enemies":"2 Fungi Beasts","floor":13.0,"turns":3.0},{"damage":3.0,"enemies":"Looter","floor":14.0,"turns":3.0},{"damage":32.0,"enemies":"The Guardian","floor":16.0,"turns":9.0},{"damage":18.0,"enemies":"2 Thieves","floor":18.0,"turns":4.0},{"damage":9.0,"enemies":"Spheric Guardian","floor":20.0,"turns":4.0},{"damage":35.0,"enemies":"Centurion and Healer","floor":27.0,"turns":4.0},{"damage":22.0,"enemies":"Shelled Parasite and Fungi","floor":30.0,"turns":6.0},{"damage":14.0,"enemies":"Snake Plant","floor":31.0,"turns":4.0},{"damage":32.0,"enemies":"Automaton","floor":33.0,"turns":10.0},{"damage":13,"enemies":"3 Shapes","floor":35,"turns":3},{"damage":28,"enemies":"3 Darklings","floor":37,"turns":4},{"damage":20,"enemies":"Jaw Worm Horde","floor":40,"turns":4},{"damage":8,"enemies":"4 Shapes","floor":41,"turns":3},{"damage":17,"enemies":"Spire Growth","floor":46,"turns":4},{"damage":9,"enemies":"Maw","floor":47,"turns":7},{"damage":8,"enemies":"Writhing Mass","floor":48,"turns":4},{"damage":43,"enemies":"Donu and Deca","floor":50,"turns":5}],"seed_played":"-3675724019741272786","potions_obtained":[{"floor":1.0,"key":"Dexterity Potion"},{"floor":11.0,"key":"LiquidBronze"},{"floor":13.0,"key":"Fire Potion"},{"floor":14.0,"key":"SteroidPotion"},{"floor":16.0,"key":"EssenceOfSteel"},{"floor":27.0,"key":"SpeedPotion"},{"floor":33.0,"key":"LiquidBronze"},{"floor":37,"key":"Swift Potion"},{"floor":47,"key":"Weak Potion"},{"floor":48,"key":"Explosive Potion"}],"is_trial":false,"path_per_floor":["M","?","?","T","M","R","E","R","T","?","M","M","M","M","R","B",null,"M","$","M","?","$","R","?","R","T","M","T","R","M","M","R","B",null,"M","?","M","?","$","M","M","?","T","?","R","M","M","M","R","B",null],"character_chosen":"DEFECT","items_purchased":["Letter Opener","Undo","Self Repair","Defragment","Mercury Hourglass"],"campfire_rested":4,"item_purchase_floors":[19,19,19,19,39],"current_hp_per_floor":[63,63,60,60,49,68,55,55,55,49,49,31,24,21,41,9,68,50,50,48,48,48,68,68,68,68,43,43,43,41,37,57,35,68,65,65,47,47,47,37,29,68,68,68,68,61,62,64,64,31],"gold":88,"neow_bonus":"REMOVE_TWO","is_prod":false,"is_daily":false,"chose_seed":false,"campfire_upgraded":5,"win_rate":0,"timestamp":1548181490,"path_taken":["M","?","?","?","M","R","E","R","T","?","M","M","?","M","R","BOSS","M","$","M","?","?","R","?","R","T","M","?","R","M","M","R","BOSS","M","?","M","?","$","?","M","?","T","?","R","?","M","M","R","BOSS"],"build_version":"2019-01-17v2","purchased_purges":1,"victory":true,"max_hp_per_floor":[68,68,68,68,68,68,68,68,68,68,68,68,68,68,68,68,68,68,68,68,68,68,68,68,68,68,68,68,68,68,68,68,68,68,68,68,68,68,68,68,68,68,68,68,68,68,68,68,68,68],"card_choices":[{"not_picked":["Aggregate","Tempest"],"picked":"Redo","floor":1.0},{"not_picked":["Streamline","Consume"],"picked":"Conserve Battery","floor":5.0},{"not_picked":["Cold Snap","Capacitor"],"picked":"Lockon","floor":6.0},{"not_picked":["Hologram","Turbo","Beam Cell"],"picked":"SKIP","floor":7.0},{"not_picked":["Ball Lightning","Streamline"],"picked":"Redo","floor":11.0},{"not_picked":["Beam Cell","Conserve Battery"],"picked":"Reprogram","floor":12.0},{"not_picked":["Capacitor","Cold Snap"],"picked":"Defragment","floor":13.0},{"not_picked":["Static Discharge","Steam"],"picked":"Electrodynamics","floor":14.0},{"not_picked":["Coolheaded","Cold Snap"],"picked":"Redo","floor":15.0},{"not_picked":["Buffer","Biased Cognition"],"picked":"Rainbow","floor":16.0},{"not_picked":["Beam Cell","Steam"],"picked":"Auto Shields","floor":18.0},{"not_picked":["Conserve Battery","Recycle"],"picked":"Double Energy+1","floor":20.0},{"not_picked":["Tempest","Go for the Eyes"],"picked":"White Noise+1","floor":27.0},{"not_picked":["Hologram","Steam+1","Gash"],"picked":"SKIP","floor":30.0},{"not_picked":["Defragment+1","Chill"],"picked":"Static Discharge","floor":31.0},{"not_picked":["Gash","Stack"],"picked":"Ball Lightning","floor":32.0},{"not_picked":["Buffer","Reboot"],"picked":"Rainbow","floor":33.0},{"not_picked":["Steam","Undo"],"picked":"Storm+1","floor":35},{"not_picked":["Go for the Eyes","Steam+1","Auto Shields+1"],"picked":"SKIP","floor":37},{"not_picked":["Cold Snap","Sweeping Beam","Gash+1"],"picked":"SKIP","floor":40},{"not_picked":["Cold Snap+1","Streamline","Sweeping Beam"],"picked":"SKIP","floor":41},{"not_picked":["Stack+1","Go for the Eyes+1","Cold Snap+1"],"picked":"SKIP","floor":46},{"not_picked":["Redo","Turbo+1","Coolheaded+1"],"picked":"SKIP","floor":47},{"not_picked":["Blizzard","Coolheaded+1","Consume+1"],"picked":"SKIP","floor":48}],"player_experience":241703,"relics_obtained":[{"floor":4.0,"key":"Dream Catcher"},{"floor":7.0,"key":"Calipers"},{"floor":9.0,"key":"The Courier"},{"floor":26.0,"key":"Smiling Mask"},{"floor":28.0,"key":"FossilizedHelix"},{"floor":43,"key":"Ancient Tea Set"}],"event_choices":[{"cards_removed":["Defend_B"],"damage_healed":0.0,"max_hp_gain":0.0,"max_hp_loss":0.0,"gold_gain":0.0,"event_name":"Living Wall","player_choice":"Forget","floor":2.0,"gold_loss":0.0,"damage_taken":0.0},{"damage_healed":0.0,"max_hp_gain":0.0,"max_hp_loss":0.0,"gold_gain":0.0,"event_name":"Scrap Ooze","player_choice":"Success","floor":3.0,"gold_loss":0.0,"damage_taken":3.0,"relics_obtained":["Potion Belt"]},{"damage_healed":0.0,"max_hp_gain":0.0,"max_hp_loss":0.0,"gold_gain":75.0,"event_name":"FaceTrader","player_choice":"Touch","floor":10.0,"gold_loss":0.0,"damage_taken":6.0},{"damage_healed":0.0,"max_hp_gain":0.0,"max_hp_loss":0.0,"gold_gain":0.0,"event_name":"Accursed Blacksmith","player_choice":"Forge","floor":21.0,"gold_loss":0.0,"damage_taken":0.0,"cards_upgraded":["Self Repair"]},{"cards_removed":["Strike_B"],"damage_healed":0,"gold_gain":0,"player_choice":"Removed Attack","damage_taken":0,"max_hp_gain":0,"max_hp_loss":0,"event_name":"Falling","floor":36,"gold_loss":0},{"cards_removed":["Redo"],"damage_healed":0,"gold_gain":0,"player_choice":"Gave Card","damage_taken":0,"relics_obtained":["Shuriken"],"max_hp_gain":0,"max_hp_loss":0,"event_name":"WeMeetAgain","floor":38,"gold_loss":0},{"damage_healed":39,"gold_gain":0,"player_choice":"Heal","damage_taken":0,"max_hp_gain":0,"max_hp_loss":0,"event_name":"MindBloom","floor":42,"gold_loss":0,"cards_obtained":["Doubt"]},{"damage_healed":0,"gold_gain":0,"player_choice":"Copied","damage_taken":0,"max_hp_gain":0,"max_hp_loss":0,"event_name":"Duplicator","floor":44,"gold_loss":0,"cards_obtained":["Double Energy"]}],"is_beta":false,"boss_relics":[{"not_picked":["Coffee Dripper","Philosopher\u0027s Stone","Runic Dome"]},{"not_picked":["Astrolabe","Eternal Feather"],"picked":"Lizard Tail"}],"items_purged_floors":[19],"is_endless":false,"potions_floor_spawned":[1,11,13,14,16,27,33,37,47,48],"ascension_level":0}