{"gold_per_floor":[119,119,130,149,10,10,22,72,152,187,187,204,204],"floor_reached":13,"playtime":281,"items_purged":["Strike_R"],"score":170,"play_id":"4e498cdb-f412-41d2-b2e9-d955c3194e7f","local_time":"20190120001131","is_ascension_mode":true,"campfire_choices":[{"data":"Corruption","floor":6,"key":"SMITH"},{"data":"Armaments","floor":11,"key":"SMITH"}],"neow_cost":"TEN_PERCENT_HP_LOSS","seed_source_timestamp":25972145981304,"circlet_count":0,"master_deck":["AscendersBane","Strike_R","Strike_R","Defend_R","Defend_R","Defend_R","Defend_R","Bash","Cleave","Disarm","Shockwave","Bloodletting","Infernal Blade","Hemokinesis","Corruption+1","Armaments+1","Rampage"],"relics":["Burning Blood","SsserpentHead","The Courier","Bronze Scales"],"potions_floor_usage":[],"damage_taken":[{"damage":22,"enemies":"Jaw Worm","floor":1,"turns":7},{"damage":1,"enemies":"Cultist","floor":3,"turns":4},{"damage":2,"enemies":"2 Louse","floor":4,"turns":3},{"damage":2,"enemies":"Blue Slaver","floor":7,"turns":5},{"damage":17,"enemies":"Lagavulin","floor":10,"turns":7},{"damage":29,"enemies":"Large Slime","floor":12,"turns":6},{"damage":0,"enemies":"Gremlin Nob","floor":13,"turns":2}],"seed_played":"4046009537470660409","potions_obtained":[{"floor":1,"key":"Strength Potion"},{"floor":3,"key":"Explosive Potion"}],"is_trial":false,"path_per_floor":["M","?","M","M","$","R","M","?","T","E","R","M","E"],"character_chosen":"IRONCLAD","items_purchased":["Hemokinesis","Corruption"],"campfire_rested":0,"item_purchase_floors":[5,5],"current_hp_per_floor":[52,52,57,61,61,61,65,61,61,50,50,27,27],"gold":204,"neow_bonus":"TRANSFORM_TWO_CARDS","is_prod":false,"is_daily":false,"chose_seed":false,"campfire_upgraded":2,"win_rate":0,"timestamp":1547910691,"path_taken":["M","?","M","M","?","R","M","?","T","E","R","M","E"],"build_version":"2019-01-17v2","purchased_purges":1,"victory":false,"max_hp_per_floor":[68,68,68,68,68,68,68,68,68,68,68,68,68],"card_choices":[{"not_picked":["Second Wind","Perfected Strike"],"picked":"Shockwave","floor":1},{"not_picked":["Heavy Blade","Uppercut"],"picked":"Bloodletting","floor":3},{"not_picked":["Iron Wave","Shrug It Off"],"picked":"Infernal Blade","floor":4},{"not_picked":["Heavy Blade","Searing Blow","Fire Breathing"],"picked":"SKIP","floor":7},{"not_picked":["Perfected Strike","Combust"],"picked":"Armaments","floor":10},{"not_picked":["Body Slam","True Grit"],"picked":"Rampage","floor":12}],"player_experience":4158247,"relics_obtained":[{"floor":9,"key":"The Courier"},{"floor":10,"key":"Bronze Scales"}],"event_choices":[{"damage_healed":0,"gold_gain":0,"player_choice":"Trade","damage_taken":0,"relics_obtained":["SsserpentHead"],"max_hp_gain":0,"max_hp_loss":0,"event_name":"FaceTrader","floor":2,"gold_loss":0},{"damage_healed":0,"gold_gain":0,"player_choice":"Bought 0 Potions","damage_taken":0,"max_hp_gain":0,"max_hp_loss":0,"event_name":"The Woman in Blue","floor":8,"gold_loss":0}],"is_beta":false,"boss_relics":[],"items_purged_floors":[5],"is_endless":false,"potions_floor_spawned":[1,3,10,12],"killed_by":"Gremlin Nob","ascension_level":20}