{"gold_per_floor":[119,138,151,171,188,188,221,221,272,119,129,129,54,54,54,149,149,134,134,59,74,74,107,107,119,119,119,119],"floor_reached":28,"playtime":1676,"items_purged":["Strike_R"],"score":262,"play_id":"450eaed0-40e3-4906-94d6-bf522487bbce","local_time":"20190218214812","is_ascension_mode":true,"campfire_choices":[{"data":"Flame Barrier","floor":6.0,"key":"SMITH"},{"data":"Bash","floor":8.0,"key":"SMITH"},{"floor":15.0,"key":"REST"},{"data":"Barricade","floor":27,"key":"SMITH"}],"neow_cost":"NONE","seed_source_timestamp":0,"circlet_count":0,"master_deck":["Defend_R","Defend_R+1","Defend_R","Defend_R+1","Bash+1","Flame Barrier+1","Battle Trance+1","Ghostly Armor","Barricade+1","Bludgeon+1","Shockwave+1","Offering+1","Feel No Pain+1","Metallicize","Shrug It Off"],"special_seed":0,"relics":["Burning Blood","Centennial Puzzle","Bag of Preparation","Regal Pillow","Astrolabe","Darkstone Periapt","Sundial"],"potions_floor_usage":[],"damage_taken":[{"damage":11.0,"enemies":"Cultist","floor":1.0,"turns":4.0},{"damage":8.0,"enemies":"Jaw Worm","floor":2.0,"turns":4.0},{"damage":0.0,"enemies":"Small Slimes","floor":3.0,"turns":3.0},{"damage":11.0,"enemies":"Looter","floor":4.0,"turns":3.0},{"damage":20.0,"enemies":"3 Louse","floor":5.0,"turns":5.0},{"damage":34.0,"enemies":"Gremlin Nob","floor":7.0,"turns":5.0},{"damage":8.0,"enemies":"Gremlin Gang","floor":11.0,"turns":4.0},{"damage":26.0,"enemies":"The Guardian","floor":16.0,"turns":19.0},{"damage":10.0,"enemies":"2 Thieves","floor":18.0,"turns":4.0},{"damage":6.0,"enemies":"Shell Parasite","floor":21.0,"turns":10.0},{"damage":18.0,"enemies":"Book of Stabbing","floor":23.0,"turns":11.0},{"damage":6,"enemies":"Snecko","floor":25,"turns":5},{"damage":27,"enemies":"Colosseum Slavers","floor":28,"turns":6},{"damage":30,"enemies":"Colosseum Nobs","floor":28,"turns":6}],"seed_played":"-4608514942770476888","potions_obtained":[{"floor":1.0,"key":"Poison Potion"},{"floor":4.0,"key":"SpeedPotion"},{"floor":5.0,"key":"SteroidPotion"},{"floor":16.0,"key":"FearPotion"},{"floor":21.0,"key":"LiquidBronze"},{"floor":25,"key":"Fire Potion"}],"is_trial":false,"path_per_floor":["M","M","M","M","M","R","E","R","T","$","M","?","$","?","R","B",null,"M","?","$","M","?","E","?","M","T","R","?"],"character_chosen":"IRONCLAD","items_purchased":["Regal Pillow","Metallicize"],"campfire_rested":1,"item_purchase_floors":[10,20],"current_hp_per_floor":[75,73,79,74,60,60,32,32,32,32,30,14,14,14,53,33,80,76,61,61,61,61,49,49,49,49,49,0],"gold":119,"neow_bonus":"REMOVE_CARD","is_prod":false,"is_daily":false,"chose_seed":false,"campfire_upgraded":3,"win_rate":0,"timestamp":1550494092,"path_taken":["M","M","M","M","M","R","E","R","T","$","?","?","$","?","R","BOSS","M","?","$","M","?","E","?","M","T","R","?"],"build_version":"2019-01-23","purchased_purges":1,"victory":false,"max_hp_per_floor":[80,80,80,80,80,80,80,80,80,80,80,80,80,80,80,80,80,80,85,85,85,85,85,85,85,85,85,85],"card_choices":[{"not_picked":["Disarm","Anger","Pommel Strike"],"picked":"SKIP","floor":1.0},{"not_picked":["Iron Wave","Perfected Strike"],"picked":"Flame Barrier","floor":2.0},{"not_picked":["Heavy Blade","Armaments"],"picked":"Battle Trance","floor":3.0},{"not_picked":["Rage","Wild Strike","Headbutt"],"picked":"SKIP","floor":4.0},{"not_picked":["Rampage","Anger","Berserk"],"picked":"SKIP","floor":5.0},{"not_picked":["Iron Wave","Cleave","Shockwave"],"picked":"SKIP","floor":7.0},{"not_picked":["Warcry","Dropkick"],"picked":"Ghostly Armor","floor":11.0},{"not_picked":["Bludgeon","Reaper"],"picked":"Barricade","floor":16.0},{"not_picked":["Flex+1","Rampage"],"picked":"Feel No Pain+1","floor":18.0},{"not_picked":["Pommel Strike","Warcry","Wild Strike"],"picked":"SKIP","floor":21.0},{"not_picked":["Armaments","Feed","Corruption"],"picked":"SKIP","floor":23.0},{"not_picked":["Warcry","Shockwave+1"],"picked":"Shrug It Off","floor":25}],"player_experience":130987,"relics_obtained":[{"floor":7.0,"key":"Centennial Puzzle"},{"floor":9.0,"key":"Bag of Preparation"},{"floor":23.0,"key":"Darkstone Periapt"},{"floor":26,"key":"Sundial"}],"event_choices":[{"damage_healed":0.0,"max_hp_gain":0.0,"max_hp_loss":0.0,"gold_gain":0.0,"event_name":"Shining Light","player_choice":"Entered Light","floor":12.0,"gold_loss":0.0,"damage_taken":16.0,"cards_upgraded":["Defend_R","Defend_R"]},{"damage_healed":0.0,"max_hp_gain":0.0,"max_hp_loss":0.0,"gold_gain":0.0,"event_name":"Upgrade Shrine","player_choice":"Upgraded","floor":14.0,"gold_loss":0.0,"damage_taken":0.0,"cards_upgraded":["Battle Trance"]},{"damage_healed":0.0,"max_hp_gain":5.0,"max_hp_loss":0.0,"gold_gain":0.0,"event_name":"Forgotten Altar","player_choice":"Shed Blood","floor":19.0,"gold_loss":0.0,"damage_taken":20.0},{"damage_healed":0.0,"max_hp_gain":0.0,"max_hp_loss":0.0,"gold_gain":0.0,"event_name":"Ghosts","player_choice":"Ignored","floor":22.0,"gold_loss":0.0,"damage_taken":0.0},{"damage_healed":0.0,"max_hp_gain":0.0,"max_hp_loss":0.0,"gold_gain":0.0,"event_name":"Vampires","player_choice":"Ignored","floor":24.0,"gold_loss":0.0,"damage_taken":0.0},{"damage_healed":0,"gold_gain":0,"player_choice":"Fight","damage_taken":0,"max_hp_gain":0,"max_hp_loss":0,"event_name":"Colosseum","floor":28,"gold_loss":0},{"damage_healed":0,"gold_gain":0,"player_choice":"Fought Nobs","damage_taken":0,"max_hp_gain":0,"max_hp_loss":0,"event_name":"Colosseum","floor":28,"gold_loss":0}],"is_beta":false,"boss_relics":[{"not_picked":["Calling Bell","Runic Dome"],"picked":"Astrolabe"}],"items_purged_floors":[13],"is_endless":false,"potions_floor_spawned":[1,4,5,16,21,25,28],"killed_by":"Colosseum Nobs","ascension_level":2}