{"gold_per_floor":[114,114,214,230,230,263,282,292,292,292,292,292,367,394,106,106,250,250,250,165,165,105,105,105,122,47,47,47,73,173,188,94,193,193,345,345,359,379,433,446,446,446,304,304,304,304,404,414,414,414,414,414,414,414,414,42,67,67],"floor_reached":59,"playtime":1554,"items_purged":["Anger","Anger","Berserk+1","Clash"],"score":905,"play_id":"918167e8-db5d-4b04-8ef3-8e81a49990c9","local_time":"20190220030206","is_ascension_mode":true,"campfire_choices":[{"data":"Uppercut","floor":11,"key":"SMITH"},{"data":"Bludgeon","floor":16,"key":"SMITH"},{"data":"Perfected Strike","floor":24,"key":"SMITH"},{"data":"Clothesline","floor":34,"key":"SMITH"},{"floor":42,"key":"RECALL"},{"floor":44,"key":"REST"},{"data":"Burning Pact","floor":52,"key":"SMITH"},{"data":"True Grit","floor":55,"key":"SMITH"}],"neow_cost":"NONE","seed_source_timestamp":477003819123100,"circlet_count":0,"master_deck":["Disarm","True Grit+1","Burning Pact+1","Clothesline+1","Uppercut+1","Twin Strike","Twin Strike","Perfected Strike+1","Perfected Strike","Perfected Strike","Perfected Strike+1","Clash+1","Bludgeon+1","Perfected Strike+1","Clash","Barricade+1","Anger+1","Perfected Strike+1","Clash+1","Metallicize+1","Rampage+1","Infernal Blade+1","Metallicize+1","Ghostly Armor","Entrench","Entrench","Anger"],"relics":["Snecko Eye","Question Card","Matryoshka","Frozen Egg 2","Juzu Bracelet","Ancient Tea Set","Pandora\u0027s Box","Mercury Hourglass","Boot","Gremlin Horn","Singing Bowl","Velvet Choker","Incense Burner","Kunai","Mango","Torii","DollysMirror","Paper Frog"],"potions_floor_usage":[19,35,35,39,50,58,58],"damage_taken":[{"damage":0,"enemies":"Small Slimes","floor":1,"turns":2},{"damage":0,"enemies":"Cultist","floor":4,"turns":1},{"damage":0,"enemies":"Gremlin Nob","floor":6,"turns":2},{"damage":2,"enemies":"Jaw Worm","floor":7,"turns":3},{"damage":0,"enemies":"Blue Slaver","floor":8,"turns":1},{"damage":3,"enemies":"Lagavulin","floor":14,"turns":4},{"damage":0,"enemies":"Slime Boss","floor":17,"turns":4},{"damage":0,"enemies":"3 Byrds","floor":19,"turns":1},{"damage":0,"enemies":"Chosen","floor":25,"turns":1},{"damage":0,"enemies":"Gremlin Leader","floor":29,"turns":3},{"damage":0,"enemies":"Colosseum Slavers","floor":30,"turns":1},{"damage":0,"enemies":"Colosseum Nobs","floor":30,"turns":2},{"damage":0,"enemies":"3 Cultists","floor":31,"turns":2},{"damage":0,"enemies":"Collector","floor":35,"turns":2},{"damage":2,"enemies":"Orb Walker","floor":37,"turns":2},{"damage":6,"enemies":"3 Darklings","floor":38,"turns":3},{"damage":23,"enemies":"2 Orb Walkers","floor":39,"turns":3},{"damage":8,"enemies":"Sphere and 2 Shapes","floor":40,"turns":3},{"damage":0,"enemies":"Mind Bloom Boss Battle","floor":47,"turns":4},{"damage":13,"enemies":"Jaw Worm Horde","floor":48,"turns":2},{"damage":0,"enemies":"Spire Growth","floor":50,"turns":1},{"damage":11,"enemies":"Donu and Deca","floor":53,"turns":6},{"damage":11,"enemies":"Shield and Spear","floor":57,"turns":6},{"damage":32,"enemies":"The Heart","floor":58,"turns":11}],"seed_played":"-5344185100291514507","potions_obtained":[{"floor":6,"key":"SmokeBomb"},{"floor":8,"key":"Energy Potion"},{"floor":17,"key":"PowerPotion"},{"floor":31,"key":"PowerPotion"},{"floor":38,"key":"Fire Potion"},{"floor":40,"key":"Weak Potion"},{"floor":48,"key":"SmokeBomb"}],"is_trial":false,"path_per_floor":["M","?","?","M","?","E","M","M","T","T","R","?","?","E","$","R","B",null,"M","?","?","?","?","R","M","$","T","T","E","?","M","$","?","R","B",null,"M","M","?","M","?","R","$","R","T","T","?","M","?","M","?","R","B",null,"R","$","E","B",null],"character_chosen":"IRONCLAD","items_purchased":["Bludgeon","Ancient Tea Set","Metallicize+1","Metallicize+1","Ghostly Armor","Entrench","DollysMirror","FairyPotion"],"campfire_rested":1,"item_purchase_floors":[15,15,43,56,56,56,56,56],"current_hp_per_floor":[85,90,90,90,90,90,88,88,88,88,88,81,70,67,67,67,67,90,90,90,90,90,90,90,90,90,90,90,90,90,90,90,90,90,90,90,88,82,59,51,51,51,51,78,92,92,92,79,79,79,79,79,68,99,99,99,88,56],"gold":67,"neow_bonus":"BOSS_RELIC","is_prod":false,"is_daily":false,"chose_seed":false,"campfire_upgraded":6,"win_rate":0,"timestamp":1550599326,"path_taken":["M","?","?","?","?","E","M","M","T","R","?","?","E","$","R","BOSS","M","?","?","?","?","R","M","$","T","E","?","M","$","?","R","BOSS","M","M","?","M","?","R","?","R","T","?","M","?","M","?","R","BOSS","R","$","E","BOSS"],"build_version":"2019-01-23","purchased_purges":4,"victory":true,"max_hp_per_floor":[85,90,90,90,90,90,90,90,90,90,90,90,90,90,90,90,90,90,90,90,90,90,90,90,90,90,90,90,90,90,90,90,90,90,90,90,90,90,90,90,90,90,90,90,104,104,104,104,99,99,99,99,99,99,99,99,99,99],"card_choices":[{"not_picked":["Flex+1","Clothesline"],"picked":"Anger","floor":1},{"not_picked":["Flex","Twin Strike"],"picked":"Clash","floor":4},{"not_picked":["Carnage","Sentinel"],"picked":"Body Slam+1","floor":6},{"not_picked":["Seeing Red","Iron Wave","True Grit"],"picked":"Flex+1","floor":7},{"not_picked":["Shockwave+1","True Grit","Shrug It Off"],"picked":"Perfected Strike+1","floor":8},{"not_picked":["Flex+1","Heavy Blade+1","Blood for Blood+1"],"picked":"Clash+1","floor":14},{"not_picked":["Shockwave+1","Warcry","Headbutt"],"picked":"Anger","floor":25},{"not_picked":["Clothesline","Corruption+1","True Grit"],"picked":"Perfected Strike","floor":29},{"not_picked":["Rage+1","Cleave+1","Warcry"],"picked":"Berserk+1","floor":30},{"not_picked":["Metallicize+1","Sword Boomerang","Twin Strike"],"picked":"Clash","floor":31},{"not_picked":["Demon Form+1","Double Tap","Impervious"],"picked":"Barricade+1","floor":35},{"not_picked":["Shockwave+1","Armaments","Carnage+1"],"picked":"Anger+1","floor":37},{"not_picked":["Flex+1","Evolve+1","Cleave+1"],"picked":"Perfected Strike+1","floor":38},{"not_picked":["Reckless Charge+1","Thunderclap+1","Evolve+1"],"picked":"Clash+1","floor":39},{"not_picked":["Pommel Strike","Pummel","Rage+1"],"picked":"Rampage+1","floor":47},{"not_picked":["Armaments+1","Uppercut","Sword Boomerang+1"],"picked":"Infernal Blade+1","floor":48},{"not_picked":["Inflame+1","Warcry","Reckless Charge"],"picked":"Anger","floor":57}],"player_experience":4355450,"relics_obtained":[{"floor":6,"key":"Question Card"},{"floor":9,"key":"Matryoshka"},{"floor":14,"key":"Juzu Bracelet"},{"floor":27,"key":"Boot"},{"floor":29,"key":"Gremlin Horn"},{"floor":30,"key":"Singing Bowl"},{"floor":39,"key":"Incense Burner"},{"floor":45,"key":"Kunai"},{"floor":45,"key":"Mango"},{"floor":47,"key":"Torii"},{"floor":57,"key":"Paper Frog"}],"event_choices":[{"damage_healed":0,"gold_gain":0,"player_choice":"Donut","damage_taken":0,"max_hp_gain":5,"max_hp_loss":0,"event_name":"Big Fish","floor":2,"gold_loss":0},{"damage_healed":0,"gold_gain":100,"player_choice":"Pray","damage_taken":0,"max_hp_gain":0,"max_hp_loss":0,"event_name":"Golden Shrine","floor":3,"gold_loss":0},{"damage_healed":0,"gold_gain":0,"player_choice":"Ignored","damage_taken":0,"max_hp_gain":0,"max_hp_loss":0,"event_name":"Liars Game","floor":5,"gold_loss":0},{"damage_healed":0,"gold_gain":0,"player_choice":"Success","damage_taken":7,"relics_obtained":["Frozen Egg 2"],"max_hp_gain":0,"max_hp_loss":0,"event_name":"Scrap Ooze","floor":12,"gold_loss":0},{"damage_healed":0,"gold_gain":75,"player_choice":"Gather Gold","damage_taken":11,"max_hp_gain":0,"max_hp_loss":0,"event_name":"World of Goop","floor":13,"gold_loss":0},{"damage_healed":0,"gold_gain":0,"player_choice":"Obtained Relic","damage_taken":0,"relics_obtained":["Mercury Hourglass"],"max_hp_gain":0,"max_hp_loss":0,"event_name":"Addict","floor":20,"gold_loss":85},{"cards_removed":["Flex"],"damage_healed":0,"gold_gain":0,"player_choice":"Elegance","damage_taken":0,"max_hp_gain":0,"max_hp_loss":0,"event_name":"Back to Basics","floor":21,"gold_loss":0},{"cards_removed":["Body Slam"],"damage_healed":0,"gold_gain":0,"player_choice":"Single Remove","damage_taken":0,"max_hp_gain":0,"max_hp_loss":0,"event_name":"Designer","floor":22,"gold_loss":60},{"damage_healed":0,"gold_gain":0,"player_choice":"Ignored","damage_taken":0,"max_hp_gain":0,"max_hp_loss":0,"event_name":"Vampires","floor":23,"gold_loss":0},{"damage_healed":0,"gold_gain":0,"player_choice":"Fight","damage_taken":0,"max_hp_gain":0,"max_hp_loss":0,"event_name":"Colosseum","floor":30,"gold_loss":0},{"damage_healed":0,"gold_gain":0,"player_choice":"Fought Nobs","damage_taken":0,"max_hp_gain":0,"max_hp_loss":0,"event_name":"Colosseum","floor":30,"gold_loss":0},{"damage_healed":0,"gold_gain":99,"player_choice":"Stole From Cult","damage_taken":0,"max_hp_gain":0,"max_hp_loss":0,"event_name":"Nest","floor":33,"gold_loss":0},{"damage_healed":0,"gold_gain":0,"player_choice":"Fight","damage_taken":0,"max_hp_gain":0,"max_hp_loss":0,"event_name":"Mysterious Sphere","floor":39,"gold_loss":0},{"damage_healed":0,"gold_gain":0,"player_choice":"Ignored","damage_taken":0,"max_hp_gain":0,"max_hp_loss":0,"event_name":"Tomb of Lord Red Mask","floor":41,"gold_loss":0},{"damage_healed":0,"gold_gain":0,"player_choice":"Fight","damage_taken":0,"max_hp_gain":0,"max_hp_loss":0,"event_name":"MindBloom","floor":47,"gold_loss":0},{"damage_healed":0,"gold_gain":0,"player_choice":"Max HP","damage_taken":0,"max_hp_gain":0,"max_hp_loss":5,"event_name":"Winding Halls","floor":49,"gold_loss":0},{"damage_healed":0,"gold_gain":0,"player_choice":"Upgraded","damage_taken":0,"max_hp_gain":0,"max_hp_loss":0,"event_name":"Upgrade Shrine","floor":51,"gold_loss":0,"cards_upgraded":["Perfected Strike"]}],"is_beta":false,"boss_relics":[{"not_picked":["Black Star","Tiny House"],"picked":"Pandora\u0027s Box"},{"not_picked":["Runic Pyramid","Cursed Key"],"picked":"Velvet Choker"}],"items_purged_floors":[15,26,32,43],"is_endless":false,"potions_floor_spawned":[6,8,17,19,30,31,38,40,48,50],"ascension_level":-10}