{"gold_per_floor":[112,129,129,141,161,161,190,190,216,229,246,246,256,283,283,283],"floor_reached":16,"playtime":447,"items_purged":[],"score":228,"play_id":"a783d73a-c7c7-467f-8cf4-14d1a32fe37d","local_time":"20190118015437","is_ascension_mode":true,"campfire_choices":[{"data":"Blood for Blood","floor":6,"key":"SMITH"},{"floor":8,"key":"REST"},{"data":"Rage","floor":15,"key":"SMITH"}],"neow_cost":"NONE","seed_source_timestamp":634060257244109,"circlet_count":0,"master_deck":["AscendersBane","Strike_R","Strike_R","Strike_R","Strike_R","Strike_R","Defend_R","Defend_R","Defend_R","Defend_R","Bash","Clothesline","Spot Weakness","Blood for Blood+1","Iron Wave","Pummel","True Grit+1","Warcry","Rage+1","Pommel Strike"],"relics":["Burning Blood","FaceOfCleric","Ancient Tea Set","Omamori","PreservedInsect"],"potions_floor_usage":[7,13,14,14],"damage_taken":[{"damage":10,"enemies":"2 Louse","floor":1,"turns":3},{"damage":7,"enemies":"Cultist","floor":2,"turns":4},{"damage":12,"enemies":"Small Slimes","floor":4,"turns":4},{"damage":43,"enemies":"Exordium Thugs","floor":5,"turns":6},{"damage":13,"enemies":"3 Sentries","floor":7,"turns":4},{"damage":7,"enemies":"Looter","floor":10,"turns":3},{"damage":9,"enemies":"Red Slaver","floor":11,"turns":3},{"damage":19,"enemies":"Large Slime","floor":13,"turns":5},{"damage":15,"enemies":"Lagavulin","floor":14,"turns":6},{"damage":27,"enemies":"Hexaghost","floor":16,"turns":9}],"seed_played":"2146550421265500492","potions_obtained":[{"floor":5,"key":"PowerPotion"},{"floor":7,"key":"Ancient Potion"},{"floor":10,"key":"Poison Potion"},{"floor":13,"key":"AttackPotion"},{"floor":14,"key":"SpeedPotion"}],"is_trial":false,"path_per_floor":["M","M","?","M","M","R","E","R","T","M","M","?","M","E","R","B"],"character_chosen":"IRONCLAD","items_purchased":[],"campfire_rested":1,"item_purchase_floors":[],"current_hp_per_floor":[71,70,70,65,29,29,23,48,48,48,46,46,34,26,26,0],"gold":283,"neow_bonus":"TEN_PERCENT_HP_BONUS","is_prod":false,"is_daily":false,"chose_seed":false,"campfire_upgraded":2,"win_rate":0,"timestamp":1547744077,"path_taken":["M","M","?","M","M","R","E","R","T","M","?","?","M","E","R","BOSS"],"build_version":"2019-01-10","purchased_purges":0,"victory":false,"max_hp_per_floor":[82,82,82,83,84,84,85,85,85,86,87,87,88,89,89,89],"card_choices":[{"not_picked":["Warcry","Dual Wield"],"picked":"Clothesline","floor":1},{"not_picked":["True Grit","Clash"],"picked":"Spot Weakness","floor":2},{"not_picked":["Battle Trance","Body Slam"],"picked":"Blood for Blood","floor":4},{"not_picked":["Clash","Intimidate"],"picked":"Iron Wave","floor":5},{"not_picked":["Headbutt","Power Through"],"picked":"Pummel","floor":7},{"not_picked":["Sentinel","Iron Wave"],"picked":"True Grit","floor":10},{"not_picked":["Dark Embrace","Sentinel"],"picked":"Warcry","floor":11},{"not_picked":["Flex","Thunderclap"],"picked":"Rage","floor":13},{"not_picked":["Warcry","Rupture"],"picked":"Pommel Strike","floor":14}],"player_experience":4121106,"relics_obtained":[{"floor":7,"key":"Ancient Tea Set"},{"floor":9,"key":"Omamori"},{"floor":14,"key":"PreservedInsect"}],"event_choices":[{"damage_healed":0,"gold_gain":0,"player_choice":"Trade","damage_taken":0,"relics_obtained":["FaceOfCleric"],"max_hp_gain":0,"max_hp_loss":0,"event_name":"FaceTrader","floor":3,"gold_loss":0},{"damage_healed":0,"gold_gain":0,"player_choice":"Upgraded","damage_taken":0,"max_hp_gain":0,"max_hp_loss":0,"event_name":"Upgrade Shrine","floor":12,"gold_loss":0,"cards_upgraded":["True Grit"]}],"is_beta":false,"boss_relics":[],"items_purged_floors":[],"is_endless":false,"potions_floor_spawned":[5,7,10,13,14],"killed_by":"Hexaghost","ascension_level":20}