{"gold_per_floor":[116,29,49,59,71,71,87,107,134,134,25,25,50,68,68,142,142,152,152,168,168],"floor_reached":21,"playtime":828,"items_purged":[],"score":339,"play_id":"9f404d7a-e2c8-4e9f-9b01-a82a47be13eb","local_time":"20190314142214","is_ascension_mode":true,"campfire_choices":[{"data":"Whirlwind","floor":6.0,"key":"SMITH"},{"data":"Rage","floor":12.0,"key":"SMITH"},{"data":"Dark Embrace","floor":15.0,"key":"SMITH"}],"neow_cost":"NONE","seed_source_timestamp":15846853350272,"circlet_count":0,"master_deck":["AscendersBane","Strike_R","Strike_R","Strike_R","Strike_R","Strike_R","Defend_R","Defend_R","Defend_R+1","Defend_R+1","Bash","Entrench","Inflame","Rage+1","Whirlwind+1","Spot Weakness","Ghostly Armor","Shrug It Off","Inflame","Dark Embrace+1","Double Tap","Perfected Strike","Decay","Heavy Blade"],"special_seed":0,"relics":["Burning Blood","War Paint","Anchor","Strawberry","Snecko Eye"],"potions_floor_usage":[18,20,21],"damage_taken":[{"damage":3.0,"enemies":"2 Louse","floor":1.0,"turns":3.0},{"damage":4.0,"enemies":"Jaw Worm","floor":3.0,"turns":4.0},{"damage":8.0,"enemies":"Small Slimes","floor":4.0,"turns":4.0},{"damage":29.0,"enemies":"Exordium Wildlife","floor":5.0,"turns":5.0},{"damage":11.0,"enemies":"3 Louse","floor":7.0,"turns":2.0},{"damage":10.0,"enemies":"Looter","floor":8.0,"turns":5.0},{"damage":24.0,"enemies":"Lagavulin","floor":13.0,"turns":7.0},{"damage":3.0,"enemies":"Blue Slaver","floor":14.0,"turns":3.0},{"damage":55.0,"enemies":"Hexaghost","floor":16.0,"turns":9.0},{"damage":28,"enemies":"Chosen","floor":18,"turns":7},{"damage":35,"enemies":"Shell Parasite","floor":20,"turns":5},{"damage":21,"enemies":"Shelled Parasite and Fungi","floor":21,"turns":2}],"seed_played":"678284692663549208","potions_obtained":[{"floor":4.0,"key":"Weak Potion"},{"floor":14.0,"key":"Regen Potion"},{"floor":16.0,"key":"EssenceOfSteel"},{"floor":18,"key":"Explosive Potion"},{"floor":20,"key":"Block Potion"}],"is_trial":false,"path_per_floor":["M","$","M","M","M","R","M","M","T","?","$","R","E","M","R","B",null,"M","?","M","M"],"character_chosen":"IRONCLAD","items_purchased":["Inflame","Explosive Potion","SkillPotion"],"campfire_rested":0,"item_purchase_floors":[2,11,11],"current_hp_per_floor":[71,71,73,71,48,48,43,39,39,64,64,64,53,56,56,22,67,45,45,16,0],"gold":168,"neow_bonus":"RANDOM_COMMON_RELIC","is_prod":false,"is_daily":false,"chose_seed":false,"campfire_upgraded":3,"win_rate":0,"timestamp":1552540934,"path_taken":["M","$","M","M","M","R","M","M","T","?","?","R","E","M","R","BOSS","M","?","M","M"],"build_version":"2019-01-23","purchased_purges":0,"victory":false,"max_hp_per_floor":[75,75,75,75,75,75,75,75,75,75,75,75,82,82,82,82,82,82,82,82,82],"card_choices":[{"not_picked":["Cleave","Wild Strike"],"picked":"Entrench","floor":1.0},{"not_picked":["Twin Strike","Pummel"],"picked":"Rage","floor":3.0},{"not_picked":["Havoc","Wild Strike"],"picked":"Whirlwind","floor":4.0},{"not_picked":["Pummel","Bloodletting"],"picked":"Spot Weakness","floor":5.0},{"not_picked":["Sword Boomerang","Havoc"],"picked":"Ghostly Armor","floor":7.0},{"not_picked":["Whirlwind","Metallicize"],"picked":"Shrug It Off","floor":8.0},{"not_picked":["True Grit","Anger"],"picked":"Inflame","floor":13.0},{"not_picked":["Uppercut","Spot Weakness"],"picked":"Dark Embrace","floor":14.0},{"not_picked":["Berserk","Exhume"],"picked":"Double Tap","floor":16.0},{"not_picked":["Havoc","Blood for Blood"],"picked":"Perfected Strike","floor":18},{"not_picked":["Anger","Iron Wave"],"picked":"Heavy Blade","floor":20}],"player_experience":317279,"relics_obtained":[{"floor":9.0,"key":"Anchor"},{"floor":13.0,"key":"Strawberry"}],"event_choices":[{"damage_healed":25.0,"max_hp_gain":0.0,"max_hp_loss":0.0,"gold_gain":0.0,"event_name":"Big Fish","player_choice":"Banana","floor":10.0,"gold_loss":0.0,"damage_taken":0.0},{"damage_healed":0,"gold_gain":0,"player_choice":"Smashed Altar","damage_taken":0,"max_hp_gain":0,"max_hp_loss":0,"event_name":"Forgotten Altar","floor":19,"gold_loss":0,"cards_obtained":["Decay"]}],"is_beta":false,"boss_relics":[{"not_picked":["Tiny House","Pandora\u0027s Box"],"picked":"Snecko Eye"}],"items_purged_floors":[],"is_endless":false,"potions_floor_spawned":[4,14,16,18,20],"killed_by":"Shelled Parasite and Fungi","ascension_level":17}