{"gold_per_floor":[115,115,133,149,165,197,197,228,280,280,294,294,369,469,469,574,574,589,589,600,610,628,628,651,651,651,701,701,716,734,659,659,754,754,771,791,807,807,853,886,902,928,954,954,972,989,989,475,475,475],"floor_reached":51,"playtime":1016,"items_purged":["Multi-Cast+1","Skim+1"],"score":1119,"play_id":"200829bd-4d96-4189-a05f-b44df25abe03","local_time":"20190202161257","is_ascension_mode":false,"campfire_choices":[{"floor":15.0,"key":"REST"},{"floor":23.0,"key":"REST"},{"floor":25.0,"key":"REST"},{"floor":28.0,"key":"REST"},{"floor":32.0,"key":"REST"},{"floor":49,"key":"REST"}],"neow_cost":"","seed_source_timestamp":0,"circlet_count":0,"master_deck":["Skim+1","Fusion+1","Redo+1","Dualcast+1","Darkness+1","Defragment+1","Double Energy+1"],"special_seed":0,"relics":["Cracked Core","Pocketwatch","Letter Opener","Juzu Bracelet","Blood Vial","Runic Pyramid","PreservedInsect","Prayer Wheel","Fusion Hammer","Ice Cream","Whetstone","Anchor","Dream Catcher","Lantern","Happy Flower"],"potions_floor_usage":[50,50],"damage_taken":[{"damage":0.0,"enemies":"2 Louse","floor":1.0,"turns":1.0},{"damage":0.0,"enemies":"Small Slimes","floor":3.0,"turns":1.0},{"damage":0.0,"enemies":"Cultist","floor":4.0,"turns":1.0},{"damage":0.0,"enemies":"Blue Slaver","floor":5.0,"turns":1.0},{"damage":0.0,"enemies":"Gremlin Nob","floor":6.0,"turns":1.0},{"damage":0.0,"enemies":"Lagavulin","floor":8.0,"turns":1.0},{"damage":0.0,"enemies":"3 Louse","floor":11.0,"turns":1.0},{"damage":0.0,"enemies":"The Guardian","floor":16.0,"turns":2.0},{"damage":0.0,"enemies":"3 Byrds","floor":18.0,"turns":1.0},{"damage":0.0,"enemies":"2 Thieves","floor":20.0,"turns":1.0},{"damage":10.0,"enemies":"Cultist and Chosen","floor":21.0,"turns":2.0},{"damage":0.0,"enemies":"3 Cultists","floor":22.0,"turns":1.0},{"damage":0.0,"enemies":"Centurion and Healer","floor":29.0,"turns":1.0},{"damage":0.0,"enemies":"Snecko","floor":30.0,"turns":1.0},{"damage":0.0,"enemies":"Automaton","floor":33.0,"turns":2.0},{"damage":0.0,"enemies":"3 Darklings","floor":35.0,"turns":1.0},{"damage":0.0,"enemies":"Orb Walker","floor":36.0,"turns":1.0},{"damage":0.0,"enemies":"3 Darklings","floor":37.0,"turns":1.0},{"damage":0.0,"enemies":"2 Orb Walkers","floor":39.0,"turns":1.0},{"damage":0.0,"enemies":"Reptomancer","floor":40.0,"turns":1.0},{"damage":0.0,"enemies":"4 Shapes","floor":41.0,"turns":1.0},{"damage":0.0,"enemies":"Giant Head","floor":42.0,"turns":1.0},{"damage":0.0,"enemies":"Sphere and 2 Shapes","floor":45.0,"turns":1.0},{"damage":0.0,"enemies":"Jaw Worm Horde","floor":46.0,"turns":2.0},{"damage":66,"enemies":"Time Eater","floor":50,"turns":4}],"seed_played":"-1636618922618696301","potions_obtained":[{"floor":5.0,"key":"Block Potion"},{"floor":8.0,"key":"Block Potion"},{"floor":20.0,"key":"AttackPotion"},{"floor":46.0,"key":"SneckoOil"}],"is_trial":true,"path_per_floor":["M","?","M","M","M","E","?","E","T","$","M","?","?","?","R","B",null,"M","$","M","M","M","R","T","R","T","?","R","M","M","$","R","B",null,"M","M","M","?","?","E","M","E","T","?","M","M","?","$","R","B",null],"character_chosen":"DEFECT","items_purchased":["Lantern","FocusPotion","PowerPotion","Happy Flower"],"campfire_rested":6,"item_purchase_floors":[48,48,48,48],"current_hp_per_floor":[75,68,68,68,68,68,68,68,68,68,70,70,59,59,75,75,75,75,75,75,65,67,75,75,75,75,75,75,75,75,75,75,75,75,75,75,75,71,71,71,71,71,71,71,71,71,71,71,71,5],"gold":475,"neow_bonus":"","is_prod":false,"is_daily":false,"chose_seed":false,"campfire_upgraded":0,"win_rate":0,"timestamp":1549091577,"path_taken":["M","?","M","M","M","E","?","E","T","$","M","?","?","?","R","BOSS","M","$","M","M","M","R","?","R","T","?","R","M","M","$","R","BOSS","M","M","M","?","?","E","M","E","T","?","M","M","?","$","R","BOSS"],"build_version":"2019-01-23","purchased_purges":2,"victory":true,"max_hp_per_floor":[75,75,75,75,75,75,75,75,75,75,75,75,75,75,75,75,75,75,75,75,75,75,75,75,75,75,75,75,75,75,75,75,75,75,75,75,75,71,71,71,71,71,71,71,71,71,71,71,71,71],"card_choices":[{"not_picked":["Coolheaded","Go for the Eyes","Hologram"],"picked":"SKIP","floor":1.0},{"not_picked":["Compile Driver","Darkness","White Noise"],"picked":"SKIP","floor":3.0},{"not_picked":["Rebound","Turbo","Beam Cell"],"picked":"SKIP","floor":4.0},{"not_picked":["Storm","FTL","Hyperbeam"],"picked":"SKIP","floor":5.0},{"not_picked":["Scrape","Compile Driver","Ball Lightning"],"picked":"SKIP","floor":6.0},{"not_picked":["Compile Driver","Rebound","Barrage"],"picked":"SKIP","floor":8.0},{"not_picked":["Auto Shields","Genetic Algorithm","Barrage"],"picked":"SKIP","floor":11.0},{"not_picked":["Compile Driver","Gash+1","Lockon"],"picked":"SKIP","floor":18.0},{"not_picked":["Go for the Eyes","Redo+1","Hologram"],"picked":"SKIP","floor":20.0},{"not_picked":["Leap","Genetic Algorithm","Capacitor"],"picked":"SKIP","floor":21.0},{"not_picked":["Consume","Redo","Streamline+1"],"picked":"SKIP","floor":22.0},{"not_picked":["Lockon+1","White Noise","Doom and Gloom"],"picked":"SKIP","floor":29.0},{"not_picked":["Reprogram+1","White Noise","Sweeping Beam"],"picked":"SKIP","floor":29.0},{"not_picked":["Cold Snap","Reinforced Body","Hello World"],"picked":"SKIP","floor":30.0},{"not_picked":["Recycle","Hologram","Compile Driver"],"picked":"SKIP","floor":30.0},{"not_picked":["Steam Power","Stack+1","Static Discharge+1"],"picked":"SKIP","floor":35.0},{"not_picked":["Streamline+1","Sweeping Beam","Steam+1"],"picked":"SKIP","floor":35.0},{"not_picked":["Go for the Eyes+1","Leap","Ball Lightning"],"picked":"SKIP","floor":36.0},{"not_picked":["FTL","Consume+1","Conserve Battery"],"picked":"SKIP","floor":36.0},{"not_picked":["Sweeping Beam","Gash+1"],"picked":"Defragment+1","floor":37.0},{"not_picked":["Gash+1","Rebound","Turbo"],"picked":"SKIP","floor":37.0},{"not_picked":["Chill+1","Streamline+1","Heatsinks"],"picked":"SKIP","floor":40.0},{"not_picked":["Gash+1","FTL","Tempest+1"],"picked":"SKIP","floor":41.0},{"not_picked":["Barrage","Compile Driver+1","Stack+1"],"picked":"SKIP","floor":41.0},{"not_picked":["Loop+1","Machine Learning","Heatsinks"],"picked":"SKIP","floor":42.0},{"not_picked":["Barrage+1","Gash+1","Loop+1"],"picked":"SKIP","floor":45.0},{"not_picked":["Cold Snap+1","Scrape","Stack"],"picked":"SKIP","floor":45.0},{"not_picked":["Self Repair","Sweeping Beam"],"picked":"Double Energy+1","floor":46.0},{"not_picked":["Conserve Battery","Compile Driver+1","White Noise"],"picked":"SKIP","floor":46.0}],"player_experience":4194832,"relics_obtained":[{"floor":6.0,"key":"Letter Opener"},{"floor":8.0,"key":"Juzu Bracelet"},{"floor":9.0,"key":"Blood Vial"},{"floor":24.0,"key":"PreservedInsect"},{"floor":26.0,"key":"Prayer Wheel"},{"floor":39.0,"key":"Ice Cream"},{"floor":40.0,"key":"Whetstone"},{"floor":42.0,"key":"Anchor"},{"floor":43.0,"key":"Dream Catcher"}],"event_choices":[{"damage_healed":0.0,"max_hp_gain":0.0,"max_hp_loss":0.0,"gold_gain":0.0,"event_name":"Scrap Ooze","player_choice":"Success","floor":2.0,"gold_loss":0.0,"damage_taken":7.0,"relics_obtained":["Pocketwatch"]},{"damage_healed":0.0,"max_hp_gain":0.0,"max_hp_loss":0.0,"gold_gain":0.0,"event_name":"Accursed Blacksmith","player_choice":"Ignored","floor":7.0,"gold_loss":0.0,"damage_taken":0.0},{"damage_healed":0.0,"max_hp_gain":0.0,"max_hp_loss":0.0,"gold_gain":0.0,"event_name":"Golden Wing","player_choice":"Ignored","floor":12.0,"gold_loss":0.0,"damage_taken":0.0},{"damage_healed":0.0,"max_hp_gain":0.0,"max_hp_loss":0.0,"gold_gain":75.0,"event_name":"World of Goop","player_choice":"Gather Gold","floor":13.0,"gold_loss":0.0,"damage_taken":11.0},{"damage_healed":0.0,"max_hp_gain":0.0,"max_hp_loss":0.0,"gold_gain":100.0,"event_name":"Golden Shrine","player_choice":"Pray","floor":14.0,"gold_loss":0.0,"damage_taken":0.0},{"damage_healed":0.0,"max_hp_gain":0.0,"max_hp_loss":0.0,"gold_gain":100.0,"event_name":"The Joust","player_choice":"Bet on Murderer","floor":27.0,"gold_loss":50.0,"damage_taken":0.0},{"damage_healed":0.0,"max_hp_gain":0.0,"max_hp_loss":4.0,"gold_gain":0.0,"event_name":"Winding Halls","player_choice":"Max HP","floor":38.0,"gold_loss":0.0,"damage_taken":0.0},{"damage_healed":0.0,"max_hp_gain":0.0,"max_hp_loss":0.0,"gold_gain":0.0,"event_name":"Mysterious Sphere","player_choice":"Fight","floor":39.0,"gold_loss":0.0,"damage_taken":0.0},{"damage_healed":0.0,"max_hp_gain":0.0,"max_hp_loss":0.0,"gold_gain":0.0,"event_name":"Tomb of Lord Red Mask","player_choice":"Ignored","floor":44.0,"gold_loss":0.0,"damage_taken":0.0},{"damage_healed":0,"gold_gain":0,"player_choice":"Memory 1","damage_taken":0,"max_hp_gain":0,"max_hp_loss":0,"event_name":"SensoryStone","floor":47,"gold_loss":0}],"is_beta":false,"boss_relics":[{"not_picked":["White Beast Statue","Eternal Feather"],"picked":"Runic Pyramid"},{"not_picked":["FrozenCore","Philosopher\u0027s Stone"],"picked":"Fusion Hammer"}],"items_purged_floors":[31,48],"is_endless":false,"potions_floor_spawned":[5,8,20,22,29,36,41,42,46],"ascension_level":0}