{"gold_per_floor":[115,115,115,115,19,19,29,29,52,69,81,97,97,147,147,147],"floor_reached":16,"playtime":600,"items_purged":[],"score":180,"play_id":"6ee75736-3645-4a39-adb2-b53859a2bdd2","local_time":"20190102234019","is_ascension_mode":true,"campfire_choices":[{"data":"Fusion","floor":6,"key":"SMITH"},{"data":"Dualcast","floor":8,"key":"SMITH"},{"data":"Coolheaded","floor":13,"key":"SMITH"},{"floor":15,"key":"REST"}],"neow_cost":"PERCENT_DAMAGE","seed_source_timestamp":77655960627477,"circlet_count":0,"master_deck":["AscendersBane","Strike_B","Strike_B","Strike_B","Defend_B","Defend_B","Defend_B","Defend_B","Zap","Dualcast+1","Fusion+1","Skim","Sweeping Beam","Compile Driver","Coolheaded+1"],"relics":["Cracked Core","Anchor","Sundial"],"potions_floor_usage":[10,11,16],"damage_taken":[{"damage":7,"enemies":"2 Louse","floor":1,"turns":2},{"damage":7,"enemies":"Jaw Worm","floor":7,"turns":4},{"damage":8,"enemies":"Cultist","floor":10,"turns":5},{"damage":4,"enemies":"2 Fungi Beasts","floor":11,"turns":3},{"damage":6,"enemies":"Lots of Slimes","floor":12,"turns":4},{"damage":55,"enemies":"Slime Boss","floor":16,"turns":10}],"seed_played":"-7082884608150991913","potions_obtained":[{"floor":1,"key":"Regen Potion"},{"floor":7,"key":"Energy Potion"},{"floor":10,"key":"FearPotion"}],"is_trial":false,"path_per_floor":["M","?","?","T","$","R","M","R","T","M","M","M","R","?","R","B"],"character_chosen":"DEFECT","items_purchased":["Skim","Sweeping Beam"],"campfire_rested":1,"item_purchase_floors":[5,5],"current_hp_per_floor":[53,53,35,35,35,35,28,28,28,34,30,24,24,24,49,0],"gold":147,"neow_bonus":"TWENTY_PERCENT_HP_BONUS","is_prod":false,"is_daily":false,"chose_seed":false,"campfire_upgraded":3,"win_rate":0,"timestamp":1546440019,"path_taken":["M","?","?","?","?","R","M","R","T","M","?","M","R","?","R","BOSS"],"build_version":"2018-12-20","purchased_purges":0,"victory":false,"max_hp_per_floor":[85,85,85,85,85,85,85,85,85,85,85,85,85,85,85,85],"card_choices":[{"not_picked":["Conserve Battery","Stack"],"picked":"Fusion","floor":1},{"not_picked":["Beam Cell","Auto Shields","Conserve Battery"],"picked":"SKIP","floor":7},{"not_picked":["Blizzard","Double Energy"],"picked":"Compile Driver","floor":10},{"not_picked":["Cold Snap","Aggregate"],"picked":"Coolheaded","floor":11},{"not_picked":["Ball Lightning","Steam","Sunder"],"picked":"SKIP","floor":12}],"player_experience":3974056,"relics_obtained":[{"floor":4,"key":"Sundial"}],"event_choices":[{"cards_removed":["Strike_B"],"damage_healed":0,"gold_gain":0,"player_choice":"Forget","damage_taken":0,"max_hp_gain":0,"max_hp_loss":0,"event_name":"Living Wall","floor":2,"gold_loss":0},{"damage_healed":0,"gold_gain":0,"player_choice":"Success","damage_taken":18,"relics_obtained":["Anchor"],"max_hp_gain":0,"max_hp_loss":0,"event_name":"Scrap Ooze","floor":3,"gold_loss":0},{"damage_healed":0,"gold_gain":50,"player_choice":"Pray","damage_taken":0,"max_hp_gain":0,"max_hp_loss":0,"event_name":"Golden Shrine","floor":14,"gold_loss":0}],"is_beta":false,"boss_relics":[],"items_purged_floors":[],"is_endless":false,"potions_floor_spawned":[1,7,10],"killed_by":"Slime Boss","ascension_level":20}