{"gold_per_floor":[109,184,203,222,232,292,292,324,324,343,360,360,360,373,373,476,476,489,37,37,60,76,76,86,101,124,124,135,45,45,59,59,59],"floor_reached":33,"playtime":1448,"items_purged":["Strike_R"],"score":311,"play_id":"4f0a7242-810c-494e-bab0-0357f02ce3a4","local_time":"20190126000504","is_ascension_mode":false,"campfire_choices":[{"data":"Havoc","floor":7,"key":"SMITH"},{"data":"Battle Trance","floor":12,"key":"SMITH"},{"data":"Armaments","floor":15,"key":"SMITH"},{"data":"Offering","floor":23,"key":"SMITH"},{"floor":32,"key":"REST"}],"neow_cost":"NONE","seed_source_timestamp":542820980244529,"circlet_count":0,"master_deck":["Strike_R+1","Strike_R+1","Strike_R+1","Defend_R+1","Defend_R+1","Defend_R+1","Defend_R+1","Bash+1","Twin Strike","Inflame","Battle Trance+1","Seeing Red","Havoc+1","Twin Strike","Seeing Red","Limit Break","Armaments+1","Fiend Fire","Offering+1","Flex","Power Through+1","Warcry","Whirlwind","Shame","Spot Weakness+1","Warcry+1","Pummel+1","Heavy Blade+1","Warcry+1"],"relics":["Burning Blood","War Paint","Tiny Chest","Prayer Wheel","Shuriken","Orrery","Ice Cream","theJungle:PaperFaux","Oddly Smooth Stone","PreservedInsect","theJungle:WildMango","theJungle:ParSnip"],"potions_floor_usage":[16,24,33,33,33,33,33],"damage_taken":[{"damage":2,"enemies":"Jaw Worm","floor":1,"turns":5},{"damage":0,"enemies":"Small Slimes","floor":3,"turns":4},{"damage":1,"enemies":"Cultist","floor":4,"turns":3},{"damage":8,"enemies":"Large Slime","floor":5,"turns":6},{"damage":18,"enemies":"Lagavulin","floor":6,"turns":5},{"damage":28,"enemies":"Gremlin Nob","floor":8,"turns":4},{"damage":0,"enemies":"Blue Slaver","floor":10,"turns":4},{"damage":5,"enemies":"Looter","floor":11,"turns":3},{"damage":7,"enemies":"3 Louse","floor":14,"turns":3},{"damage":0,"enemies":"Slime Boss","floor":16,"turns":3},{"damage":33,"enemies":"theJungle:Flameango_and_Byrd","floor":18,"turns":5},{"damage":15,"enemies":"Shell Parasite","floor":22,"turns":6},{"damage":37,"enemies":"theJungle:Lyon","floor":24,"turns":6},{"damage":6,"enemies":"theJungle:JungleHuntersEncounter","floor":25,"turns":4},{"damage":6,"enemies":"theJungle:SlimyTreeVines","floor":28,"turns":3},{"damage":26,"enemies":"theJungle:2_Snecko_Cultists","floor":31,"turns":4},{"damage":57,"enemies":"theJungle:TotemBoss","floor":33,"turns":4}],"seed_played":"-6969910990354145091","potions_obtained":[{"floor":5,"key":"Swift Potion"},{"floor":8,"key":"Block Potion"},{"floor":10,"key":"FearPotion"},{"floor":24,"key":"Ancient Potion"},{"floor":25,"key":"EntropicBrew"}],"is_trial":false,"path_per_floor":["M","?","M","M","M","E","R","E","T","M","M","R","?","M","R","B",null,"M","$","?","T","M","R","M","M","T","?","M","?","?","M","R","B"],"character_chosen":"IRONCLAD","items_purchased":["Warcry","Whirlwind","Ice Cream"],"campfire_rested":1,"item_purchase_floors":[19,19,19],"current_hp_per_floor":[80,69,75,80,78,66,66,44,44,50,51,51,51,50,50,56,80,53,53,53,53,44,44,13,13,13,27,30,30,43,23,51,0],"gold":59,"neow_bonus":"RANDOM_COMMON_RELIC","is_prod":false,"is_daily":false,"chose_seed":false,"campfire_upgraded":4,"win_rate":0,"timestamp":1548428704,"path_taken":["M","?","M","M","M","E","R","E","T","M","M","R","?","?","R","BOSS","M","$","?","?","M","R","M","M","T","?","?","?","?","M","R","BOSS"],"build_version":"2019-01-23","purchased_purges":1,"victory":false,"max_hp_per_floor":[80,80,80,80,80,80,80,80,80,80,80,80,80,80,80,80,80,80,80,80,80,80,80,80,80,80,94,94,94,94,94,94,94],"card_choices":[{"not_picked":["Body Slam","Intimidate"],"picked":"Twin Strike","floor":1},{"not_picked":["Clothesline","Disarm"],"picked":"Inflame","floor":3},{"not_picked":["Rage","Evolve"],"picked":"Battle Trance","floor":4},{"not_picked":["Heavy Blade","Iron Wave"],"picked":"Seeing Red","floor":5},{"not_picked":["Shrug It Off","Battle Trance"],"picked":"Havoc","floor":6},{"not_picked":["Entrench","Thunderclap"],"picked":"Twin Strike","floor":8},{"not_picked":["Infernal Blade","Wild Strike"],"picked":"Seeing Red","floor":10},{"not_picked":["Clothesline","Armaments"],"picked":"Limit Break","floor":10},{"not_picked":["Flex","Corruption"],"picked":"Armaments","floor":11},{"not_picked":["Body Slam","Perfected Strike","True Grit"],"picked":"SKIP","floor":11},{"not_picked":["Thunderclap","Combust"],"picked":"Fiend Fire","floor":14},{"not_picked":["Infernal Blade","Inflame","Body Slam"],"picked":"SKIP","floor":14},{"not_picked":["Immolate","Bludgeon"],"picked":"Offering","floor":16},{"not_picked":["Clash","Havoc"],"picked":"Flex","floor":17},{"not_picked":["Anger+1","True Grit"],"picked":"Power Through+1","floor":18},{"not_picked":["Searing Blow+1","Anger","Wild Strike"],"picked":"SKIP","floor":18},{"not_picked":["Iron Wave+1","Perfected Strike","Thunderclap"],"picked":"SKIP","floor":22},{"not_picked":["Dropkick","Juggernaut","Disarm"],"picked":"SKIP","floor":22},{"not_picked":["Ghostly Armor","Shrug It Off"],"picked":"Spot Weakness+1","floor":24},{"not_picked":["Havoc","Thunderclap"],"picked":"Warcry+1","floor":24},{"not_picked":["Evolve","Perfected Strike"],"picked":"Pummel+1","floor":25},{"not_picked":["Pommel Strike","Cleave+1","Anger"],"picked":"SKIP","floor":25},{"not_picked":["Armaments","Shockwave+1"],"picked":"Heavy Blade+1","floor":28},{"not_picked":["Sever Soul","Burning Pact"],"picked":"Warcry+1","floor":28},{"not_picked":["Body Slam","Shockwave","Juggernaut"],"picked":"SKIP","floor":31},{"not_picked":["Carnage","Infernal Blade","Wild Strike+1"],"picked":"SKIP","floor":31}],"player_experience":4145774,"relics_obtained":[{"floor":6,"key":"Tiny Chest"},{"floor":8,"key":"Prayer Wheel"},{"floor":9,"key":"Shuriken"},{"floor":21,"key":"Oddly Smooth Stone"},{"floor":26,"key":"PreservedInsect"}],"event_choices":[{"damage_healed":0,"gold_gain":75,"player_choice":"Gather Gold","damage_taken":11,"max_hp_gain":0,"max_hp_loss":0,"event_name":"World of Goop","floor":2,"gold_loss":0},{"cards_removed":["Strike_R"],"damage_healed":0,"gold_gain":0,"player_choice":"Purged","damage_taken":0,"max_hp_gain":0,"max_hp_loss":0,"event_name":"Purifier","floor":13,"gold_loss":0}],"is_beta":false,"boss_relics":[{"not_picked":["Coffee Dripper","Tiny House"],"picked":"Orrery"}],"items_purged_floors":[19],"is_endless":false,"potions_floor_spawned":[5,8,10,11,24,25],"killed_by":"theJungle:TotemBoss","ascension_level":0}