{"gold_per_floor":[110,120,139,152,152,177,177,191,240,254,32,58,71,91,91,162,162,179,179,104,19,29,29,57,57,57,57,87,105,120,135,135,206,206,216,216,234,251,274,274,307,67,67,67,0,34,50,70,70,70,70,70,70,13,13],"floor_reached":55,"playtime":2149,"items_purged":["Strike_G"],"score":1862,"play_id":"a34d5d0f-5913-45e6-b893-7d1f9381dcac","local_time":"20190322024453","is_ascension_mode":true,"campfire_choices":[{"data":"Neutralize","floor":7.0,"key":"SMITH"},{"data":"Body Slam","floor":15.0,"key":"SMITH"},{"floor":23.0,"key":"RECALL"},{"floor":25.0,"key":"REST"},{"floor":27.0,"key":"REST"},{"floor":32.0,"key":"REST"},{"floor":40.0,"key":"REST"},{"floor":44.0,"key":"REST"},{"floor":49.0,"key":"REST"},{"floor":53.0,"key":"REST"}],"neow_cost":"NONE","seed_source_timestamp":699838074230700,"circlet_count":0,"master_deck":["AscendersBane","Defend_G","Defend_G","Defend_G","Defend_G","Strike_G","Strike_G","Survivor","Neutralize+1","Backstab","Dagger Throw","Dash","Masterful Stab","Backflip","Backflip","Terror","Body Slam+1","Apotheosis","Underhanded Strike","Acrobatics","Self Repair","Leap","Flash of Steel","Madness","Echo Form","Disarm","Entrench+1","All For One","Evolve","Hologram","Cloak And Dagger+1","Deflect+1"],"special_seed":0,"relics":["Ring of the Snake","Pen Nib","Dream Catcher","PrismaticShard","Sundial","Fusion Hammer","Orichalcum","Omamori","Ancient Tea Set","Mango","Philosopher\u0027s Stone","Shuriken","Vajra","Blue Candle","Red Mask","Anchor"],"potions_floor_usage":[55],"damage_taken":[{"damage":1.0,"enemies":"Cultist","floor":1.0,"turns":4.0},{"damage":0.0,"enemies":"2 Louse","floor":2.0,"turns":2.0},{"damage":4.0,"enemies":"Small Slimes","floor":3.0,"turns":4.0},{"damage":0.0,"enemies":"3 Louse","floor":4.0,"turns":3.0},{"damage":6.0,"enemies":"Gremlin Nob","floor":6.0,"turns":3.0},{"damage":0.0,"enemies":"Exordium Wildlife","floor":8.0,"turns":3.0},{"damage":1.0,"enemies":"Exordium Thugs","floor":10.0,"turns":6.0},{"damage":10.0,"enemies":"3 Sentries","floor":12.0,"turns":6.0},{"damage":0.0,"enemies":"3 Louse","floor":13.0,"turns":3.0},{"damage":0.0,"enemies":"Blue Slaver","floor":14.0,"turns":1.0},{"damage":10.0,"enemies":"The Guardian","floor":16.0,"turns":10.0},{"damage":1.0,"enemies":"Spheric Guardian","floor":18.0,"turns":4.0},{"damage":9.0,"enemies":"2 Thieves","floor":22.0,"turns":4.0},{"damage":8.0,"enemies":"Book of Stabbing","floor":24.0,"turns":3.0},{"damage":21.0,"enemies":"Gremlin Leader","floor":28.0,"turns":8.0},{"damage":16.0,"enemies":"Snake Plant","floor":29.0,"turns":4.0},{"damage":19.0,"enemies":"Shelled Parasite and Fungi","floor":30.0,"turns":5.0},{"damage":0.0,"enemies":"Centurion and Healer","floor":31.0,"turns":5.0},{"damage":55.0,"enemies":"Champ","floor":33.0,"turns":11.0},{"damage":0.0,"enemies":"3 Shapes","floor":35.0,"turns":4.0},{"damage":27.0,"enemies":"3 Darklings","floor":37.0,"turns":6.0},{"damage":4.0,"enemies":"Transient","floor":38.0,"turns":6.0},{"damage":23.0,"enemies":"Nemesis","floor":41.0,"turns":7.0},{"damage":22.0,"enemies":"Giant Head","floor":46.0,"turns":5.0},{"damage":4.0,"enemies":"4 Shapes","floor":47.0,"turns":4.0},{"damage":13.0,"enemies":"Jaw Worm Horde","floor":48.0,"turns":7.0},{"damage":38.0,"enemies":"Time Eater","floor":50.0,"turns":11.0},{"damage":32.0,"enemies":"Donu and Deca","floor":51.0,"turns":10.0},{"damage":85,"enemies":"Shield and Spear","floor":55,"turns":5}],"seed_played":"-7818880146481311368","potions_obtained":[{"floor":2.0,"key":"EssenceOfSteel"},{"floor":3.0,"key":"EntropicBrew"},{"floor":4.0,"key":"AttackPotion"},{"floor":8.0,"key":"Poison Potion"},{"floor":12.0,"key":"PowerPotion"},{"floor":18.0,"key":"Energy Potion"},{"floor":28.0,"key":"Poison Potion"},{"floor":29.0,"key":"SteroidPotion"},{"floor":47.0,"key":"SkillPotion"}],"is_trial":false,"path_per_floor":["M","M","M","M","?","E","R","M","T","M","$","E","M","M","R","B",null,"M","?","?","?","M","R","E","R","T","R","E","M","M","M","R","B",null,"M","?","M","M","T","R","E","$","T","R","?","E","M","M","R","B","B",null,"R","$","E"],"character_chosen":"THE_SILENT","items_purchased":["PrismaticShard","Vajra","Weak Potion"],"campfire_rested":7,"item_purchase_floors":[11,42,54],"current_hp_per_floor":[58,58,54,54,54,48,48,48,48,47,47,37,37,37,37,27,56,55,55,55,55,46,46,45,64,64,66,69,53,44,54,78,30,68,78,78,71,80,80,80,67,67,67,80,80,78,80,80,80,62,50,73,80,80,0],"gold":13,"neow_bonus":"THREE_CARDS","is_prod":false,"is_daily":false,"chose_seed":false,"campfire_upgraded":2,"win_rate":0,"timestamp":1553190293,"path_taken":["M","M","?","M","?","E","R","M","T","M","$","E","M","M","R","BOSS","M","?","?","?","M","R","E","R","T","R","E","M","M","M","R","BOSS","M","?","M","M","?","R","E","$","T","R","?","E","M","M","R","BOSS","BOSS","R","$","E"],"build_version":"2019-01-23","purchased_purges":1,"victory":false,"max_hp_per_floor":[66,66,66,66,66,66,66,66,66,66,66,66,66,66,66,66,66,66,66,66,66,66,66,66,66,66,66,80,80,80,80,80,80,80,80,80,80,80,80,80,80,80,80,80,80,80,80,80,80,80,80,80,80,80,80],"card_choices":[{"not_picked":["Skewer","Cloak And Dagger"],"picked":"Backstab","floor":0.0},{"not_picked":["Prepared","Outmaneuver"],"picked":"Dagger Throw","floor":1.0},{"not_picked":["Cloak And Dagger","Riddle With Holes"],"picked":"Dash","floor":2.0},{"not_picked":["Infinite Blades","Dagger Spray"],"picked":"Masterful Stab","floor":3.0},{"not_picked":["Underhanded Strike","Dagger Throw","Slice"],"picked":"SKIP","floor":4.0},{"not_picked":["Underhanded Strike","Dagger Throw","Slice"],"picked":"SKIP","floor":4.0},{"not_picked":["Expertise","Tools of the Trade"],"picked":"Backflip","floor":6.0},{"not_picked":["Outmaneuver","Acrobatics"],"picked":"Backflip","floor":8.0},{"not_picked":["Flying Knee","Dash"],"picked":"Terror","floor":10.0},{"not_picked":["Heavy Blade","Sucker Punch","Blur"],"picked":"SKIP","floor":12.0},{"not_picked":["Streamline","Double Energy"],"picked":"Body Slam","floor":13.0},{"not_picked":["Catalyst","Ball Lightning","Static Discharge"],"picked":"SKIP","floor":14.0},{"not_picked":["Corpse Explosion","Night Terror"],"picked":"Apotheosis","floor":16.0},{"not_picked":["Blood for Blood","Sweeping Beam","Clothesline"],"picked":"SKIP","floor":18.0},{"not_picked":["Madness","Intimidate"],"picked":"Self Repair","floor":22.0},{"not_picked":["Transmutation","Underhanded Strike"],"picked":"Leap","floor":24.0},{"not_picked":["Poisoned Stab","Headbutt+1","Ball Lightning"],"picked":"SKIP","floor":28.0},{"not_picked":["Ball Lightning","Power Through","Go for the Eyes"],"picked":"SKIP","floor":29.0},{"not_picked":["PiercingWail","Beam Cell"],"picked":"Flash of Steel","floor":30.0},{"not_picked":["Go for the Eyes+1","Sweeping Beam","Rebound"],"picked":"SKIP","floor":31.0},{"not_picked":["Rip and Tear","Finisher"],"picked":"Madness","floor":32.0},{"not_picked":["Buffer","HandOfGreed"],"picked":"Echo Form","floor":33.0},{"not_picked":["Armaments+1","Skewer","Compile Driver"],"picked":"SKIP","floor":35.0},{"not_picked":["Redo","Consume","Uppercut"],"picked":"SKIP","floor":37.0},{"not_picked":["Leap","Twin Strike"],"picked":"Disarm","floor":38.0},{"not_picked":["Ball Lightning","Accuracy"],"picked":"Entrench+1","floor":40.0},{"not_picked":["Clothesline","Sucker Punch","Gash+1"],"picked":"SKIP","floor":41.0},{"not_picked":["Havoc","Mind Blast"],"picked":"All For One","floor":44.0},{"not_picked":["Endless Agony","White Noise+1"],"picked":"Evolve","floor":46.0},{"not_picked":["Crippling Poison","Deadly Poison+1","Rebound"],"picked":"SKIP","floor":47.0},{"not_picked":["Crippling Poison","Deadly Poison+1","Rebound"],"picked":"SKIP","floor":47.0},{"not_picked":["Gash+1","Pummel"],"picked":"Hologram","floor":48.0},{"not_picked":["Finesse","Armaments+1"],"picked":"Cloak And Dagger+1","floor":49.0},{"not_picked":["Perfected Strike","Pommel Strike"],"picked":"Deflect+1","floor":53.0}],"player_experience":4586246,"relics_obtained":[{"floor":6.0,"key":"Pen Nib"},{"floor":9.0,"key":"Dream Catcher"},{"floor":12.0,"key":"Sundial"},{"floor":24.0,"key":"Omamori"},{"floor":26.0,"key":"Ancient Tea Set"},{"floor":28.0,"key":"Mango"},{"floor":41.0,"key":"Shuriken"},{"floor":43.0,"key":"Blue Candle"},{"floor":46.0,"key":"Anchor"}],"event_choices":[{"damage_healed":0.0,"max_hp_gain":0.0,"max_hp_loss":0.0,"gold_gain":0.0,"event_name":"Liars Game","player_choice":"Ignored","floor":5.0,"gold_loss":0.0,"damage_taken":0.0},{"damage_healed":0.0,"max_hp_gain":0.0,"max_hp_loss":0.0,"gold_gain":0.0,"cards_transformed":["Defend_G","Strike_G"],"event_name":"Drug Dealer","player_choice":"Became Test Subject","floor":19.0,"gold_loss":0.0,"damage_taken":0.0,"cards_obtained":["Underhanded Strike","Acrobatics"]},{"cards_removed":["Strike_G"],"damage_healed":0.0,"max_hp_gain":0.0,"max_hp_loss":0.0,"gold_gain":0.0,"event_name":"Beggar","player_choice":"Gave Gold","floor":20.0,"gold_loss":75.0,"damage_taken":0.0},{"damage_healed":0.0,"max_hp_gain":0.0,"max_hp_loss":0.0,"gold_gain":0.0,"event_name":"Addict","player_choice":"Obtained Relic","floor":21.0,"gold_loss":85.0,"damage_taken":0.0,"relics_obtained":["Orichalcum"]},{"damage_healed":0.0,"max_hp_gain":0.0,"max_hp_loss":0.0,"gold_gain":0.0,"event_name":"Mysterious Sphere","player_choice":"Ignored","floor":36.0,"gold_loss":0.0,"damage_taken":0.0},{"damage_healed":0.0,"max_hp_gain":0.0,"max_hp_loss":0.0,"gold_gain":0.0,"event_name":"Tomb of Lord Red Mask","player_choice":"Paid","floor":45.0,"gold_loss":67.0,"damage_taken":0.0,"relics_obtained":["Red Mask"]}],"is_beta":false,"boss_relics":[{"not_picked":["Lizard Tail","Black Star"],"picked":"Fusion Hammer"},{"not_picked":["Coffee Dripper","Busted Crown"],"picked":"Philosopher\u0027s Stone"}],"items_purged_floors":[42],"is_endless":false,"potions_floor_spawned":[2,3,4,8,12,18,28,29,47,48],"killed_by":"Shield and Spear","ascension_level":20}