{"gold_per_floor":[110,127,145,155,167,200,216,216],"floor_reached":8,"playtime":1281,"items_purged":[],"score":68,"play_id":"3b30cd55-3ab2-4728-b881-6a2ad91d2b05","local_time":"20181229224800","is_ascension_mode":true,"campfire_choices":[],"neow_cost":"NONE","seed_source_timestamp":695180133270488,"circlet_count":0,"master_deck":["Strike_B","Strike_B","Strike_B","Strike_B","Defend_B","Defend_B","Defend_B","Defend_B","Zap","Dualcast","Coolheaded","Coolheaded","Defragment","Glacier","Compile Driver","Capacitor","Conserve Battery","Skim","Meteor Strike","Coolheaded","Cold Snap"],"relics":["Orrery","Happy Flower"],"potions_floor_usage":[5,8],"damage_taken":[{"damage":1,"enemies":"Cultist","floor":1,"turns":7},{"damage":15,"enemies":"Small Slimes","floor":2,"turns":5},{"damage":2,"enemies":"2 Louse","floor":3,"turns":4},{"damage":4,"enemies":"Red Slaver","floor":4,"turns":7},{"damage":17,"enemies":"Lots of Slimes","floor":5,"turns":6},{"damage":2,"enemies":"Lagavulin","floor":6,"turns":10},{"damage":27,"enemies":"3 Louse","floor":7,"turns":6},{"damage":7,"enemies":"3 Sentries","floor":8,"turns":5}],"seed_played":"482561009634633969","potions_obtained":[{"floor":1,"key":"Strength Potion"},{"floor":4,"key":"FearPotion"},{"floor":7,"key":"Fire Potion"}],"is_trial":false,"path_per_floor":["M","M","M","M","M","E","M","E"],"character_chosen":"DEFECT","items_purchased":[],"campfire_rested":0,"item_purchase_floors":[],"current_hp_per_floor":[74,59,57,53,36,34,7,0],"gold":216,"neow_bonus":"BOSS_RELIC","is_prod":false,"is_daily":false,"chose_seed":false,"campfire_upgraded":0,"win_rate":0,"timestamp":1546141680,"path_taken":["M","M","M","M","M","E","M","E"],"build_version":"2018-12-20","purchased_purges":0,"victory":false,"max_hp_per_floor":[75,75,75,75,75,75,75,75],"card_choices":[{"not_picked":["Scrape","Rebound"],"picked":"Coolheaded","floor":0},{"not_picked":["Leap","Blizzard"],"picked":"Coolheaded","floor":0},{"not_picked":["Gash","Ball Lightning"],"picked":"Defragment","floor":0},{"not_picked":["Turbo","Cold Snap"],"picked":"Glacier","floor":0},{"not_picked":["Streamline","Redo"],"picked":"Compile Driver","floor":1},{"not_picked":["Lockon","Static Discharge"],"picked":"Capacitor","floor":2},{"not_picked":["Turbo","Compile Driver"],"picked":"Conserve Battery","floor":3},{"not_picked":["Fusion","Rebound"],"picked":"Skim","floor":4},{"not_picked":["Reprogram","Scrape"],"picked":"Meteor Strike","floor":5},{"not_picked":["Hyperbeam","Beam Cell"],"picked":"Coolheaded","floor":6},{"not_picked":["Go for the Eyes","Coolheaded"],"picked":"Cold Snap","floor":7}],"player_experience":142327,"relics_obtained":[{"floor":6,"key":"Happy Flower"}],"event_choices":[],"is_beta":false,"boss_relics":[],"items_purged_floors":[],"is_endless":false,"potions_floor_spawned":[1,4,7],"killed_by":"3 Sentries","ascension_level":2}