{"gold_per_floor":[118,129,139,149,17,42,42,58,58,58,78,109,119,132,132,206,206,226,226,246,246,246],"floor_reached":22,"playtime":735,"items_purged":["Strike_R"],"score":400,"play_id":"435ca7c1-34d1-4c49-b11c-01194510a8fa","local_time":"20190212030658","is_ascension_mode":true,"campfire_choices":[{"data":"Wild Strike","floor":7,"key":"SMITH"},{"data":"Bash","floor":10,"key":"SMITH"},{"data":"Armaments","floor":15,"key":"SMITH"}],"neow_cost":"NONE","seed_source_timestamp":1066303926384100,"circlet_count":0,"master_deck":["AscendersBane","Strike_R","Strike_R","Strike_R","Strike_R","Defend_R","Defend_R","Defend_R","Defend_R","Bash+1","Heavy Blade","Anger","Headbutt","Rage","Wild Strike+1","Metallicize","Sword Boomerang","Armaments+1","Rage","True Grit","Double Tap","Twin Strike"],"relics":["Burning Blood","FossilizedHelix","Pantograph","Calipers","Runic Dome"],"potions_floor_usage":[6,16,16,20],"damage_taken":[{"damage":7,"enemies":"Cultist","floor":1,"turns":4},{"damage":8,"enemies":"2 Louse","floor":2,"turns":2},{"damage":6,"enemies":"Small Slimes","floor":3,"turns":3},{"damage":25,"enemies":"Exordium Wildlife","floor":4,"turns":4},{"damage":8,"enemies":"Gremlin Nob","floor":6,"turns":3},{"damage":0,"enemies":"Exordium Thugs","floor":8,"turns":4},{"damage":0,"enemies":"Red Slaver","floor":11,"turns":2},{"damage":26,"enemies":"3 Sentries","floor":12,"turns":8},{"damage":0,"enemies":"Exordium Wildlife","floor":13,"turns":4},{"damage":13,"enemies":"Gremlin Gang","floor":14,"turns":6},{"damage":50,"enemies":"Hexaghost","floor":16,"turns":9},{"damage":0,"enemies":"Chosen","floor":18,"turns":3},{"damage":0,"enemies":"2 Thieves","floor":20,"turns":4},{"damage":71,"enemies":"Masked Bandits","floor":22,"turns":4}],"seed_played":"5932843651965969739","potions_obtained":[{"floor":3,"key":"Dexterity Potion"},{"floor":6,"key":"PowerPotion"},{"floor":12,"key":"Weak Potion"},{"floor":13,"key":"FearPotion"},{"floor":14,"key":"LiquidBronze"},{"floor":18,"key":"FearPotion"}],"is_trial":false,"path_per_floor":["M","M","M","M","$","E","R","M","T","R","M","E","M","M","R","B",null,"M","?","M","?","?"],"character_chosen":"IRONCLAD","items_purchased":["Fire Potion"],"campfire_rested":0,"item_purchase_floors":[5],"current_hp_per_floor":[74,72,72,53,53,51,51,57,57,57,63,43,49,42,42,23,67,73,49,55,55,0],"gold":246,"neow_bonus":"TEN_PERCENT_HP_BONUS","is_prod":false,"is_daily":false,"chose_seed":false,"campfire_upgraded":3,"win_rate":0,"timestamp":1549908418,"path_taken":["M","M","M","M","$","E","R","M","T","R","?","E","M","M","R","BOSS","M","?","M","?","?"],"build_version":"2019-01-23","purchased_purges":1,"victory":false,"max_hp_per_floor":[82,82,82,82,82,82,82,82,82,82,82,82,82,82,82,82,82,82,87,87,87,87],"card_choices":[{"not_picked":["True Grit","Armaments"],"picked":"Heavy Blade","floor":1},{"not_picked":["Heavy Blade","Pommel Strike"],"picked":"Anger","floor":2},{"not_picked":["Pommel Strike","Bloodletting"],"picked":"Headbutt","floor":3},{"not_picked":["Iron Wave","Thunderclap"],"picked":"Rage","floor":4},{"not_picked":["Iron Wave","Dark Embrace"],"picked":"Wild Strike","floor":6},{"not_picked":["Headbutt","Bloodletting"],"picked":"Metallicize","floor":8},{"not_picked":["Body Slam","Warcry"],"picked":"Sword Boomerang","floor":11},{"not_picked":["Seeing Red","Sword Boomerang"],"picked":"Armaments","floor":12},{"not_picked":["Sever Soul","Limit Break"],"picked":"Rage","floor":13},{"not_picked":["Havoc","Armaments"],"picked":"True Grit","floor":14},{"not_picked":["Brutality","Berserk"],"picked":"Double Tap","floor":16},{"not_picked":["Flex","Armaments","Reckless Charge"],"picked":"SKIP","floor":18},{"not_picked":["Wild Strike","Warcry"],"picked":"Twin Strike","floor":20}],"player_experience":4270299,"relics_obtained":[{"floor":6,"key":"FossilizedHelix"},{"floor":9,"key":"Pantograph"},{"floor":12,"key":"Calipers"}],"event_choices":[{"damage_healed":0,"gold_gain":0,"player_choice":"Shed Blood","damage_taken":29,"max_hp_gain":5,"max_hp_loss":0,"event_name":"Forgotten Altar","floor":19,"gold_loss":0},{"damage_healed":0,"gold_gain":0,"player_choice":"Ignored","damage_taken":0,"max_hp_gain":0,"max_hp_loss":0,"event_name":"Ghosts","floor":21,"gold_loss":0},{"damage_healed":0,"gold_gain":0,"player_choice":"Fought Bandits","damage_taken":0,"max_hp_gain":0,"max_hp_loss":0,"event_name":"Masked Bandits","floor":22,"gold_loss":0}],"is_beta":false,"boss_relics":[{"not_picked":["Philosopher\u0027s Stone","Velvet Choker"],"picked":"Runic Dome"}],"items_purged_floors":[5],"is_endless":false,"potions_floor_spawned":[3,6,12,13,14,18],"killed_by":"Masked Bandits","ascension_level":20}