{"gold_per_floor":[112,112,125,50,65,97,97,110,133,162,92,92,111,43,43,139,139,159,84,129,129],"floor_reached":21,"playtime":1598,"items_purged":["Strike_R"],"score":277,"play_id":"9836e04f-b705-4be9-b325-551f7399c67b","local_time":"20190225142954","is_ascension_mode":true,"campfire_choices":[{"data":"True Grit","floor":7.0,"key":"SMITH"},{"data":"Entrench","floor":12.0,"key":"SMITH"},{"floor":15.0,"key":"REST"}],"neow_cost":"NONE","seed_source_timestamp":15208880239059,"circlet_count":0,"master_deck":["Strike_R","Strike_R","Strike_R","Strike_R","Defend_R","Defend_R","Defend_R","Defend_R","Bash","Battle Trance","Madness","Feed","Reckless Charge","True Grit+1","Sentinel","Dark Embrace","Ghostly Armor","Entrench+1","Second Wind","Barricade","Shrug It Off","Body Slam","Armaments","Sever Soul","Battle Trance"],"special_seed":0,"relics":["Burning Blood","NeowsBlessing","Regal Pillow","Omamori","PreservedInsect","Orrery","Art of War"],"potions_floor_usage":[21],"damage_taken":[{"damage":0.0,"enemies":"Small Slimes","floor":1.0,"turns":1.0},{"damage":0.0,"enemies":"Cultist","floor":3.0,"turns":1.0},{"damage":0.0,"enemies":"2 Louse","floor":5.0,"turns":1.0},{"damage":31.0,"enemies":"Gremlin Nob","floor":6.0,"turns":4.0},{"damage":13.0,"enemies":"Blue Slaver","floor":8.0,"turns":2.0},{"damage":36.0,"enemies":"3 Sentries","floor":10.0,"turns":10.0},{"damage":15.0,"enemies":"Gremlin Gang","floor":13.0,"turns":8.0},{"damage":58.0,"enemies":"Slime Boss","floor":16.0,"turns":19.0},{"damage":47.0,"enemies":"Chosen","floor":18.0,"turns":11.0},{"damage":34.0,"enemies":"2 Thieves","floor":19.0,"turns":5.0},{"damage":15,"enemies":"Snecko","floor":21,"turns":4}],"seed_played":"4627831008063463506","potions_obtained":[{"floor":3.0,"key":"Fire Potion"},{"floor":5.0,"key":"Weak Potion"},{"floor":13.0,"key":"SpeedPotion"},{"floor":18.0,"key":"SteroidPotion"}],"is_trial":false,"path_per_floor":["M","?","M","$","M","E","R","M","T","E","$","R","M","$","R","B",null,"M","M","T","M"],"character_chosen":"IRONCLAD","items_purchased":["Entrench","Second Wind"],"campfire_rested":1,"item_purchase_floors":[11,14],"current_hp_per_floor":[78,78,83,83,86,64,64,60,60,33,33,33,27,27,71,19,78,37,9,9,0],"gold":129,"neow_bonus":"THREE_ENEMY_KILL","is_prod":false,"is_daily":false,"chose_seed":false,"campfire_upgraded":2,"win_rate":0,"timestamp":1551072594,"path_taken":["M","?","M","$","M","E","R","?","T","E","?","R","M","$","R","BOSS","M","M","?","M"],"build_version":"2019-01-23","purchased_purges":1,"victory":false,"max_hp_per_floor":[80,80,83,83,86,89,89,92,92,95,95,95,98,98,98,98,98,98,98,98,98],"card_choices":[{"not_picked":["Iron Wave","Heavy Blade"],"picked":"Battle Trance","floor":1.0},{"not_picked":["Sword Boomerang","Disarm"],"picked":"True Grit","floor":3.0},{"not_picked":["Headbutt","Pommel Strike"],"picked":"Sentinel","floor":5.0},{"not_picked":["Burning Pact","Havoc","Iron Wave"],"picked":"SKIP","floor":6.0},{"not_picked":["Thunderclap","Iron Wave"],"picked":"Dark Embrace","floor":8.0},{"not_picked":["Limit Break","Combust"],"picked":"Ghostly Armor","floor":10.0},{"not_picked":["Blood for Blood","Clash","Thunderclap"],"picked":"SKIP","floor":13.0},{"not_picked":["Offering","Bludgeon"],"picked":"Barricade","floor":16.0},{"not_picked":["Rupture","Whirlwind"],"picked":"Shrug It Off","floor":17.0},{"not_picked":["Armaments","Battle Trance"],"picked":"Body Slam","floor":17.0},{"not_picked":["Infernal Blade","Rampage"],"picked":"Armaments","floor":17.0},{"not_picked":["Spot Weakness","Carnage"],"picked":"Sever Soul","floor":17.0},{"not_picked":["Perfected Strike","Clothesline"],"picked":"Battle Trance","floor":17.0},{"not_picked":["Cleave","Corruption","Thunderclap"],"picked":"SKIP","floor":18.0},{"not_picked":["Combust","Pommel Strike","Heavy Blade"],"picked":"SKIP","floor":19.0}],"player_experience":185668,"relics_obtained":[{"floor":6.0,"key":"Regal Pillow"},{"floor":9.0,"key":"Omamori"},{"floor":10.0,"key":"PreservedInsect"},{"floor":20.0,"key":"Art of War"}],"event_choices":[{"damage_healed":0.0,"max_hp_gain":0.0,"max_hp_loss":0.0,"gold_gain":0.0,"event_name":"Match and Keep!","player_choice":"3 cards matched","floor":2.0,"gold_loss":0.0,"damage_taken":0.0,"cards_obtained":["Madness","Feed","Reckless Charge"]}],"is_beta":false,"boss_relics":[{"not_picked":["Snecko Eye","Ectoplasm"],"picked":"Orrery"}],"items_purged_floors":[4],"is_endless":false,"potions_floor_spawned":[3,5,13,18],"killed_by":"Snecko","ascension_level":7}