{"gold_per_floor":[110,110,125,125,41,41,84,84,84,120,120,161,161,215,215,215],"floor_reached":16,"playtime":970,"items_purged":[],"score":257,"play_id":"f6c84832-b740-4246-843e-9676d0f166db","local_time":"20190308185639","is_ascension_mode":true,"campfire_choices":[{"data":"Whirlwind","floor":6.0,"key":"SMITH"},{"data":"Feed","floor":8.0,"key":"SMITH"},{"floor":15,"key":"REST"}],"neow_cost":"NONE","seed_source_timestamp":32153030068514,"circlet_count":0,"master_deck":["AscendersBane","Strike_R","Strike_R","Strike_R","Strike_R","Defend_R","Defend_R","Defend_R","Defend_R","Bash","Whirlwind+1","Injury","Clothesline","Feed+1","Infernal Blade","Corruption","Rupture","Parasite"],"special_seed":0,"relics":["Burning Blood","NeowsBlessing","Golden Idol","Letter Opener","Bottled Lightning","Girya","Pocketwatch","Centennial Puzzle","Bag of Preparation"],"potions_floor_usage":[12],"damage_taken":[{"damage":0.0,"enemies":"2 Louse","floor":1.0,"turns":1.0},{"damage":0.0,"enemies":"Jaw Worm","floor":3.0,"turns":1.0},{"damage":0.0,"enemies":"Lagavulin","floor":7.0,"turns":1.0},{"damage":30,"enemies":"3 Sentries","floor":10,"turns":6},{"damage":43,"enemies":"Lagavulin","floor":12,"turns":7},{"damage":72,"enemies":"Hexaghost","floor":16,"turns":10}],"seed_played":"3670771041890429443","potions_obtained":[{"floor":1.0,"key":"FairyPotion"},{"floor":10,"key":"EssenceOfSteel"}],"is_trial":false,"path_per_floor":["M","?","M","T","$","R","E","R","T","E","?","E","?","T","R","B"],"character_chosen":"IRONCLAD","items_purchased":["Feed"],"campfire_rested":1,"item_purchase_floors":[5],"current_hp_per_floor":[74,74,75,75,75,75,78,78,78,58,51,18,39,39,64,0],"gold":215,"neow_bonus":"THREE_ENEMY_KILL","is_prod":false,"is_daily":false,"chose_seed":false,"campfire_upgraded":2,"win_rate":0,"timestamp":1552038999,"path_taken":["M","?","M","?","$","R","E","R","T","E","?","E","?","?","R","BOSS"],"build_version":"2019-01-23","purchased_purges":0,"victory":false,"max_hp_per_floor":[75,75,75,75,75,75,78,78,78,82,82,86,86,86,86,86],"card_choices":[{"not_picked":["Twin Strike","Hemokinesis"],"picked":"Whirlwind","floor":1.0},{"not_picked":["Pommel Strike","Sever Soul"],"picked":"Clothesline","floor":3.0},{"not_picked":["Fire Breathing","Sever Soul"],"picked":"Infernal Blade","floor":7.0},{"not_picked":["Ghostly Armor","Entrench"],"picked":"Corruption","floor":10},{"not_picked":["Carnage","Headbutt"],"picked":"Rupture","floor":12}],"player_experience":268704,"relics_obtained":[{"floor":4.0,"key":"Letter Opener"},{"floor":7.0,"key":"Bottled Lightning"},{"floor":9.0,"key":"Girya"},{"floor":10,"key":"Pocketwatch"},{"floor":12,"key":"Centennial Puzzle"},{"floor":14,"key":"Bag of Preparation"}],"event_choices":[{"damage_healed":0.0,"max_hp_gain":0.0,"max_hp_loss":0.0,"gold_gain":0.0,"event_name":"Golden Idol","player_choice":"Take Wound","floor":2.0,"gold_loss":0.0,"damage_taken":0.0,"relics_obtained":["Golden Idol"],"cards_obtained":["Injury"]},{"cards_removed":["Strike_R"],"damage_healed":0,"gold_gain":0,"player_choice":"Card Removal","damage_taken":7,"max_hp_gain":0,"max_hp_loss":0,"event_name":"Golden Wing","floor":11,"gold_loss":0},{"damage_healed":21,"gold_gain":0,"player_choice":"Healed and dodged fight","damage_taken":0,"max_hp_gain":0,"max_hp_loss":0,"event_name":"Mushrooms","floor":13,"gold_loss":0,"cards_obtained":["Parasite"]}],"is_beta":false,"boss_relics":[],"items_purged_floors":[],"is_endless":false,"potions_floor_spawned":[1,10],"killed_by":"Hexaghost","ascension_level":17}