{"gold_per_floor":[110,125,139,155,169,169,186,205,205,205,205,205,221,244,244,334,334,355,280,316,316],"floor_reached":21,"playtime":814,"items_purged":[],"score":350,"play_id":"276acc94-6809-4fe1-aaa7-0121183a471a","local_time":"20190203031359","is_ascension_mode":true,"campfire_choices":[{"data":"Cloak And Dagger","floor":6,"key":"SMITH"},{"data":"Deadly Poison","floor":12,"key":"SMITH"},{"data":"Acrobatics","floor":15,"key":"SMITH"}],"neow_cost":"NONE","seed_source_timestamp":289038099913700,"circlet_count":0,"master_deck":["AscendersBane","Defend_G","Defend_G","Defend_G","Defend_G","Defend_G","Strike_G","Strike_G","Strike_G","Survivor","Neutralize","PiercingWail","Well Laid Plans","Backstab","Cloak And Dagger+1","Riddle With Holes","Dagger Throw","Deadly Poison+1","Footwork","Acrobatics+1","Storm of Steel","Underhanded Strike"],"relics":["Ring of the Snake","Pantograph","Golden Idol","Runic Dome","Red Mask"],"potions_floor_usage":[7,18,20],"damage_taken":[{"damage":11,"enemies":"Small Slimes","floor":1,"turns":7},{"damage":1,"enemies":"2 Louse","floor":2,"turns":4},{"damage":0,"enemies":"Jaw Worm","floor":3,"turns":7},{"damage":0,"enemies":"2 Fungi Beasts","floor":4,"turns":4},{"damage":14,"enemies":"Large Slime","floor":5,"turns":8},{"damage":6,"enemies":"Exordium Thugs","floor":7,"turns":6},{"damage":5,"enemies":"Gremlin Gang","floor":8,"turns":5},{"damage":0,"enemies":"Red Slaver","floor":13,"turns":3},{"damage":0,"enemies":"2 Fungi Beasts","floor":14,"turns":3},{"damage":28,"enemies":"Hexaghost","floor":16,"turns":12},{"damage":32,"enemies":"Spheric Guardian","floor":18,"turns":7},{"damage":30,"enemies":"Masked Bandits","floor":20,"turns":7},{"damage":24,"enemies":"Chosen","floor":21,"turns":3}],"seed_played":"-3965085384481980028","potions_obtained":[{"floor":3,"key":"Ancient Potion"},{"floor":4,"key":"GamblersBrew"},{"floor":5,"key":"Poison Potion"},{"floor":13,"key":"Regen Potion"}],"is_trial":false,"path_per_floor":["M","M","M","M","M","R","M","M","T","?","?","R","M","M","R","B",null,"M","?","?","M"],"character_chosen":"THE_SILENT","items_purchased":[],"campfire_rested":0,"item_purchase_floors":[],"current_hp_per_floor":[54,53,53,53,39,39,33,28,28,21,21,21,21,21,21,18,53,36,36,6,0],"gold":316,"neow_bonus":"TEN_PERCENT_HP_BONUS","is_prod":false,"is_daily":false,"chose_seed":false,"campfire_upgraded":3,"win_rate":0,"timestamp":1549131239,"path_taken":["M","M","M","M","M","R","M","M","T","?","?","R","M","M","R","BOSS","M","?","?","M"],"build_version":"2019-01-23","purchased_purges":0,"victory":false,"max_hp_per_floor":[72,72,72,72,72,72,72,72,72,72,65,65,65,65,65,65,65,65,65,65,65],"card_choices":[{"not_picked":["Accuracy","Deflect"],"picked":"PiercingWail","floor":1},{"not_picked":["Deflect","Expertise"],"picked":"Well Laid Plans","floor":2},{"not_picked":["Infinite Blades","Crippling Poison"],"picked":"Backstab","floor":3},{"not_picked":["Blur","Slice"],"picked":"Cloak And Dagger","floor":4},{"not_picked":["Deflect","Blade Dance"],"picked":"Riddle With Holes","floor":5},{"not_picked":["Bane","Backflip"],"picked":"Dagger Throw","floor":7},{"not_picked":["Concentrate","Quick Slash"],"picked":"Deadly Poison","floor":8},{"not_picked":["Backflip","Bane"],"picked":"Footwork","floor":13},{"not_picked":["Venomology","Dagger Throw"],"picked":"Acrobatics","floor":14},{"not_picked":["Tools of the Trade","Night Terror"],"picked":"Storm of Steel","floor":16},{"not_picked":["Outmaneuver","Expertise"],"picked":"Underhanded Strike","floor":18}],"player_experience":4199809,"relics_obtained":[{"floor":9,"key":"Pantograph"},{"floor":20,"key":"Red Mask"}],"event_choices":[{"cards_removed":["Strike_G"],"damage_healed":0,"gold_gain":0,"player_choice":"Card Removal","damage_taken":7,"max_hp_gain":0,"max_hp_loss":0,"event_name":"Golden Wing","floor":10,"gold_loss":0},{"damage_healed":0,"gold_gain":0,"player_choice":"Lose Max HP","damage_taken":0,"relics_obtained":["Golden Idol"],"max_hp_gain":0,"max_hp_loss":7,"event_name":"Golden Idol","floor":11,"gold_loss":0},{"cards_removed":["Strike_G"],"damage_healed":0,"gold_gain":0,"player_choice":"Gave Gold","damage_taken":0,"max_hp_gain":0,"max_hp_loss":0,"event_name":"Beggar","floor":19,"gold_loss":75},{"damage_healed":0,"gold_gain":0,"player_choice":"Fought Bandits","damage_taken":0,"max_hp_gain":0,"max_hp_loss":0,"event_name":"Masked Bandits","floor":20,"gold_loss":0}],"is_beta":false,"boss_relics":[{"not_picked":["Tiny House","Lizard Tail"],"picked":"Runic Dome"}],"items_purged_floors":[],"is_endless":false,"potions_floor_spawned":[3,4,5,13],"killed_by":"Chosen","ascension_level":20}