{"gold_per_floor":[112,127,139,139,149,149,159,159,159,159,7,40,57,75,75,75],"floor_reached":16,"playtime":540,"items_purged":["Strike_R"],"score":151,"play_id":"2c965fd7-a04d-4614-84cf-6054c4f4ad6b","local_time":"20190304134616","is_ascension_mode":true,"campfire_choices":[{"data":"Demon Form","floor":6.0,"key":"SMITH"},{"data":"Cleave","floor":8.0,"key":"SMITH"},{"floor":10.0,"key":"REST"},{"floor":15.0,"key":"REST"}],"neow_cost":"NONE","seed_source_timestamp":13463230555955,"circlet_count":0,"master_deck":["Strike_R+1","Strike_R","Strike_R+1","Strike_R","Defend_R","Defend_R","Defend_R","Defend_R","Bash+1","Wild Strike","Armaments+1","Corruption","Demon Form+1","Cleave+1","Carnage","Sever Soul","Clash","Battle Trance"],"special_seed":0,"relics":["Philosopher\u0027s Stone","Dodecahedron","Whetstone"],"potions_floor_usage":[],"damage_taken":[{"damage":0.0,"enemies":"2 Louse","floor":1.0,"turns":3.0},{"damage":1.0,"enemies":"Small Slimes","floor":2.0,"turns":4.0},{"damage":2.0,"enemies":"Cultist","floor":3.0,"turns":3.0},{"damage":9.0,"enemies":"Blue Slaver","floor":5.0,"turns":3.0},{"damage":15.0,"enemies":"Large Slime","floor":7.0,"turns":6.0},{"damage":28.0,"enemies":"3 Sentries","floor":12.0,"turns":5.0},{"damage":9.0,"enemies":"2 Fungi Beasts","floor":13.0,"turns":3.0},{"damage":12.0,"enemies":"Looter","floor":14.0,"turns":3.0},{"damage":47,"enemies":"Hexaghost","floor":16,"turns":5}],"seed_played":"8064682073213828861","potions_obtained":[{"floor":2.0,"key":"SteroidPotion"},{"floor":12.0,"key":"BloodPotion"},{"floor":13.0,"key":"BloodPotion"}],"is_trial":false,"path_per_floor":["M","M","M","?","M","R","M","R","T","R","$","E","M","M","R","B"],"character_chosen":"IRONCLAD","items_purchased":["Carnage"],"campfire_rested":2,"item_purchase_floors":[11],"current_hp_per_floor":[72,71,69,53,44,44,29,29,29,53,53,25,24,20,44,0],"gold":75,"neow_bonus":"BOSS_RELIC","is_prod":false,"is_daily":false,"chose_seed":false,"campfire_upgraded":2,"win_rate":0,"timestamp":1551674776,"path_taken":["M","M","M","?","M","R","M","R","T","R","$","E","M","M","R","BOSS"],"build_version":"2019-01-23","purchased_purges":1,"victory":false,"max_hp_per_floor":[80,80,80,80,80,80,80,80,80,80,80,80,80,80,80,80],"card_choices":[{"not_picked":["Pommel Strike","Pummel"],"picked":"Wild Strike","floor":1.0},{"not_picked":["Anger","Clash"],"picked":"Armaments","floor":2.0},{"not_picked":["Wild Strike","Blood for Blood"],"picked":"Corruption","floor":3.0},{"not_picked":["Clothesline","Sword Boomerang"],"picked":"Demon Form","floor":5.0},{"not_picked":["Anger","Iron Wave"],"picked":"Cleave","floor":7.0},{"not_picked":["Infernal Blade","Corruption"],"picked":"Sever Soul","floor":12.0},{"not_picked":["Spot Weakness","True Grit"],"picked":"Clash","floor":13.0},{"not_picked":["Wild Strike","Anger"],"picked":"Battle Trance","floor":14.0}],"player_experience":223401,"relics_obtained":[{"floor":9.0,"key":"Dodecahedron"},{"floor":12.0,"key":"Whetstone"}],"event_choices":[{"damage_healed":0.0,"max_hp_gain":0.0,"max_hp_loss":0.0,"gold_gain":0.0,"event_name":"Shining Light","player_choice":"Entered Light","floor":4.0,"gold_loss":0.0,"damage_taken":16.0,"cards_upgraded":["Bash","Armaments"]}],"is_beta":false,"boss_relics":[],"items_purged_floors":[11],"is_endless":false,"potions_floor_spawned":[2,12,13],"killed_by":"Hexaghost","ascension_level":9}