{"gold_per_floor":[117,135,60,72,88,88,123,123,123,140,159,159,159,38,38,38],"floor_reached":16,"playtime":243,"items_purged":["Strike_R","Strike_R"],"score":204,"play_id":"f48d8906-22bb-4cde-84eb-d3617f29e2d6","local_time":"20190221013238","is_ascension_mode":true,"campfire_choices":[{"data":"Body Slam","floor":6,"key":"SMITH"},{"data":"Ghostly Armor","floor":8,"key":"SMITH"},{"data":"Shrug It Off","floor":12,"key":"SMITH"},{"data":"Bash","floor":15,"key":"SMITH"}],"neow_cost":"NONE","seed_source_timestamp":559387315395700,"circlet_count":0,"master_deck":["AscendersBane","Strike_R","Strike_R","Defend_R","Defend_R","Defend_R","Defend_R","Bash+1","Body Slam+1","Ghostly Armor+1","Shrug It Off+1","True Grit"],"relics":["Burning Blood","NeowsBlessing","The Courier"],"potions_floor_usage":[7,16],"damage_taken":[{"damage":0,"enemies":"Jaw Worm","floor":1,"turns":1},{"damage":0,"enemies":"Cultist","floor":2,"turns":1},{"damage":0,"enemies":"Small Slimes","floor":4,"turns":1},{"damage":7,"enemies":"2 Fungi Beasts","floor":5,"turns":4},{"damage":34,"enemies":"Gremlin Nob","floor":7,"turns":4},{"damage":3,"enemies":"Blue Slaver","floor":10,"turns":6},{"damage":5,"enemies":"Looter","floor":11,"turns":4},{"damage":41,"enemies":"Hexaghost","floor":16,"turns":11}],"seed_played":"-5874062507448370015","potions_obtained":[{"floor":1,"key":"SpeedPotion"},{"floor":4,"key":"Poison Potion"}],"is_trial":false,"path_per_floor":["M","M","$","M","M","R","E","R","T","M","M","R","?","$","R","B"],"character_chosen":"IRONCLAD","items_purchased":["True Grit"],"campfire_rested":0,"item_purchase_floors":[14],"current_hp_per_floor":[74,75,75,75,74,74,46,46,46,49,50,50,50,50,50,9],"gold":38,"neow_bonus":"THREE_ENEMY_KILL","is_prod":false,"is_daily":false,"chose_seed":false,"campfire_upgraded":4,"win_rate":0,"timestamp":1550680358,"path_taken":["M","M","$","M","M","R","E","R","T","M","M","R","?","$","R","BOSS"],"build_version":"2019-01-23","purchased_purges":2,"victory":false,"max_hp_per_floor":[75,75,75,75,75,75,75,75,75,75,75,75,75,75,75,75],"card_choices":[{"not_picked":["Wild Strike","Sentinel"],"picked":"Body Slam","floor":1},{"not_picked":["True Grit","Heavy Blade","Clothesline"],"picked":"SKIP","floor":2},{"not_picked":["Intimidate","Blood for Blood"],"picked":"Ghostly Armor","floor":4},{"not_picked":["Blood for Blood","Thunderclap","Combust"],"picked":"SKIP","floor":5},{"not_picked":["Rampage","Havoc","Twin Strike"],"picked":"SKIP","floor":7},{"not_picked":["Anger","Bloodletting","Combust"],"picked":"SKIP","floor":10},{"not_picked":["Anger","Warcry"],"picked":"Shrug It Off","floor":11}],"player_experience":4364037,"relics_obtained":[{"floor":7,"key":"The Courier"}],"event_choices":[{"cards_removed":["Strike_R"],"damage_healed":0,"gold_gain":0,"player_choice":"Offered Basic","damage_taken":0,"max_hp_gain":0,"max_hp_loss":0,"event_name":"Bonfire Elementals","floor":13,"gold_loss":0}],"is_beta":false,"boss_relics":[],"items_purged_floors":[3,14],"is_endless":false,"potions_floor_spawned":[1,4],"killed_by":"Hexaghost","ascension_level":20}