{"gold_per_floor":[116,130,145,156,169,169,187,200,280,310,310,323,358,370,370,449,449,468,31,46,59,77,112,112,169,169,202,231,244,263,274,274,349,349,359,359,33,33,33,33,66,96,96,128,128,138,163,181,181,181,181,181,181,16,43,43],"floor_reached":57,"playtime":3430,"items_purged":[],"score":3561,"play_id":"7bc41a60-bbff-43b0-bee7-eeb1f97edfa6","local_time":"20190314025525","is_ascension_mode":true,"campfire_choices":[{"data":"Fiend Fire","floor":6.0,"key":"SMITH"},{"data":"Armaments","floor":15,"key":"SMITH"},{"floor":24,"key":"RECALL"},{"data":"Evolve","floor":32,"key":"SMITH"},{"floor":40,"key":"REST"},{"data":"Dark Embrace","floor":45,"key":"SMITH"},{"data":"Feel No Pain","floor":49,"key":"SMITH"},{"floor":53,"key":"REST"}],"neow_cost":"TEN_PERCENT_HP_LOSS","seed_source_timestamp":8070815432200,"circlet_count":0,"master_deck":["AscendersBane","Bash","Fiend Fire+1","Shrug It Off","Armaments+1","Pummel","Juggernaut","Shrug It Off","Ghostly Armor+1","Fire Breathing","Battle Trance+1","Impervious+1","Flame Barrier+1","Reckless Charge","Uppercut","Bloodletting+1","Exhume+1","Ghostly Armor+1","Wild Strike","Brutality","Evolve+1","True Grit+1","Shrug It Off+1","Rage+1","Disarm+1","Bloodletting+1","Feed","Shrug It Off+1","Dark Embrace+1","Madness+1","Madness+1","Seeing Red+1","Feel No Pain+1","Madness+1","Dark Shackles+1","Discovery+1","Feel No Pain","Doubt","Impervious+1","Ghostly Armor+1","Disarm+1","Feel No Pain","Sentinel+1"],"special_seed":0,"relics":["Burning Blood","Toxic Egg 2","FossilizedHelix","Pen Nib","Pandora\u0027s Box","Dead Branch","Nunchaku","Tiny Chest","Oddly Smooth Stone","WingedGreaves","Lantern","Cursed Key","Medical Kit","Gremlin Horn","Magic Flower","Art of War","Anchor","Du-Vu Doll"],"potions_floor_usage":[16,21,27,28,41,41,50,56],"damage_taken":[{"damage":6.0,"enemies":"Cultist","floor":1.0,"turns":3.0},{"damage":4.0,"enemies":"Jaw Worm","floor":2.0,"turns":3.0},{"damage":0.0,"enemies":"2 Louse","floor":3.0,"turns":3.0},{"damage":33.0,"enemies":"Exordium Thugs","floor":4.0,"turns":6.0},{"damage":11.0,"enemies":"Blue Slaver","floor":5.0,"turns":7.0},{"damage":8.0,"enemies":"3 Louse","floor":7.0,"turns":5.0},{"damage":5.0,"enemies":"2 Fungi Beasts","floor":8.0,"turns":4.0},{"damage":11,"enemies":"3 Sentries","floor":10,"turns":11},{"damage":6,"enemies":"Looter","floor":12,"turns":3},{"damage":0,"enemies":"Lagavulin","floor":13,"turns":8},{"damage":4,"enemies":"Exordium Wildlife","floor":14,"turns":4},{"damage":0,"enemies":"The Guardian","floor":16,"turns":8},{"damage":11,"enemies":"Spheric Guardian","floor":18,"turns":4},{"damage":5,"enemies":"Shell Parasite","floor":20,"turns":3},{"damage":0,"enemies":"Shelled Parasite and Fungi","floor":21,"turns":5},{"damage":19,"enemies":"Snake Plant","floor":22,"turns":5},{"damage":4,"enemies":"Slavers","floor":23,"turns":3},{"damage":4,"enemies":"Book of Stabbing","floor":25,"turns":7},{"damage":21,"enemies":"Gremlin Leader","floor":27,"turns":3},{"damage":15,"enemies":"Slavers","floor":28,"turns":7},{"damage":3,"enemies":"Centurion and Healer","floor":29,"turns":6},{"damage":0,"enemies":"Snecko","floor":30,"turns":5},{"damage":3,"enemies":"Shelled Parasite and Fungi","floor":31,"turns":6},{"damage":15,"enemies":"Champ","floor":33,"turns":12},{"damage":0,"enemies":"3 Shapes","floor":35,"turns":7},{"damage":3,"enemies":"Reptomancer","floor":41,"turns":5},{"damage":0,"enemies":"Giant Head","floor":42,"turns":4},{"damage":0,"enemies":"Nemesis","floor":44,"turns":3},{"damage":0,"enemies":"Orb Walker","floor":46,"turns":2},{"damage":0,"enemies":"Giant Head","floor":47,"turns":6},{"damage":24,"enemies":"Transient","floor":48,"turns":6},{"damage":0,"enemies":"Donu and Deca","floor":50,"turns":7},{"damage":67,"enemies":"Awakened One","floor":51,"turns":15},{"damage":3,"enemies":"Shield and Spear","floor":55,"turns":3},{"damage":8,"enemies":"The Heart","floor":56,"turns":9}],"seed_played":"9215357076244812034","potions_obtained":[{"floor":2.0,"key":"Dexterity Potion"},{"floor":4.0,"key":"FairyPotion"},{"floor":7.0,"key":"Explosive Potion"},{"floor":13,"key":"Strength Potion"},{"floor":16,"key":"Swift Potion"},{"floor":22,"key":"SteroidPotion"},{"floor":25,"key":"Strength Potion"},{"floor":30,"key":"Explosive Potion"},{"floor":31,"key":"AttackPotion"},{"floor":41,"key":"Strength Potion"},{"floor":47,"key":"FairyPotion"},{"floor":48,"key":"Swift Potion"}],"is_trial":false,"path_per_floor":["M","M","M","M","M","R","M","M","T","E","?","M","E","M","R","B",null,"M","$","M","M","M","E","R","E","T","E","E","M","M","M","R","B",null,"M","?","$","?","?","R","E","E","T","E","R","M","E","M","R","B","B",null,"R","$","E","B",null],"character_chosen":"IRONCLAD","items_purchased":["Dead Branch","Evolve","True Grit+1","Seeing Red+1","Feel No Pain","Medical Kit","Disarm+1","Feel No Pain"],"campfire_rested":2,"item_purchase_floors":[19,19,19,37,37,37,54,54],"current_hp_per_floor":[68,68,68,41,36,36,34,35,35,30,30,30,36,38,38,44,62,57,57,58,64,51,53,53,55,55,40,34,40,46,49,49,43,69,75,61,61,51,40,63,66,72,72,77,77,77,77,62,62,71,13,61,77,77,77,77],"gold":43,"neow_bonus":"THREE_RARE_CARDS","is_prod":false,"is_daily":false,"chose_seed":false,"campfire_upgraded":5,"win_rate":0,"timestamp":1552499725,"path_taken":["M","M","M","M","M","R","M","?","T","E","?","M","E","M","R","BOSS","M","$","M","M","M","E","R","E","T","E","E","?","M","M","R","BOSS","M","?","$","?","?","R","E","E","T","E","R","M","E","?","R","BOSS","BOSS","R","$","E","BOSS"],"build_version":"2019-01-23","purchased_purges":0,"victory":true,"max_hp_per_floor":[68,68,68,68,68,68,68,68,68,68,68,68,68,68,68,68,68,68,68,68,68,68,68,68,68,68,68,71,74,74,74,74,77,77,77,77,77,77,77,77,77,77,77,77,77,77,77,77,77,77,77,77,77,77,77,77],"card_choices":[{"not_picked":["Reaper","Limit Break"],"picked":"Fiend Fire","floor":0.0},{"not_picked":["Thunderclap","Searing Blow","Body Slam"],"picked":"SKIP","floor":1.0},{"not_picked":["Twin Strike","Searing Blow"],"picked":"Shrug It Off","floor":2.0},{"not_picked":["Seeing Red","Searing Blow"],"picked":"Armaments","floor":3.0},{"not_picked":["Havoc","Cleave"],"picked":"Pummel","floor":4.0},{"not_picked":["Pommel Strike","Rupture"],"picked":"Juggernaut","floor":5.0},{"not_picked":["Wild Strike","Cleave"],"picked":"Shrug It Off","floor":7.0},{"not_picked":["Pommel Strike","True Grit","Havoc"],"picked":"SKIP","floor":8.0},{"not_picked":["Double Tap+1","Perfected Strike"],"picked":"Ghostly Armor+1","floor":10},{"not_picked":["Cleave","Dual Wield+1","Clash"],"picked":"SKIP","floor":12},{"not_picked":["Inflame","Bludgeon"],"picked":"Battle Trance+1","floor":13},{"not_picked":["Heavy Blade","Perfected Strike","Twin Strike"],"picked":"SKIP","floor":14},{"not_picked":["Brutality","Bludgeon"],"picked":"Impervious+1","floor":16},{"not_picked":["Pommel Strike","Shockwave+1","Wild Strike"],"picked":"SKIP","floor":18},{"not_picked":["Infernal Blade+1","Heavy Blade"],"picked":"Shrug It Off+1","floor":20},{"not_picked":["Entrench+1","Iron Wave"],"picked":"Rage+1","floor":21},{"not_picked":["Dual Wield+1","Anger"],"picked":"Disarm+1","floor":22},{"not_picked":["Shrug It Off+1","Thunderclap+1"],"picked":"Bloodletting+1","floor":23},{"not_picked":["True Grit+1","Inflame"],"picked":"Feed","floor":25},{"not_picked":["Hemokinesis","Infernal Blade+1","Thunderclap"],"picked":"SKIP","floor":27},{"not_picked":["Hemokinesis","Infernal Blade+1","Thunderclap"],"picked":"SKIP","floor":27},{"not_picked":["Cleave","Iron Wave","Havoc+1"],"picked":"SKIP","floor":28},{"not_picked":["Clash","True Grit+1","Iron Wave"],"picked":"SKIP","floor":29},{"not_picked":["Bludgeon","Havoc+1"],"picked":"Shrug It Off+1","floor":30},{"not_picked":["Iron Wave","True Grit+1","Rage+1"],"picked":"SKIP","floor":31},{"not_picked":["Immolate","Double Tap+1"],"picked":"Dark Embrace","floor":33},{"not_picked":["Shrug It Off+1","Rupture+1","Whirlwind"],"picked":"SKIP","floor":35},{"not_picked":["Trip+1","Enlightenment+1"],"picked":"Madness+1","floor":38},{"not_picked":["Madness+1","HandOfGreed"],"picked":"Dark Shackles+1","floor":38},{"not_picked":["Good Instincts+1","Flash of Steel"],"picked":"Discovery+1","floor":38},{"not_picked":["Iron Wave+1","Havoc+1","Headbutt"],"picked":"SKIP","floor":41},{"not_picked":["Twin Strike","Iron Wave"],"picked":"Feel No Pain","floor":42},{"not_picked":["Perfected Strike","Ghostly Armor+1"],"picked":"Impervious+1","floor":44},{"not_picked":["Clothesline","Headbutt","Rupture+1"],"picked":"SKIP","floor":46},{"not_picked":["Thunderclap","Shrug It Off+1","Rupture"],"picked":"SKIP","floor":47},{"not_picked":["Feed","Heavy Blade"],"picked":"Ghostly Armor+1","floor":48},{"not_picked":["Havoc+1","Thunderclap+1"],"picked":"Sentinel+1","floor":55}],"player_experience":4539264,"relics_obtained":[{"floor":9.0,"key":"Toxic Egg 2"},{"floor":10,"key":"FossilizedHelix"},{"floor":13,"key":"Pen Nib"},{"floor":23,"key":"Nunchaku"},{"floor":25,"key":"Tiny Chest"},{"floor":26,"key":"Oddly Smooth Stone"},{"floor":27,"key":"WingedGreaves"},{"floor":28,"key":"Lantern"},{"floor":41,"key":"Gremlin Horn"},{"floor":42,"key":"Magic Flower"},{"floor":44,"key":"Art of War"},{"floor":47,"key":"Anchor"},{"floor":55,"key":"Du-Vu Doll"}],"event_choices":[{"damage_healed":0,"gold_gain":0,"cards_transformed":["Strike_R"],"player_choice":"Transformed","damage_taken":0,"max_hp_gain":0,"max_hp_loss":0,"event_name":"Transmorgrifier","floor":11,"gold_loss":0,"cards_obtained":["Fire Breathing"]},{"damage_healed":0,"gold_gain":0,"player_choice":"Embrace Madness","damage_taken":14,"max_hp_gain":0,"max_hp_loss":0,"event_name":"Winding Halls","floor":36,"gold_loss":0,"cards_obtained":["Madness","Madness"]},{"damage_healed":0,"gold_gain":0,"player_choice":"Memory 3","damage_taken":10,"max_hp_gain":0,"max_hp_loss":0,"event_name":"SensoryStone","floor":38,"gold_loss":0},{"damage_healed":0,"gold_gain":0,"player_choice":"Damaged","damage_taken":11,"max_hp_gain":0,"max_hp_loss":0,"event_name":"Wheel of Change","floor":39,"gold_loss":0}],"is_beta":false,"boss_relics":[{"not_picked":["Tiny House","Fusion Hammer"],"picked":"Pandora\u0027s Box"},{"not_picked":["Philosopher\u0027s Stone","Lizard Tail"],"picked":"Cursed Key"}],"items_purged_floors":[],"is_endless":false,"potions_floor_spawned":[2,4,7,13,16,18,22,25,30,31,35,41,47,48],"ascension_level":20}