{"gold_per_floor":[115,135,135,135,150,150,177,208,220,261,289,334,365,395,407,517,529,555,580,606,217,217,251,251,281,281,294,313,313],"floor_reached":29,"playtime":3580,"items_purged":["Strike_B"],"score":318,"play_id":"48e3232e-61ca-4d5d-b1ae-611c645bbf54","local_time":"20181229222627","is_ascension_mode":true,"campfire_choices":[{"floor":6,"key":"RECALL"},{"data":"Consume","floor":15,"key":"SMITH"},{"data":"Seek","floor":24,"key":"SMITH"}],"neow_cost":"NONE","seed_source_timestamp":691585762238940,"circlet_count":0,"master_deck":["Strike_B+1","Strike_B+1","Defend_B","Defend_B","Zap","Dualcast","Glacier","Turbo","Ball Lightning","Cold Snap","Conserve Battery","Conserve Battery","Consume+1","Compile Driver+1","Ball Lightning+1","Blizzard+1","Seek+1","Leap+1","Streamline+1","Reinforced Body+1","Capacitor+1","Glacier+1","Tempest","Capacitor","Mayhem","Rebound+1","Barrage+1","Go for the Eyes+1","Go for the Eyes+1","Defragment+1"],"relics":["Eternal Feather","MawBank","Molten Egg 2","Sundial","Astrolabe","Frozen Egg 2","Ice Cream","Bottled Flame","Omamori"],"potions_floor_usage":[7,7,7,7,11,16,16,18,19,25,27],"damage_taken":[{"damage":3,"enemies":"Small Slimes","floor":1,"turns":5},{"damage":1,"enemies":"Jaw Worm","floor":2,"turns":5},{"damage":0,"enemies":"Cultist","floor":5,"turns":5},{"damage":5,"enemies":"Gremlin Nob","floor":7,"turns":4},{"damage":5,"enemies":"Lots of Slimes","floor":8,"turns":5},{"damage":13,"enemies":"Lagavulin","floor":10,"turns":9},{"damage":0,"enemies":"3 Louse","floor":11,"turns":3},{"damage":9,"enemies":"3 Sentries","floor":12,"turns":10},{"damage":20,"enemies":"Exordium Thugs","floor":13,"turns":7},{"damage":0,"enemies":"2 Fungi Beasts","floor":14,"turns":4},{"damage":3,"enemies":"Hexaghost","floor":16,"turns":10},{"damage":9,"enemies":"2 Thieves","floor":18,"turns":5},{"damage":5,"enemies":"3 Byrds","floor":19,"turns":6},{"damage":3,"enemies":"Snecko","floor":20,"turns":7},{"damage":26,"enemies":"Book of Stabbing","floor":23,"turns":6},{"damage":35,"enemies":"Slavers","floor":25,"turns":7},{"damage":3,"enemies":"Shelled Parasite and Fungi","floor":27,"turns":5},{"damage":5,"enemies":"Centurion and Healer","floor":28,"turns":7},{"damage":4,"enemies":"Book of Stabbing","floor":29,"turns":3}],"seed_played":"-3136736107423745643","potions_obtained":[{"floor":1,"key":"EntropicBrew"},{"floor":2,"key":"AttackPotion"},{"floor":10,"key":"Weak Potion"},{"floor":11,"key":"Poison Potion"},{"floor":16,"key":"Dexterity Potion"},{"floor":18,"key":"FocusPotion"},{"floor":23,"key":"Swift Potion"},{"floor":25,"key":"Energy Potion"}],"is_trial":false,"path_per_floor":["M","M","?","?","M","R","E","M","T","E","M","E","M","M","R","B",null,"M","M","M","$","?","E","R","E","T","M","M","E"],"character_chosen":"DEFECT","items_purchased":["Capacitor","Mayhem","Rebound+1","Fire Potion"],"campfire_rested":0,"item_purchase_floors":[21,21,21,21],"current_hp_per_floor":[72,71,71,56,56,62,57,52,52,39,39,30,10,10,22,19,75,66,61,58,58,58,32,47,12,12,9,4,0],"gold":313,"neow_bonus":"BOSS_RELIC","is_prod":false,"is_daily":false,"chose_seed":false,"campfire_upgraded":2,"win_rate":0,"timestamp":1546140387,"path_taken":["M","M","?","?","M","R","E","?","T","E","?","E","M","M","R","BOSS","M","?","M","?","?","E","R","E","T","?","M","E"],"build_version":"2018-12-20","purchased_purges":1,"victory":false,"max_hp_per_floor":[75,75,75,75,75,75,75,75,75,75,75,75,75,75,75,75,75,75,75,75,75,75,75,75,75,75,75,75,75],"card_choices":[{"not_picked":["Reprogram","Lockon"],"picked":"Glacier","floor":1},{"not_picked":["Streamline","Rebound"],"picked":"Turbo","floor":2},{"not_picked":["Redo","Gash"],"picked":"Ball Lightning","floor":5},{"not_picked":["Static Discharge","Ball Lightning"],"picked":"Cold Snap","floor":7},{"not_picked":["All For One","Steam"],"picked":"Conserve Battery","floor":8},{"not_picked":["Rebound","Scrape"],"picked":"Conserve Battery","floor":10},{"not_picked":["Redo","Darkness"],"picked":"Consume","floor":11},{"not_picked":["Auto Shields","Melter+1"],"picked":"Compile Driver+1","floor":12},{"not_picked":["Beam Cell+1","Reprogram"],"picked":"Ball Lightning+1","floor":13},{"not_picked":["Doom and Gloom+1","Coolheaded"],"picked":"Blizzard+1","floor":14},{"not_picked":["Hyperbeam+1","Core Surge+1"],"picked":"Seek","floor":16},{"not_picked":["Conserve Battery+1","Ball Lightning+1"],"picked":"Capacitor+1","floor":18},{"not_picked":["Steam","Hologram"],"picked":"Glacier+1","floor":19},{"not_picked":["Undo","All For One+1"],"picked":"Tempest","floor":20},{"not_picked":["Scrape+1","Reinforced Body"],"picked":"Barrage+1","floor":23},{"not_picked":["Barrage+1","Steam Power+1"],"picked":"Go for the Eyes+1","floor":25},{"not_picked":["Storm+1","Beam Cell+1"],"picked":"Go for the Eyes+1","floor":27},{"not_picked":["Beam Cell+1","Recycle"],"picked":"Defragment+1","floor":28}],"player_experience":138747,"relics_obtained":[{"floor":7,"key":"MawBank"},{"floor":10,"key":"Molten Egg 2"},{"floor":12,"key":"Sundial"},{"floor":23,"key":"Ice Cream"},{"floor":25,"key":"Bottled Flame"},{"floor":26,"key":"Omamori"}],"event_choices":[{"damage_healed":0,"gold_gain":0,"player_choice":"Ignored","damage_taken":0,"max_hp_gain":0,"max_hp_loss":0,"event_name":"Golden Wing","floor":3,"gold_loss":0},{"damage_healed":0,"gold_gain":0,"player_choice":"Entered Light","damage_taken":15,"max_hp_gain":0,"max_hp_loss":0,"event_name":"Shining Light","floor":4,"gold_loss":0,"cards_upgraded":["Strike_B","Strike_B"]},{"damage_healed":0,"gold_gain":0,"player_choice":"Gave Potion","damage_taken":0,"relics_obtained":["Frozen Egg 2"],"max_hp_gain":0,"max_hp_loss":0,"event_name":"WeMeetAgain","floor":22,"gold_loss":0}],"is_beta":false,"boss_relics":[{"not_picked":["Empty Cage","Nuclear Battery"],"picked":"Astrolabe"}],"items_purged_floors":[21],"is_endless":false,"potions_floor_spawned":[1,2,10,11,16,18,23,25],"killed_by":"Book of Stabbing","ascension_level":2}