{"gold_per_floor":[111,111,128,52,52,86,86,115,145,145,163,183,199,14,14,110,110,130,130],"floor_reached":19,"playtime":1051,"items_purged":[],"score":323,"play_id":"eb4c0d7a-4f5f-4816-93d3-0696137859bf","local_time":"20190306122604","is_ascension_mode":true,"campfire_choices":[{"data":"Shockwave","floor":7.0,"key":"SMITH"},{"data":"Searing Blow","floor":10.0,"key":"SMITH"},{"data":"Searing Blow+1","floor":15.0,"key":"SMITH"}],"neow_cost":"NONE","seed_source_timestamp":8410584842380,"circlet_count":0,"master_deck":["AscendersBane","Strike_R","Strike_R","Strike_R","Strike_R","Defend_R","Defend_R","Defend_R","Defend_R","Bash","Metallicize","Bloodletting","Carnage","Shockwave+1","Searing Blow+2","Demon Form","Armaments","Burning Pact","Exhume","Warcry"],"special_seed":0,"relics":["Black Blood","NeowsBlessing","Blue Candle","Turnip","Tiny Chest","Anchor"],"potions_floor_usage":[18,19],"damage_taken":[{"damage":0.0,"enemies":"2 Louse","floor":1.0,"turns":1.0},{"damage":0.0,"enemies":"Cultist","floor":3.0,"turns":1.0},{"damage":0.0,"enemies":"3 Sentries","floor":6.0,"turns":3.0},{"damage":22.0,"enemies":"Lagavulin","floor":8.0,"turns":5.0},{"damage":5.0,"enemies":"Small Slimes","floor":11.0,"turns":4.0},{"damage":20.0,"enemies":"Gremlin Gang","floor":12.0,"turns":5.0},{"damage":13.0,"enemies":"3 Louse","floor":13.0,"turns":3.0},{"damage":48.0,"enemies":"Slime Boss","floor":16.0,"turns":8.0},{"damage":13,"enemies":"Chosen","floor":18,"turns":6},{"damage":71,"enemies":"3 Byrds","floor":19,"turns":7}],"seed_played":"-117901600839271078","potions_obtained":[{"floor":1.0,"key":"PowerPotion"},{"floor":5.0,"key":"Fruit Juice"},{"floor":5.0,"key":"Weak Potion"},{"floor":16.0,"key":"Explosive Potion"},{"floor":18,"key":"BloodPotion"}],"is_trial":false,"path_per_floor":["M","?","M","$","?","E","R","E","T","R","M","M","M","$","R","B",null,"M","M"],"character_chosen":"IRONCLAD","items_purchased":["Carnage","Anchor","Burning Pact"],"campfire_rested":0,"item_purchase_floors":[4,14,14],"current_hp_per_floor":[78,78,80,80,85,85,85,69,69,69,70,56,49,49,49,7,66,63,0],"gold":130,"neow_bonus":"THREE_ENEMY_KILL","is_prod":false,"is_daily":false,"chose_seed":false,"campfire_upgraded":3,"win_rate":0,"timestamp":1551842764,"path_taken":["M","?","?","$","?","E","R","E","T","R","?","M","M","$","R","BOSS","M","M"],"build_version":"2019-01-23","purchased_purges":0,"victory":false,"max_hp_per_floor":[80,80,80,80,85,85,85,85,85,85,85,85,85,85,85,85,85,85,85],"card_choices":[{"not_picked":["Sentinel","Rage"],"picked":"Metallicize","floor":1.0},{"not_picked":["Wild Strike","Body Slam"],"picked":"Bloodletting","floor":3.0},{"not_picked":["Clothesline","True Grit"],"picked":"Shockwave","floor":6.0},{"not_picked":["Rage","Rampage"],"picked":"Searing Blow","floor":8.0},{"not_picked":["Pommel Strike","Shrug It Off"],"picked":"Demon Form","floor":11.0},{"not_picked":["Cleave","Wild Strike"],"picked":"Armaments","floor":12.0},{"not_picked":["Wild Strike","Havoc","Sword Boomerang"],"picked":"SKIP","floor":13.0},{"not_picked":["Immolate","Dark Embrace"],"picked":"Exhume","floor":16.0},{"not_picked":["Clash+1","Perfected Strike"],"picked":"Warcry","floor":18}],"player_experience":241195,"relics_obtained":[{"floor":6.0,"key":"Blue Candle"},{"floor":8.0,"key":"Turnip"},{"floor":9.0,"key":"Tiny Chest"}],"event_choices":[{"cards_removed":["Strike_R"],"damage_healed":0.0,"max_hp_gain":0.0,"max_hp_loss":0.0,"gold_gain":0.0,"event_name":"Bonfire Elementals","player_choice":"Offered Basic","floor":2.0,"gold_loss":0.0,"damage_taken":0.0},{"damage_healed":0.0,"max_hp_gain":0.0,"max_hp_loss":0.0,"gold_gain":0.0,"event_name":"Lab","player_choice":"Got Potions","floor":5.0,"gold_loss":0.0,"damage_taken":0.0}],"is_beta":false,"boss_relics":[{"not_picked":["Empty Cage","Runic Dome"],"picked":"Black Blood"}],"items_purged_floors":[],"is_endless":false,"potions_floor_spawned":[1,6,8,16,18],"killed_by":"3 Byrds","ascension_level":12}