{"gold_per_floor":[13,23,23,35,35,35,64,64,117,117,150,20,347,272,272,344,344,359,375,375,395,295,320,89,89,89,189,39,64,64,74,74,147,147,162,162,174,174,185,185,218,218,264,281,301,301,314,331,331,331,331,331,331,21,55,55],"floor_reached":57,"playtime":2255,"items_purged":["Strike_R","Strike_R","Strike_R","Defend_R","Bash"],"score":2901,"play_id":"e8ef0b2c-d4a6-47ff-8ce7-b759d5232a02","local_time":"20190217023920","is_ascension_mode":true,"campfire_choices":[{"data":"Flex","floor":6.0,"key":"SMITH"},{"data":"Flex","floor":8.0,"key":"SMITH"},{"data":"Limit Break","floor":10.0,"key":"SMITH"},{"data":"Sword Boomerang","floor":15.0,"key":"SMITH"},{"data":"Panacea","floor":25.0,"key":"SMITH"},{"data":"Shrug It Off","floor":32.0,"key":"SMITH"},{"data":"Ghostly Armor","floor":40.0,"key":"SMITH"},{"floor":42.0,"key":"RECALL"},{"data":"Deep Breath","floor":49.0,"key":"SMITH"},{"floor":53.0,"key":"REST"}],"neow_cost":"NO_GOLD","seed_source_timestamp":215579548908200,"circlet_count":0,"master_deck":["AscendersBane","Pummel","Flex+1","Pummel","Ghostly Armor+1","Limit Break+1","Flex+1","Sword Boomerang+1","Brutality","Pummel","RitualDagger","Intimidate+1","Panacea+1","Shrug It Off+1","Impervious","Flash of Steel","Deep Breath+1","Burning Pact"],"special_seed":0,"relics":["Burning Blood","Potion Belt","Happy Flower","Bag of Marbles","Old Coin","Runic Pyramid","Bronze Scales","Ginger","Shuriken","PreservedInsect","Pandora\u0027s Box","Sundial","Orichalcum","Anchor"],"potions_floor_usage":[55,56,56],"damage_taken":[{"damage":7.0,"enemies":"Jaw Worm","floor":1.0,"turns":3.0},{"damage":1.0,"enemies":"2 Louse","floor":2.0,"turns":3.0},{"damage":7.0,"enemies":"Small Slimes","floor":4.0,"turns":5.0},{"damage":10.0,"enemies":"3 Sentries","floor":7.0,"turns":8.0},{"damage":0.0,"enemies":"Lagavulin","floor":11.0,"turns":3.0},{"damage":0.0,"enemies":"3 Sentries","floor":13.0,"turns":4.0},{"damage":28.0,"enemies":"Hexaghost","floor":16.0,"turns":6.0},{"damage":0.0,"enemies":"Spheric Guardian","floor":18.0,"turns":2.0},{"damage":4.0,"enemies":"Chosen","floor":19.0,"turns":3.0},{"damage":4.0,"enemies":"3 Cultists","floor":21.0,"turns":3.0},{"damage":12.0,"enemies":"Book of Stabbing","floor":23.0,"turns":3.0},{"damage":28.0,"enemies":"Colosseum Slavers","floor":27.0,"turns":4.0},{"damage":0.0,"enemies":"Colosseum Nobs","floor":27.0,"turns":3.0},{"damage":2.0,"enemies":"Gremlin Leader","floor":29.0,"turns":4.0},{"damage":0.0,"enemies":"Snecko","floor":31.0,"turns":3.0},{"damage":40.0,"enemies":"Champ","floor":33.0,"turns":4.0},{"damage":11.0,"enemies":"3 Darklings","floor":35.0,"turns":3.0},{"damage":7.0,"enemies":"3 Shapes","floor":37.0,"turns":5.0},{"damage":0.0,"enemies":"Sphere and 2 Shapes","floor":39.0,"turns":4.0},{"damage":17.0,"enemies":"Reptomancer","floor":41.0,"turns":3.0},{"damage":0.0,"enemies":"Maw","floor":44.0,"turns":3.0},{"damage":0.0,"enemies":"4 Shapes","floor":45.0,"turns":12.0},{"damage":0.0,"enemies":"3 Darklings","floor":47.0,"turns":6.0},{"damage":6.0,"enemies":"Jaw Worm Horde","floor":48.0,"turns":4.0},{"damage":46.0,"enemies":"Donu and Deca","floor":50.0,"turns":4.0},{"damage":3.0,"enemies":"Awakened One","floor":51.0,"turns":5.0},{"damage":2,"enemies":"Shield and Spear","floor":55,"turns":3},{"damage":29,"enemies":"The Heart","floor":56,"turns":6}],"seed_played":"-1497290726589745622","potions_obtained":[{"floor":4.0,"key":"Weak Potion"},{"floor":7.0,"key":"PowerPotion"},{"floor":11.0,"key":"Explosive Potion"},{"floor":21.0,"key":"Strength Potion"},{"floor":29.0,"key":"Energy Potion"},{"floor":31.0,"key":"EssenceOfSteel"},{"floor":33.0,"key":"Poison Potion"},{"floor":35.0,"key":"FearPotion"},{"floor":44.0,"key":"LiquidBronze"},{"floor":45.0,"key":"SkillPotion"}],"is_trial":false,"path_per_floor":["M","M","?","M","?","R","E","R","T","R","E","$","E","?","R","B",null,"M","M","?","M","$","E","$","R","T","?","$","E","?","M","R","B",null,"M","?","M","?","M","R","E","R","T","M","M","?","M","M","R","B","B",null,"R","$","E","B",null],"character_chosen":"IRONCLAD","items_purchased":["Swift Potion","Panacea","Swift Potion","Burning Pact"],"campfire_rested":1,"item_purchase_floors":[12,24,54,54],"current_hp_per_floor":[67,72,65,64,46,46,42,42,42,42,48,48,54,54,54,32,64,70,72,66,68,68,62,62,62,62,46,46,50,50,56,56,22,62,57,57,56,56,62,62,51,51,51,57,63,53,59,59,59,19,22,59,71,71,71,48],"gold":55,"neow_bonus":"TRANSFORM_TWO_CARDS","is_prod":false,"is_daily":false,"chose_seed":false,"campfire_upgraded":8,"win_rate":0,"timestamp":1550338760,"path_taken":["M","M","?","M","?","R","E","R","T","R","E","$","E","?","R","BOSS","M","M","?","M","$","E","$","R","T","?","$","E","?","M","R","BOSS","M","?","M","?","M","R","E","R","T","?","M","?","M","M","R","BOSS","BOSS","R","$","E","BOSS"],"build_version":"2019-01-23","purchased_purges":5,"victory":true,"max_hp_per_floor":[75,75,75,75,75,75,75,75,75,75,75,75,75,75,75,75,75,75,75,75,75,75,75,75,75,75,75,75,75,75,75,75,75,75,75,71,71,71,71,71,71,71,71,71,71,71,71,71,71,71,71,71,71,71,71,71],"card_choices":[{"not_picked":["Headbutt","Heavy Blade"],"picked":"Pummel","floor":1.0},{"not_picked":["Heavy Blade","Perfected Strike"],"picked":"Ghostly Armor","floor":2.0},{"not_picked":["Clothesline","Uppercut"],"picked":"Limit Break","floor":4.0},{"not_picked":["Clothesline","Anger"],"picked":"Flex","floor":7.0},{"not_picked":["Shockwave","Spot Weakness"],"picked":"Sword Boomerang","floor":11.0},{"not_picked":["Demon Form","Sword Boomerang","True Grit"],"picked":"SKIP","floor":13.0},{"not_picked":["Demon Form","Immolate"],"picked":"Brutality","floor":16.0},{"not_picked":["Flex","Body Slam","Thunderclap"],"picked":"SKIP","floor":18.0},{"not_picked":["Perfected Strike","Metallicize"],"picked":"Pummel","floor":19.0},{"not_picked":["Disarm","Flex","Body Slam"],"picked":"SKIP","floor":21.0},{"not_picked":["Rampage","Hemokinesis"],"picked":"Intimidate+1","floor":23.0},{"not_picked":["Cleave","Headbutt+1","True Grit"],"picked":"SKIP","floor":29.0},{"not_picked":["Sentinel","Cleave","Perfected Strike"],"picked":"SKIP","floor":31.0},{"not_picked":["Fiend Fire","Immolate"],"picked":"Impervious","floor":33.0},{"not_picked":["Whirlwind","Armaments","Havoc+1"],"picked":"SKIP","floor":35.0},{"not_picked":["Body Slam+1","Sword Boomerang","Wild Strike"],"picked":"SKIP","floor":37.0},{"not_picked":["Pommel Strike","Uppercut","Warcry"],"picked":"SKIP","floor":39.0},{"not_picked":["Body Slam+1","Spot Weakness+1","Pommel Strike"],"picked":"SKIP","floor":41.0},{"not_picked":["Armaments","Immolate","Rupture"],"picked":"SKIP","floor":44.0},{"not_picked":["Armaments","Twin Strike","Metallicize"],"picked":"SKIP","floor":45.0},{"not_picked":["Violence","Finesse"],"picked":"Flash of Steel","floor":46.0},{"not_picked":["Bandage Up","Swift Strike"],"picked":"Deep Breath","floor":46.0},{"not_picked":["Dropkick","Headbutt","Anger"],"picked":"SKIP","floor":47.0},{"not_picked":["Anger","Seeing Red","Perfected Strike"],"picked":"SKIP","floor":48.0},{"not_picked":["Infernal Blade","True Grit+1","Inflame"],"picked":"SKIP","floor":55}],"player_experience":4313132,"relics_obtained":[{"floor":7.0,"key":"Happy Flower"},{"floor":9.0,"key":"Bag of Marbles"},{"floor":13.0,"key":"Old Coin"},{"floor":23.0,"key":"Bronze Scales"},{"floor":27.0,"key":"Ginger"},{"floor":27.0,"key":"Shuriken"},{"floor":29.0,"key":"PreservedInsect"},{"floor":41.0,"key":"Sundial"},{"floor":43.0,"key":"Orichalcum"},{"floor":55,"key":"Anchor"}],"event_choices":[{"cards_removed":["Defend_R"],"damage_healed":0.0,"max_hp_gain":0.0,"max_hp_loss":0.0,"gold_gain":0.0,"event_name":"Golden Wing","player_choice":"Card Removal","floor":3.0,"gold_loss":0.0,"damage_taken":7.0},{"damage_healed":0.0,"max_hp_gain":0.0,"max_hp_loss":0.0,"gold_gain":0.0,"event_name":"Scrap Ooze","player_choice":"Success","floor":5.0,"gold_loss":0.0,"damage_taken":18.0,"relics_obtained":["Potion Belt"]},{"cards_removed":["Defend_R"],"damage_healed":0.0,"max_hp_gain":0.0,"max_hp_loss":0.0,"gold_gain":0.0,"event_name":"The Cleric","player_choice":"Card Removal","floor":14.0,"gold_loss":75.0,"damage_taken":0.0},{"damage_healed":0.0,"max_hp_gain":0.0,"max_hp_loss":0.0,"gold_gain":0.0,"event_name":"Nest","player_choice":"Joined the Cult","floor":20.0,"gold_loss":0.0,"damage_taken":6.0,"cards_obtained":["RitualDagger"]},{"damage_healed":0.0,"max_hp_gain":0.0,"max_hp_loss":0.0,"gold_gain":0.0,"event_name":"Colosseum","player_choice":"Fight","floor":27.0,"gold_loss":0.0,"damage_taken":0.0},{"damage_healed":0.0,"max_hp_gain":0.0,"max_hp_loss":0.0,"gold_gain":0.0,"event_name":"Colosseum","player_choice":"Fought Nobs","floor":27.0,"gold_loss":0.0,"damage_taken":0.0},{"damage_healed":0.0,"max_hp_gain":0.0,"max_hp_loss":0.0,"gold_gain":0.0,"event_name":"The Library","player_choice":"Read","floor":30.0,"gold_loss":0.0,"damage_taken":0.0,"cards_obtained":["Shrug It Off"]},{"damage_healed":0.0,"max_hp_gain":0.0,"max_hp_loss":4.0,"gold_gain":0.0,"event_name":"Winding Halls","player_choice":"Max HP","floor":36.0,"gold_loss":0.0,"damage_taken":0.0},{"cards_removed":["Pommel Strike"],"damage_healed":0.0,"max_hp_gain":0.0,"max_hp_loss":0.0,"gold_gain":0.0,"event_name":"Wheel of Change","player_choice":"Card Removal","floor":38.0,"gold_loss":0.0,"damage_taken":0.0},{"damage_healed":0.0,"max_hp_gain":0.0,"max_hp_loss":0.0,"gold_gain":0.0,"event_name":"SensoryStone","player_choice":"Memory 3","floor":46.0,"gold_loss":0.0,"damage_taken":10.0}],"is_beta":false,"boss_relics":[{"not_picked":["Ectoplasm","Tiny House"],"picked":"Runic Pyramid"},{"not_picked":["Sozu","Runic Dome"],"picked":"Pandora\u0027s Box"}],"items_purged_floors":[12,22,24,28,54],"is_endless":false,"potions_floor_spawned":[4,7,11,21,27,29,31,33,35,44,45],"ascension_level":20}