{"gold_per_floor":[111,161,179,179,179,179,195,195,195,195,210,210,228,238,252,252,353,353,366,276,201,211,211,211,237,248,248,248,248,279,24,35,49,49,150,150,161,161,36,48,48,48,48,68,95,95,115,126,126,126,126,126,126,126,126,26,52,52],"floor_reached":58,"playtime":2219,"items_purged":["Clash","Perfected Strike+1","Injury"],"score":764,"play_id":"4622e158-8c86-4423-ae54-317f265c8c39","local_time":"20190207233626","is_ascension_mode":false,"campfire_choices":[{"data":"Inflame","floor":6,"key":"SMITH"},{"data":"Battle Trance","floor":8,"key":"SMITH"},{"data":"Rage","floor":16,"key":"SMITH"},{"data":"Barricade","floor":24,"key":"SMITH"},{"data":"Spot Weakness","floor":29,"key":"SMITH"},{"floor":34,"key":"RECALL"},{"data":"Dark Embrace","floor":42,"key":"SMITH"},{"data":"Dark Embrace","floor":50,"key":"SMITH"},{"floor":52,"key":"REST"},{"data":"Heavy Blade","floor":55,"key":"SMITH"}],"neow_cost":"NONE","seed_source_timestamp":706580270819800,"circlet_count":0,"master_deck":["Spot Weakness+1","Iron Wave+1","Twin Strike","Whirlwind+1","Rage+1","Seeing Red+1","Battle Trance+1","Feel No Pain+1","Reckless Charge+1","Double Tap+1","Inflame+1","Heavy Blade+1","Anger+1","Barricade+1","Anger+1","Fiend Fire","Disarm+1","Sever Soul+1","Perfected Strike","Dark Embrace+1","Dark Embrace+1","Flex+1","Perfected Strike","Heavy Blade+1","Anger+1","Combust","Feed"],"relics":["Astrolabe","NlothsMask","Velvet Choker","Shuriken","Whetstone","Turnip","Happy Flower","Calling Bell","Bag of Marbles","Mercury Hourglass","FossilizedHelix","War Paint"],"potions_floor_usage":[19,30,35,35,44,44,53,53,58,58],"damage_taken":[{"damage":0,"enemies":"2 Louse","floor":1,"turns":3},{"damage":0,"enemies":"Jaw Worm","floor":3,"turns":2},{"damage":0,"enemies":"Small Slimes","floor":7,"turns":1},{"damage":0,"enemies":"Red Slaver","floor":11,"turns":1},{"damage":0,"enemies":"Blue Slaver","floor":13,"turns":1},{"damage":5,"enemies":"2 Fungi Beasts","floor":14,"turns":2},{"damage":5,"enemies":"Exordium Thugs","floor":15,"turns":3},{"damage":0,"enemies":"Slime Boss","floor":17,"turns":3},{"damage":3,"enemies":"2 Thieves","floor":19,"turns":2},{"damage":6,"enemies":"Chosen","floor":22,"turns":3},{"damage":0,"enemies":"Gremlin Leader","floor":25,"turns":3},{"damage":0,"enemies":"3 Cultists","floor":26,"turns":4},{"damage":18,"enemies":"Slavers","floor":30,"turns":4},{"damage":0,"enemies":"Cultist and Chosen","floor":32,"turns":4},{"damage":0,"enemies":"Snecko","floor":33,"turns":3},{"damage":28,"enemies":"Champ","floor":35,"turns":7},{"damage":6,"enemies":"3 Darklings","floor":37,"turns":4},{"damage":0,"enemies":"Orb Walker","floor":40,"turns":2},{"damage":0,"enemies":"3 Darklings","floor":44,"turns":4},{"damage":14,"enemies":"Jaw Worm Horde","floor":47,"turns":4},{"damage":0,"enemies":"Transient","floor":48,"turns":5},{"damage":61,"enemies":"Time Eater","floor":53,"turns":9},{"damage":55,"enemies":"Shield and Spear","floor":57,"turns":5},{"damage":50,"enemies":"The Heart","floor":58,"turns":2}],"seed_played":"-7960217916100357153","potions_obtained":[{"floor":1,"key":"Weak Potion"},{"floor":14,"key":"Explosive Potion"},{"floor":15,"key":"LiquidBronze"},{"floor":19,"key":"FearPotion"},{"floor":22,"key":"Fire Potion"},{"floor":30,"key":"BloodPotion"},{"floor":35,"key":"SneckoOil"},{"floor":40,"key":"Fire Potion"},{"floor":47,"key":"SpeedPotion"},{"floor":48,"key":"SpeedPotion"},{"floor":57,"key":"FearPotion"}],"is_trial":false,"path_per_floor":["M","?","M","?","?","R","M","R","T","T","M","?","M","M","M","R","B",null,"M","?","$","M","?","R","E","M","T","T","R","E","$","M","M","R","B",null,"M","?","$","M","?","R","$","M","T","T","M","M","?","R","$","R","B",null,"R","$","E","B"],"character_chosen":"IRONCLAD","items_purchased":["Happy Flower","SkillPotion","SpeedPotion"],"campfire_rested":1,"item_purchase_floors":[31,56,56],"current_hp_per_floor":[80,80,80,64,64,64,64,64,64,64,64,80,80,75,70,70,70,80,77,77,77,71,71,71,71,71,71,71,71,53,53,53,53,53,33,80,74,74,74,74,74,74,74,74,74,74,60,60,60,60,60,73,12,73,73,73,18,0],"gold":52,"neow_bonus":"BOSS_RELIC","is_prod":false,"is_daily":false,"chose_seed":false,"campfire_upgraded":8,"win_rate":0,"timestamp":1549550186,"path_taken":["M","?","M","?","?","R","?","R","T","M","?","?","M","M","R","BOSS","M","?","?","M","?","R","E","M","T","R","E","$","M","M","R","BOSS","M","?","$","M","?","R","$","M","T","?","M","?","R","$","R","BOSS","R","$","E","BOSS"],"build_version":"2019-01-23","purchased_purges":3,"victory":false,"max_hp_per_floor":[80,80,80,80,80,80,80,80,80,80,80,80,80,80,80,80,80,80,80,80,80,80,80,80,80,80,80,80,80,80,80,80,80,80,80,80,80,80,80,80,77,77,77,77,77,77,77,77,73,73,73,73,73,73,73,73,73,73],"card_choices":[{"not_picked":["Thunderclap","Armaments"],"picked":"Inflame","floor":1},{"not_picked":["Feel No Pain","Shrug It Off"],"picked":"Clash","floor":3},{"not_picked":["Perfected Strike","Pommel Strike"],"picked":"Clash","floor":7},{"not_picked":["Pommel Strike","Thunderclap"],"picked":"Combust","floor":11},{"not_picked":["Rampage","Wild Strike"],"picked":"Heavy Blade","floor":14},{"not_picked":["Rage","Warcry"],"picked":"Anger","floor":15},{"not_picked":["Exhume","Demon Form"],"picked":"Barricade","floor":17},{"not_picked":["Carnage+1","Shrug It Off"],"picked":"Anger","floor":19},{"not_picked":["Entrench","Power Through+1"],"picked":"Perfected Strike","floor":22},{"not_picked":["Shrug It Off","Armaments"],"picked":"Fiend Fire","floor":25},{"not_picked":["Heavy Blade","Armaments"],"picked":"Disarm+1","floor":26},{"not_picked":["True Grit","Sword Boomerang"],"picked":"Sever Soul+1","floor":30},{"not_picked":["Burning Pact+1","Clash"],"picked":"Perfected Strike","floor":32},{"not_picked":["Headbutt","Spot Weakness+1"],"picked":"Dark Embrace","floor":33},{"not_picked":["Fiend Fire","Impervious"],"picked":"Dark Embrace","floor":35},{"not_picked":["Warcry","Pommel Strike"],"picked":"Flex+1","floor":37},{"not_picked":["Iron Wave","Headbutt+1"],"picked":"Perfected Strike","floor":40},{"not_picked":["Battle Trance+1","True Grit"],"picked":"Heavy Blade+1","floor":44},{"not_picked":["Headbutt","Power Through"],"picked":"Anger+1","floor":47},{"not_picked":["Rampage","Power Through"],"picked":"Combust","floor":48},{"not_picked":["Entrench+1","True Grit+1"],"picked":"Feed","floor":57}],"player_experience":4212374,"relics_obtained":[{"floor":25,"key":"Shuriken"},{"floor":27,"key":"Whetstone"},{"floor":30,"key":"Turnip"},{"floor":36,"key":"Bag of Marbles"},{"floor":36,"key":"Mercury Hourglass"},{"floor":36,"key":"FossilizedHelix"},{"floor":57,"key":"War Paint"}],"event_choices":[{"damage_healed":0,"gold_gain":50,"player_choice":"Gained Gold","damage_taken":0,"max_hp_gain":0,"max_hp_loss":0,"event_name":"Golden Wing","floor":2,"gold_loss":0},{"damage_healed":0,"gold_gain":0,"player_choice":"Entered Light","damage_taken":16,"max_hp_gain":0,"max_hp_loss":0,"event_name":"Shining Light","floor":4,"gold_loss":0,"cards_upgraded":["Whirlwind","Iron Wave"]},{"damage_healed":0,"gold_gain":0,"player_choice":"Trade","damage_taken":0,"relics_obtained":["NlothsMask"],"max_hp_gain":0,"max_hp_loss":0,"event_name":"FaceTrader","floor":5,"gold_loss":0},{"cards_removed":["Combust"],"damage_healed":16,"gold_gain":0,"player_choice":"Offered Uncommon","damage_taken":0,"max_hp_gain":0,"max_hp_loss":0,"event_name":"Bonfire Elementals","floor":12,"gold_loss":0},{"cards_removed":["Clash"],"damage_healed":0,"gold_gain":0,"player_choice":"Upgrade and Remove","damage_taken":0,"max_hp_gain":0,"max_hp_loss":0,"event_name":"Designer","floor":20,"gold_loss":90,"cards_upgraded":["Anger"]},{"damage_healed":0,"gold_gain":0,"player_choice":"Ignored","damage_taken":0,"max_hp_gain":0,"max_hp_loss":0,"event_name":"Vampires","floor":23,"gold_loss":0},{"damage_healed":0,"gold_gain":0,"player_choice":"Memory 1","damage_taken":0,"max_hp_gain":0,"max_hp_loss":0,"event_name":"SensoryStone","floor":38,"gold_loss":0},{"cards_removed":["Parasite","Injury"],"damage_healed":0,"gold_gain":0,"player_choice":"Removed Curses","damage_taken":0,"max_hp_gain":0,"max_hp_loss":0,"event_name":"Fountain of Cleansing","floor":41,"gold_loss":0},{"damage_healed":0,"gold_gain":0,"player_choice":"Max HP","damage_taken":0,"max_hp_gain":0,"max_hp_loss":4,"event_name":"Winding Halls","floor":49,"gold_loss":0}],"is_beta":false,"boss_relics":[{"not_picked":["Runic Pyramid","Tiny House"],"picked":"Velvet Choker"},{"not_picked":["Orrery","Pandora\u0027s Box"],"picked":"Calling Bell"}],"items_purged_floors":[21,31,39],"is_endless":false,"potions_floor_spawned":[1,14,15,17,19,22,30,35,40,47,48,57],"killed_by":"The Heart","ascension_level":0}