{"gold_per_floor":[109,121,141,151,151,163,198,198,198,2,37,37,37,47,47,145,145,161,161,161,179,192,225,243,243,296,296,312,330,358,358,358,358],"floor_reached":33,"playtime":1778,"items_purged":["Strike_R"],"score":424,"play_id":"db78390e-5147-420f-aef1-36f89fa5d86f","local_time":"20190125234038","is_ascension_mode":false,"campfire_choices":[{"data":"Rupture","floor":13,"key":"SMITH"},{"data":"Battle Trance","floor":15,"key":"SMITH"},{"data":"True Grit","floor":25,"key":"SMITH"},{"floor":27,"key":"REST"},{"floor":32,"key":"REST"}],"neow_cost":"NONE","seed_source_timestamp":541023704271647,"circlet_count":0,"master_deck":["Strike_R","Strike_R","Strike_R","Strike_R","Bash","Wild Strike","Carnage","Combust","Rampage","Pommel Strike","Brutality","Purity","Rupture+1","True Grit+1","Metallicize","Battle Trance+1","Feed","Armaments","theJungle:Gourd","theJungle:Gourd","theJungle:Gourd","theJungle:Gourd","theJungle:Gourd","Pain","Evolve","Rage+1","Shrug It Off+1","Reaper","Dual Wield","Burning Pact+1"],"relics":["Burning Blood","PreservedInsect","Bird Faced Urn","Vajra","Boot","Runic Pyramid","WarpedTongs","Mummified Hand","Dream Catcher","Oddly Smooth Stone","Art of War"],"potions_floor_usage":[7,33,33],"damage_taken":[{"damage":10,"enemies":"Jaw Worm","floor":1,"turns":5},{"damage":0,"enemies":"Cultist","floor":2,"turns":2},{"damage":2,"enemies":"2 Louse","floor":3,"turns":2},{"damage":13,"enemies":"Gremlin Gang","floor":4,"turns":3},{"damage":16,"enemies":"Exordium Wildlife","floor":6,"turns":4},{"damage":21,"enemies":"Lagavulin","floor":7,"turns":4},{"damage":7,"enemies":"Gremlin Nob","floor":11,"turns":3},{"damage":12,"enemies":"Blue Slaver","floor":14,"turns":5},{"damage":18,"enemies":"The Guardian","floor":16,"turns":11},{"damage":34,"enemies":"Shell Parasite","floor":18,"turns":6},{"damage":12,"enemies":"theJungle:5_Spyders","floor":21,"turns":8},{"damage":34,"enemies":"theJungle:JungleHuntersEncounter","floor":22,"turns":9},{"damage":33,"enemies":"theJungle:MamaSnecko","floor":23,"turns":7},{"damage":8,"enemies":"theJungle:Lyon","floor":24,"turns":5},{"damage":7,"enemies":"theJungle:2_Snecko_Cultists","floor":28,"turns":5},{"damage":66,"enemies":"theJungle:2_Flameangoes","floor":29,"turns":7},{"damage":37,"enemies":"theJungle:2_Phrogs","floor":30,"turns":7},{"damage":81,"enemies":"theJungle:TotemBoss","floor":33,"turns":8}],"seed_played":"6504621565881767101","potions_obtained":[{"floor":2,"key":"SpeedPotion"},{"floor":6,"key":"Weak Potion"},{"floor":7,"key":"AttackPotion"},{"floor":16,"key":"Strength Potion"}],"is_trial":false,"path_per_floor":["M","M","M","M","?","M","E","?","T","$","E","$","R","M","R","B",null,"M","?","?","M","M","E","M","R","T","R","M","M","E","T","R","B"],"character_chosen":"IRONCLAD","items_purchased":["True Grit","Metallicize"],"campfire_rested":2,"item_purchase_floors":[10,10],"current_hp_per_floor":[76,80,80,73,73,63,48,90,90,90,90,90,90,90,90,80,90,71,71,71,73,53,38,46,46,46,75,87,54,35,35,67,0],"gold":358,"neow_bonus":"RANDOM_COMMON_RELIC","is_prod":false,"is_daily":false,"chose_seed":false,"campfire_upgraded":3,"win_rate":0,"timestamp":1548427238,"path_taken":["M","M","M","M","?","?","E","?","T","$","E","?","R","M","R","BOSS","M","?","?","M","M","E","?","R","T","R","M","M","E","?","R","BOSS"],"build_version":"2019-01-23","purchased_purges":1,"victory":false,"max_hp_per_floor":[80,80,80,80,80,80,80,90,90,90,90,90,90,90,90,90,90,93,93,93,93,93,97,97,97,97,97,100,104,108,108,108,111],"card_choices":[{"not_picked":["Dual Wield","Clothesline"],"picked":"Wild Strike","floor":1},{"not_picked":["Anger","Pummel"],"picked":"Carnage","floor":2},{"not_picked":["Headbutt","Heavy Blade"],"picked":"Combust","floor":3},{"not_picked":["Entrench","Thunderclap"],"picked":"Rampage","floor":4},{"not_picked":["Carnage","Second Wind"],"picked":"Bludgeon","floor":6},{"not_picked":["Infernal Blade","Headbutt"],"picked":"Rupture","floor":7},{"not_picked":["Clash","True Grit"],"picked":"Battle Trance","floor":11},{"not_picked":["Sever Soul","Pommel Strike","Flex"],"picked":"SKIP","floor":14},{"not_picked":["Berserk","Offering"],"picked":"Feed","floor":16},{"not_picked":["Shockwave","Anger"],"picked":"Armaments","floor":18},{"not_picked":["Clash","Perfected Strike","Cleave+1"],"picked":"SKIP","floor":21},{"not_picked":["Clash+1","Body Slam","Infernal Blade"],"picked":"SKIP","floor":22},{"not_picked":["Perfected Strike+1","Pommel Strike"],"picked":"Evolve","floor":23},{"not_picked":["Thunderclap+1","Perfected Strike+1"],"picked":"Rage+1","floor":24},{"not_picked":["Headbutt+1","Wild Strike"],"picked":"Shrug It Off+1","floor":27},{"not_picked":["Reckless Charge+1","Dual Wield"],"picked":"Reaper","floor":28},{"not_picked":["Armaments+1","Flex","Rampage"],"picked":"SKIP","floor":29},{"not_picked":["Flex","Rupture+1"],"picked":"Dual Wield","floor":30},{"not_picked":["Clothesline","Headbutt+1"],"picked":"Burning Pact+1","floor":32}],"player_experience":4143996,"relics_obtained":[{"floor":7,"key":"Bird Faced Urn"},{"floor":9,"key":"Vajra"},{"floor":11,"key":"Boot"},{"floor":23,"key":"Mummified Hand"},{"floor":26,"key":"Dream Catcher"},{"floor":30,"key":"Oddly Smooth Stone"},{"floor":31,"key":"Art of War"}],"event_choices":[{"damage_healed":0,"gold_gain":0,"player_choice":"3 cards matched","damage_taken":0,"max_hp_gain":0,"max_hp_loss":0,"event_name":"Match and Keep!","floor":5,"gold_loss":0,"cards_obtained":["Pommel Strike","Brutality","Purity"]},{"cards_removed":["Bludgeon"],"damage_healed":32,"gold_gain":0,"player_choice":"Offered Rare","damage_taken":0,"max_hp_gain":10,"max_hp_loss":0,"event_name":"Bonfire Elementals","floor":8,"gold_loss":0},{"damage_healed":0,"gold_gain":0,"player_choice":"Rummage","damage_taken":0,"relics_obtained":["WarpedTongs"],"max_hp_gain":0,"max_hp_loss":0,"event_name":"Accursed Blacksmith","floor":20,"gold_loss":0,"cards_obtained":["Pain"]}],"is_beta":false,"boss_relics":[{"not_picked":["Tiny House","Black Star"],"picked":"Runic Pyramid"}],"items_purged_floors":[10],"is_endless":false,"potions_floor_spawned":[2,6,7,16,18,21,24,28],"killed_by":"theJungle:TotemBoss","ascension_level":0}