{"gold_per_floor":[17,36,50,50,50,50,66,66,143,176,196,207,226,245,245,316,316,332,332],"floor_reached":19,"playtime":1201,"items_purged":[],"score":329,"play_id":"59961a88-4afd-424e-9db4-3352b7e80622","local_time":"20190317203959","is_ascension_mode":true,"campfire_choices":[{"data":"Body Slam","floor":6.0,"key":"SMITH"},{"data":"Second Wind","floor":8.0,"key":"SMITH"},{"data":"Shrug It Off","floor":15,"key":"SMITH"}],"neow_cost":"NO_GOLD","seed_source_timestamp":253943479458898,"circlet_count":0,"master_deck":["AscendersBane","Strike_R","Strike_R","Strike_R","Strike_R","Defend_R","Defend_R","Defend_R","Defend_R","Bash","Headbutt","Body Slam+1","Shrug It Off+1","Second Wind+1","Headbutt","Wild Strike","Metallicize","Battle Trance","Impervious","Second Wind+1"],"special_seed":0,"relics":["Black Blood","Calipers","Blood Vial"],"potions_floor_usage":[],"damage_taken":[{"damage":11.0,"enemies":"Jaw Worm","floor":1.0,"turns":4.0},{"damage":7.0,"enemies":"Small Slimes","floor":2.0,"turns":3.0},{"damage":1.0,"enemies":"Cultist","floor":3.0,"turns":3.0},{"damage":8.0,"enemies":"2 Fungi Beasts","floor":7.0,"turns":3.0},{"damage":47.0,"enemies":"3 Sentries","floor":10.0,"turns":14.0},{"damage":15.0,"enemies":"Gremlin Gang","floor":11.0,"turns":5.0},{"damage":1,"enemies":"Large Slime","floor":12,"turns":5},{"damage":3,"enemies":"Looter","floor":13,"turns":2},{"damage":7,"enemies":"2 Fungi Beasts","floor":14,"turns":3},{"damage":33,"enemies":"Hexaghost","floor":16,"turns":14},{"damage":41,"enemies":"3 Byrds","floor":18,"turns":10},{"damage":34,"enemies":"Shell Parasite","floor":19,"turns":8}],"seed_played":"8906752831542181320","potions_obtained":[{"floor":1.0,"key":"SpeedPotion"},{"floor":3.0,"key":"Regen Potion"},{"floor":7.0,"key":"Energy Potion"},{"floor":11.0,"key":"SpeedPotion"}],"is_trial":false,"path_per_floor":["M","M","M","?","?","R","M","R","T","E","M","M","M","M","R","B",null,"M","M"],"character_chosen":"IRONCLAD","items_purchased":[],"campfire_rested":0,"item_purchase_floors":[],"current_hp_per_floor":[63,62,67,67,67,67,65,65,65,39,32,39,44,45,45,20,61,32,0],"gold":332,"neow_bonus":"ONE_RARE_RELIC","is_prod":false,"is_daily":false,"chose_seed":false,"campfire_upgraded":3,"win_rate":0,"timestamp":1552822799,"path_taken":["M","M","M","?","?","R","M","R","T","E","M","M","M","M","R","BOSS","M","M"],"build_version":"2019-01-23","purchased_purges":0,"victory":false,"max_hp_per_floor":[75,75,75,75,75,75,75,75,75,75,75,75,75,75,75,75,75,75,75],"card_choices":[{"not_picked":["Anger","Thunderclap"],"picked":"Headbutt","floor":1.0},{"not_picked":["Twin Strike","Iron Wave"],"picked":"Body Slam","floor":2.0},{"not_picked":["Infernal Blade","Thunderclap"],"picked":"Shrug It Off","floor":3.0},{"not_picked":["Blood for Blood","Armaments"],"picked":"Second Wind","floor":7.0},{"not_picked":["Searing Blow","Clash"],"picked":"Headbutt","floor":10.0},{"not_picked":["Warcry","Immolate"],"picked":"Wild Strike","floor":11.0},{"not_picked":["Heavy Blade","Headbutt"],"picked":"Metallicize","floor":12},{"not_picked":["Body Slam","Iron Wave","Cleave"],"picked":"SKIP","floor":13},{"not_picked":["Twin Strike","Clothesline"],"picked":"Battle Trance","floor":14},{"not_picked":["Bludgeon","Reaper"],"picked":"Impervious","floor":16},{"not_picked":["Thunderclap","Body Slam"],"picked":"Second Wind+1","floor":18}],"player_experience":345327,"relics_obtained":[{"floor":10.0,"key":"Blood Vial"}],"event_choices":[{"damage_healed":0.0,"max_hp_gain":0.0,"max_hp_loss":0.0,"gold_gain":0.0,"event_name":"Liars Game","player_choice":"Ignored","floor":4.0,"gold_loss":0.0,"damage_taken":0.0},{"cards_removed":["Strike_R"],"damage_healed":0.0,"max_hp_gain":0.0,"max_hp_loss":0.0,"gold_gain":0.0,"event_name":"Bonfire Elementals","player_choice":"Offered Basic","floor":5.0,"gold_loss":0.0,"damage_taken":0.0}],"is_beta":false,"boss_relics":[{"not_picked":["Coffee Dripper","Ectoplasm"],"picked":"Black Blood"}],"items_purged_floors":[],"is_endless":false,"potions_floor_spawned":[1,3,7,11,16],"killed_by":"Shell Parasite","ascension_level":18}