{"gold_per_floor":[110,129,204,218,183,183,196,196,267,278,357,368,368,399,399,399],"floor_reached":16,"playtime":1223,"items_purged":[],"score":281,"play_id":"9976465f-f00a-47c8-876b-503dc35c196e","local_time":"20190308132044","is_ascension_mode":true,"campfire_choices":[{"data":"Corruption","floor":6.0,"key":"SMITH"},{"data":"Heavy Blade","floor":8.0,"key":"SMITH"},{"floor":13.0,"key":"REST"},{"floor":15,"key":"REST"}],"neow_cost":"NONE","seed_source_timestamp":11701905717502,"circlet_count":0,"master_deck":["AscendersBane","Bash","Impervious","True Grit","Flame Barrier","Brutality","Ghostly Armor","Demon Form","Sever Soul","Rampage","Twin Strike","Corruption+1","Heavy Blade+1","Headbutt","Shrug It Off","Burning Pact","Dark Embrace"],"special_seed":0,"relics":["Pandora\u0027s Box","Blue Candle","Blood Vial"],"potions_floor_usage":[14,16],"damage_taken":[{"damage":0.0,"enemies":"2 Louse","floor":1.0,"turns":4.0},{"damage":5.0,"enemies":"Jaw Worm","floor":2.0,"turns":5.0},{"damage":10.0,"enemies":"Cultist","floor":4.0,"turns":5.0},{"damage":1.0,"enemies":"Looter","floor":7.0,"turns":4.0},{"damage":12.0,"enemies":"Exordium Thugs","floor":10.0,"turns":6.0},{"damage":28.0,"enemies":"Exordium Wildlife","floor":12.0,"turns":6.0},{"damage":38,"enemies":"Gremlin Nob","floor":14,"turns":5}],"seed_played":"9124410809159522464","potions_obtained":[{"floor":1.0,"key":"FearPotion"},{"floor":2.0,"key":"Swift Potion"},{"floor":4.0,"key":"Block Potion"}],"is_trial":false,"path_per_floor":["M","M","?","M","?","R","M","R","T","M","T","M","R","E","R","B"],"character_chosen":"IRONCLAD","items_purchased":[],"campfire_rested":2,"item_purchase_floors":[],"current_hp_per_floor":[68,63,52,42,60,60,59,59,59,47,47,19,41,3,25,0],"gold":399,"neow_bonus":"BOSS_RELIC","is_prod":false,"is_daily":false,"chose_seed":false,"campfire_upgraded":2,"win_rate":0,"timestamp":1552018844,"path_taken":["M","M","?","M","?","R","M","R","T","M","?","?","R","E","R","BOSS"],"build_version":"2019-01-23","purchased_purges":0,"victory":false,"max_hp_per_floor":[75,75,75,75,75,75,75,75,75,75,75,75,75,75,75,75],"card_choices":[{"not_picked":["Reckless Charge","Flex"],"picked":"Corruption","floor":1.0},{"not_picked":["Second Wind","Intimidate"],"picked":"Heavy Blade","floor":2.0},{"not_picked":["Body Slam","Warcry"],"picked":"Headbutt","floor":4.0},{"not_picked":["Rampage","Sword Boomerang","Anger"],"picked":"SKIP","floor":7.0},{"not_picked":["Searing Blow","Intimidate"],"picked":"Shrug It Off","floor":10.0},{"not_picked":["Body Slam","Disarm"],"picked":"Burning Pact","floor":12.0},{"not_picked":["Whirlwind","Sever Soul"],"picked":"Dark Embrace","floor":14}],"player_experience":264020,"relics_obtained":[{"floor":11.0,"key":"Blue Candle"},{"floor":14,"key":"Blood Vial"}],"event_choices":[{"damage_healed":0.0,"max_hp_gain":0.0,"max_hp_loss":0.0,"gold_gain":75.0,"event_name":"World of Goop","player_choice":"Gather Gold","floor":3.0,"gold_loss":0.0,"damage_taken":11.0},{"damage_healed":18.0,"max_hp_gain":0.0,"max_hp_loss":0.0,"gold_gain":0.0,"event_name":"The Cleric","player_choice":"Healed","floor":5.0,"gold_loss":35.0,"damage_taken":0.0}],"is_beta":false,"boss_relics":[],"items_purged_floors":[],"is_endless":false,"potions_floor_spawned":[1,2,4],"killed_by":"The Guardian","ascension_level":17}