{"gold_per_floor":[115,127,127,140,159,159,172,200,224,189,189,189,189,207,207,207],"floor_reached":16,"playtime":467,"items_purged":[],"score":189,"play_id":"398ae010-ef7d-42e0-a6d9-e24aad613cac","local_time":"20190315130106","is_ascension_mode":true,"campfire_choices":[{"data":"Rage","floor":6.0,"key":"SMITH"},{"data":"Heavy Blade","floor":11.0,"key":"SMITH"},{"floor":13.0,"key":"REST"},{"data":"Anger","floor":15,"key":"SMITH"}],"neow_cost":"NONE","seed_source_timestamp":11399479361381,"circlet_count":0,"master_deck":["AscendersBane","Strike_R","Strike_R","Strike_R","Strike_R","Defend_R","Defend_R","Defend_R","Defend_R","Bash","Power Through","Dual Wield","Rage+1","Inflame","Anger+1","Heavy Blade+1"],"special_seed":0,"relics":["Burning Blood","NeowsBlessing","Mango","Juzu Bracelet","Golden Idol"],"potions_floor_usage":[],"damage_taken":[{"damage":0.0,"enemies":"Cultist","floor":1.0,"turns":1.0},{"damage":0.0,"enemies":"Small Slimes","floor":2.0,"turns":1.0},{"damage":0.0,"enemies":"Jaw Worm","floor":4.0,"turns":1.0},{"damage":11.0,"enemies":"Looter","floor":5.0,"turns":3.0},{"damage":17.0,"enemies":"Blue Slaver","floor":7.0,"turns":7.0},{"damage":38.0,"enemies":"Lagavulin","floor":8.0,"turns":7.0},{"damage":26.0,"enemies":"Exordium Thugs","floor":14.0,"turns":5.0},{"damage":37,"enemies":"Hexaghost","floor":16,"turns":8}],"seed_played":"-8125928833565897380","potions_obtained":[{"floor":1.0,"key":"Explosive Potion"},{"floor":5.0,"key":"Explosive Potion"}],"is_trial":false,"path_per_floor":["M","M","?","M","M","R","M","E","T","?","R","?","R","M","R","B"],"character_chosen":"IRONCLAD","items_purchased":[],"campfire_rested":1,"item_purchase_floors":[],"current_hp_per_floor":[74,75,68,74,69,69,58,40,40,62,62,31,57,37,37,0],"gold":207,"neow_bonus":"THREE_ENEMY_KILL","is_prod":false,"is_daily":false,"chose_seed":false,"campfire_upgraded":3,"win_rate":0,"timestamp":1552622466,"path_taken":["M","M","?","M","M","R","M","E","T","?","R","?","R","M","R","BOSS"],"build_version":"2019-01-23","purchased_purges":0,"victory":false,"max_hp_per_floor":[75,75,75,75,75,75,75,89,89,89,89,89,89,89,89,89],"card_choices":[{"not_picked":["Twin Strike","Heavy Blade"],"picked":"Power Through","floor":1.0},{"not_picked":["Pommel Strike","Shrug It Off"],"picked":"Dual Wield","floor":2.0},{"not_picked":["Sword Boomerang","Havoc"],"picked":"Rage","floor":4.0},{"not_picked":["Wild Strike","Havoc"],"picked":"Inflame","floor":5.0},{"not_picked":["Clash","Perfected Strike"],"picked":"Anger","floor":7.0},{"not_picked":["Ghostly Armor","True Grit"],"picked":"Heavy Blade","floor":8.0},{"not_picked":["Pommel Strike","Perfected Strike","Sever Soul"],"picked":"SKIP","floor":14.0}],"player_experience":328448,"relics_obtained":[{"floor":8.0,"key":"Mango"},{"floor":9.0,"key":"Juzu Bracelet"}],"event_choices":[{"cards_removed":["Strike_R"],"damage_healed":0.0,"max_hp_gain":0.0,"max_hp_loss":0.0,"gold_gain":0.0,"event_name":"Golden Wing","player_choice":"Card Removal","floor":3.0,"gold_loss":0.0,"damage_taken":7.0},{"damage_healed":22.0,"max_hp_gain":0.0,"max_hp_loss":0.0,"gold_gain":0.0,"event_name":"The Cleric","player_choice":"Healed","floor":10.0,"gold_loss":35.0,"damage_taken":0.0},{"damage_healed":0.0,"max_hp_gain":0.0,"max_hp_loss":0.0,"gold_gain":0.0,"event_name":"Golden Idol","player_choice":"Take Damage","floor":12.0,"gold_loss":0.0,"damage_taken":31.0,"relics_obtained":["Golden Idol"]}],"is_beta":false,"boss_relics":[],"items_purged_floors":[],"is_endless":false,"potions_floor_spawned":[1,5],"killed_by":"Hexaghost","ascension_level":17}