{"gold_per_floor":[119,133,152,167,177,177,212,212,265,265],"floor_reached":10,"playtime":279,"items_purged":[],"score":140,"play_id":"9394cc06-a802-4c73-bb10-03985f2559bd","local_time":"20190303010745","is_ascension_mode":true,"campfire_choices":[{"data":"Catalyst","floor":6.0,"key":"SMITH"}],"neow_cost":"NONE","seed_source_timestamp":1421811534472700,"circlet_count":0,"master_deck":["AscendersBane","Defend_G+1","Defend_G","Defend_G","Defend_G","Defend_G","Strike_G","Strike_G","Strike_G","Strike_G","Strike_G","Survivor","Neutralize+1","Flechettes","Deadly Poison","Catalyst+1","Noxious Fumes","Acrobatics+1","Crippling Poison"],"special_seed":0,"relics":["Ring of the Snake","Vajra","War Paint","Tiny Chest"],"potions_floor_usage":[10],"damage_taken":[{"damage":0.0,"enemies":"2 Louse","floor":1.0,"turns":4.0},{"damage":1.0,"enemies":"Jaw Worm","floor":2.0,"turns":4.0},{"damage":0.0,"enemies":"Cultist","floor":3.0,"turns":4.0},{"damage":16.0,"enemies":"Large Slime","floor":4.0,"turns":8.0},{"damage":4.0,"enemies":"3 Louse","floor":5.0,"turns":4.0},{"damage":17.0,"enemies":"Lagavulin","floor":7.0,"turns":5.0},{"damage":4,"enemies":"Lots of Slimes","floor":10,"turns":1}],"seed_played":"5799626502515860538","potions_obtained":[{"floor":1.0,"key":"Strength Potion"},{"floor":2.0,"key":"SkillPotion"}],"is_trial":false,"path_per_floor":["M","M","M","M","M","R","E","?","T","M"],"character_chosen":"THE_SILENT","items_purchased":[],"campfire_rested":0,"item_purchase_floors":[],"current_hp_per_floor":[59,58,58,42,38,38,21,3,3,0],"gold":265,"neow_bonus":"UPGRADE_CARD","is_prod":false,"is_daily":false,"chose_seed":false,"campfire_upgraded":1,"win_rate":0,"timestamp":1551542865,"path_taken":["M","M","M","M","M","R","E","?","T","M"],"build_version":"2019-01-23","purchased_purges":0,"victory":false,"max_hp_per_floor":[66,66,66,66,66,66,66,66,66,66],"card_choices":[{"not_picked":["Terror","Eviscerate"],"picked":"Flechettes","floor":1.0},{"not_picked":["Cloak And Dagger","Deflect"],"picked":"Deadly Poison","floor":2.0},{"not_picked":["Dagger Spray","Quick Slash"],"picked":"Catalyst","floor":3.0},{"not_picked":["Dagger Throw","Dodge and Roll"],"picked":"Noxious Fumes","floor":4.0},{"not_picked":["Flying Knee","Caltrops"],"picked":"Acrobatics","floor":5.0},{"not_picked":["Cloak And Dagger","Poisoned Stab"],"picked":"Crippling Poison","floor":7.0}],"player_experience":4453375,"relics_obtained":[{"floor":7.0,"key":"Vajra"},{"floor":9.0,"key":"Tiny Chest"}],"event_choices":[{"damage_healed":0.0,"max_hp_gain":0.0,"max_hp_loss":0.0,"gold_gain":0.0,"event_name":"Scrap Ooze","player_choice":"Success","floor":8.0,"gold_loss":0.0,"damage_taken":18.0,"relics_obtained":["War Paint"]}],"is_beta":false,"boss_relics":[],"items_purged_floors":[],"is_endless":false,"potions_floor_spawned":[1,2],"killed_by":"Lots of Slimes","ascension_level":20}