{"gold_per_floor":[363,363,10,10,30,58,58,89,89,89,115,115,115,130,130,207,207,219,232,47,47,59,89,39,39,39,65,80,96,122,138,138,217,217,233,278,294,305,41,67,167,200,200,230,248,275,275,286,286,286,286,286,286,9,44,44],"floor_reached":57,"playtime":3112,"items_purged":["Strike_B","Defend_B","Strike_B"],"score":3246,"play_id":"ef49487b-3677-41de-99e6-29fc246109f1","local_time":"20190314013906","is_ascension_mode":true,"campfire_choices":[{"data":"Lockon","floor":7,"key":"SMITH"},{"floor":10,"key":"REST"},{"data":"Defragment","floor":12,"key":"SMITH"},{"data":"Conserve Battery","floor":15,"key":"SMITH"},{"data":"Self Repair","floor":25,"key":"SMITH"},{"data":"Seek","floor":32,"key":"SMITH"},{"floor":47,"key":"RECALL"},{"data":"Coolheaded","floor":49,"key":"SMITH"},{"data":"Reinforced Body","floor":53,"key":"SMITH"}],"neow_cost":"TEN_PERCENT_HP_LOSS","seed_source_timestamp":3856074275300,"circlet_count":0,"master_deck":["AscendersBane","Strike_B","Defend_B","Defend_B","Defend_B","Zap","Dualcast","Cold Snap","Lockon+1","Double Energy+1","Ball Lightning","Echo Form","Conserve Battery+1","Defragment+1","Barrage+1","Seek+1","Streamline+1","Self Repair+1","Reinforced Body+1","Sunder+1","FTL+1","Loop+1","Force Field","Heatsinks+1","Storm+1","Machine Learning+1","Genetic Algorithm","Coolheaded+1","Turbo+1","Storm+1","Steam+1","Heatsinks+1","Defragment+1","Stack+1"],"special_seed":0,"relics":["Cracked Core","Lantern","Bottled Flame","Ancient Tea Set","Bottled Tornado","Molten Egg 2","Runic Pyramid","Frozen Egg 2","Bottled Lightning","Pen Nib","Potion Belt","Busted Crown","FossilizedHelix","Bronze Scales","Mango","Meat on the Bone","Shuriken","Art of War","Mummified Hand","Blood Vial"],"potions_floor_usage":[23,27,30,33,36,36,51,51,56,56],"damage_taken":[{"damage":14.0,"enemies":"Jaw Worm","floor":1.0,"turns":4.0},{"damage":0.0,"enemies":"2 Louse","floor":5.0,"turns":3.0},{"damage":6.0,"enemies":"3 Sentries","floor":6.0,"turns":5.0},{"damage":21,"enemies":"Lagavulin","floor":8,"turns":4},{"damage":8,"enemies":"Gremlin Nob","floor":11,"turns":3},{"damage":0,"enemies":"Small Slimes","floor":14,"turns":3},{"damage":8,"enemies":"Hexaghost","floor":16,"turns":6},{"damage":17,"enemies":"2 Thieves","floor":18,"turns":4},{"damage":7,"enemies":"3 Byrds","floor":19,"turns":4},{"damage":0,"enemies":"Snecko","floor":22,"turns":4},{"damage":15,"enemies":"Book of Stabbing","floor":23,"turns":4},{"damage":0,"enemies":"Slavers","floor":27,"turns":6},{"damage":0,"enemies":"Cultist and Chosen","floor":28,"turns":5},{"damage":20,"enemies":"Shelled Parasite and Fungi","floor":29,"turns":4},{"damage":20,"enemies":"Book of Stabbing","floor":30,"turns":4},{"damage":0,"enemies":"Snecko","floor":31,"turns":3},{"damage":3,"enemies":"Collector","floor":33,"turns":6},{"damage":1,"enemies":"Orb Walker","floor":35,"turns":2},{"damage":15,"enemies":"2 Orb Walkers","floor":36,"turns":3},{"damage":0,"enemies":"3 Shapes","floor":37,"turns":3},{"damage":1,"enemies":"3 Darklings","floor":38,"turns":3},{"damage":0,"enemies":"Reptomancer","floor":40,"turns":6},{"damage":0,"enemies":"Mind Bloom Boss Battle","floor":41,"turns":4},{"damage":1,"enemies":"Nemesis","floor":42,"turns":5},{"damage":0,"enemies":"Giant Head","floor":44,"turns":6},{"damage":0,"enemies":"Jaw Worm Horde","floor":45,"turns":3},{"damage":0,"enemies":"Reptomancer","floor":46,"turns":4},{"damage":0,"enemies":"Spire Growth","floor":48,"turns":2},{"damage":0,"enemies":"Donu and Deca","floor":50,"turns":6},{"damage":43,"enemies":"Awakened One","floor":51,"turns":10},{"damage":0,"enemies":"Shield and Spear","floor":55,"turns":2},{"damage":37,"enemies":"The Heart","floor":56,"turns":6}],"seed_played":"-260688006274182662","potions_obtained":[{"floor":1.0,"key":"AttackPotion"},{"floor":5.0,"key":"Fire Potion"},{"floor":14,"key":"PowerPotion"},{"floor":23,"key":"SkillPotion"},{"floor":27,"key":"SkillPotion"},{"floor":28,"key":"GamblersBrew"},{"floor":30,"key":"Weak Potion"},{"floor":35,"key":"Block Potion"},{"floor":41,"key":"PowerPotion"},{"floor":42,"key":"Energy Potion"},{"floor":45,"key":"Dexterity Potion"}],"is_trial":false,"path_per_floor":["M","?","$","?","M","E","R","E","T","R","E","R","?","M","R","B",null,"M","M","$","?","M","E","?","R","T","E","M","M","E","M","R","B",null,"M","?","M","M","$","E","?","E","T","E","M","E","R","M","R","B","B",null,"R","$","E","B",null],"character_chosen":"DEFECT","items_purchased":["Lantern","Lockon","Double Energy","Reinforced Body","Coolheaded","FocusPotion","Mummified Hand"],"campfire_rested":1,"item_purchase_floors":[3,3,3,20,39,39,54],"current_hp_per_floor":[50,55,55,48,48,42,42,21,21,41,33,33,33,33,33,25,58,41,34,34,34,48,47,47,47,47,67,69,59,49,69,69,69,69,68,63,69,69,69,69,83,83,83,83,83,83,83,83,83,83,62,78,78,78,83,56],"gold":44,"neow_bonus":"TWO_FIFTY_GOLD","is_prod":false,"is_daily":false,"chose_seed":false,"campfire_upgraded":7,"win_rate":0,"timestamp":1552495146,"path_taken":["M","?","$","?","M","E","R","E","T","R","E","R","?","?","R","BOSS","M","M","$","?","M","E","?","R","T","E","M","M","E","?","R","BOSS","M","?","M","M","$","E","?","E","T","E","M","E","R","M","R","BOSS","BOSS","R","$","E","BOSS"],"build_version":"2019-01-23","purchased_purges":3,"victory":true,"max_hp_per_floor":[64,69,69,69,69,69,69,69,69,69,69,69,69,69,69,69,69,69,69,69,69,69,69,69,69,69,69,69,69,69,69,69,69,69,69,69,69,69,69,69,83,83,83,83,83,83,83,83,83,83,83,83,83,83,83,83],"card_choices":[{"not_picked":["Skim","Go for the Eyes"],"picked":"Cold Snap","floor":1.0},{"not_picked":["Rebound","Hologram"],"picked":"Ball Lightning","floor":5.0},{"not_picked":["Defragment","Redo"],"picked":"Echo Form","floor":6},{"not_picked":["Ball Lightning","Hyperbeam"],"picked":"Conserve Battery","floor":8},{"not_picked":["FTL","Loop"],"picked":"Defragment","floor":11},{"not_picked":["Ball Lightning+1","Blizzard+1"],"picked":"Barrage+1","floor":14},{"not_picked":["Biased Cognition","Thunder Strike+1"],"picked":"Seek","floor":16},{"not_picked":["Genetic Algorithm","Turbo"],"picked":"Streamline+1","floor":18},{"not_picked":["Reinforced Body","BootSequence"],"picked":"Self Repair","floor":19},{"not_picked":["Scrape+1","Hello World"],"picked":"Sunder+1","floor":22},{"not_picked":["Turbo","Rip and Tear+1"],"picked":"FTL+1","floor":23},{"not_picked":["Blizzard+1","Consume"],"picked":"Loop+1","floor":27},{"not_picked":["Doom and Gloom+1","Double Energy","Aggregate"],"picked":"SKIP","floor":28},{"not_picked":["Doom and Gloom+1","Double Energy","Aggregate"],"picked":"SKIP","floor":28},{"not_picked":["Doom and Gloom+1","Double Energy","Aggregate"],"picked":"SKIP","floor":28},{"not_picked":["Conserve Battery","Rip and Tear+1"],"picked":"Force Field","floor":29},{"not_picked":["Cold Snap+1","Turbo"],"picked":"Heatsinks+1","floor":30},{"not_picked":["Beam Cell+1","Doom and Gloom+1"],"picked":"Storm+1","floor":31},{"not_picked":["Thunder Strike+1","Reboot"],"picked":"Machine Learning+1","floor":33},{"not_picked":[],"picked":"Genetic Algorithm","floor":35},{"not_picked":["Go for the Eyes+1"],"picked":"SKIP","floor":37},{"not_picked":["Redo+1"],"picked":"SKIP","floor":38},{"not_picked":["Melter+1"],"picked":"SKIP","floor":40},{"not_picked":[],"picked":"Turbo+1","floor":42},{"not_picked":[],"picked":"Storm+1","floor":44},{"not_picked":[],"picked":"Steam+1","floor":45},{"not_picked":[],"picked":"Heatsinks+1","floor":46},{"not_picked":[],"picked":"Defragment+1","floor":48},{"not_picked":[],"picked":"Stack+1","floor":55}],"player_experience":4535352,"relics_obtained":[{"floor":6,"key":"Bottled Flame"},{"floor":8,"key":"Ancient Tea Set"},{"floor":9,"key":"Bottled Tornado"},{"floor":11,"key":"Molten Egg 2"},{"floor":23,"key":"Frozen Egg 2"},{"floor":26,"key":"Bottled Lightning"},{"floor":27,"key":"Pen Nib"},{"floor":30,"key":"Potion Belt"},{"floor":36,"key":"FossilizedHelix"},{"floor":40,"key":"Bronze Scales"},{"floor":41,"key":"Mango"},{"floor":42,"key":"Meat on the Bone"},{"floor":44,"key":"Shuriken"},{"floor":46,"key":"Art of War"},{"floor":55,"key":"Blood Vial"}],"event_choices":[{"damage_healed":0.0,"max_hp_gain":5.0,"max_hp_loss":0.0,"gold_gain":0.0,"event_name":"Big Fish","player_choice":"Donut","floor":2.0,"gold_loss":0.0,"damage_taken":0.0},{"cards_removed":["Strike_B"],"damage_healed":0.0,"max_hp_gain":0.0,"max_hp_loss":0.0,"gold_gain":0.0,"event_name":"Golden Wing","player_choice":"Card Removal","floor":4.0,"gold_loss":0.0,"damage_taken":7.0},{"damage_healed":0,"gold_gain":0,"player_choice":"Upgraded","damage_taken":0,"max_hp_gain":0,"max_hp_loss":0,"event_name":"Upgrade Shrine","floor":13,"gold_loss":0,"cards_upgraded":["Double Energy"]},{"damage_healed":0,"gold_gain":0,"player_choice":"Ignored","damage_taken":0,"max_hp_gain":0,"max_hp_loss":0,"event_name":"Ghosts","floor":21,"gold_loss":0},{"damage_healed":0,"gold_gain":0,"player_choice":"Bet on Murderer","damage_taken":0,"max_hp_gain":0,"max_hp_loss":0,"event_name":"The Joust","floor":24,"gold_loss":50},{"damage_healed":0,"gold_gain":0,"player_choice":"Fight","damage_taken":0,"max_hp_gain":0,"max_hp_loss":0,"event_name":"Mysterious Sphere","floor":36,"gold_loss":0},{"damage_healed":0,"gold_gain":0,"player_choice":"Fight","damage_taken":0,"max_hp_gain":0,"max_hp_loss":0,"event_name":"MindBloom","floor":41,"gold_loss":0}],"is_beta":false,"boss_relics":[{"not_picked":["Sozu","FrozenCore"],"picked":"Runic Pyramid"},{"not_picked":["Eternal Feather","Calling Bell"],"picked":"Busted Crown"}],"items_purged_floors":[3,20,39],"is_endless":false,"potions_floor_spawned":[1,5,14,23,27,28,30,35,41,42,45,46],"ascension_level":20}