{"gold_per_floor":[114,114,126,51,65,65,23,23,23,23,23,23,41,54,54,133,133,152,163,88,0,17,17,17,17,86,101,112,12,12,24,24,96,96,109,109,162,181,12,12,31,31,31,31,31,31,56,3,3,3,3],"floor_reached":52,"playtime":1081,"items_purged":["Strike_R","Strike_R"],"score":1786,"play_id":"d17ecd1a-bd10-4c04-b627-505f896caf80","local_time":"20190215021254","is_ascension_mode":true,"campfire_choices":[{"data":"Searing Blow","floor":6,"key":"SMITH"},{"data":"Searing Blow+1","floor":8,"key":"SMITH"},{"data":"Searing Blow+2","floor":10,"key":"SMITH"},{"data":"Searing Blow+3","floor":12,"key":"SMITH"},{"data":"Searing Blow+4","floor":15,"key":"SMITH"},{"data":"Searing Blow+5","floor":23,"key":"SMITH"},{"data":"Searing Blow+6","floor":25,"key":"SMITH"},{"data":"Searing Blow+7","floor":30,"key":"SMITH"},{"data":"Searing Blow+8","floor":32,"key":"SMITH"},{"data":"Searing Blow+9","floor":40,"key":"SMITH"},{"data":"Searing Blow+10","floor":42,"key":"SMITH"},{"data":"Searing Blow+11","floor":44,"key":"SMITH"},{"data":"Searing Blow+12","floor":46,"key":"SMITH"},{"data":"Searing Blow+13","floor":49,"key":"SMITH"}],"neow_cost":"TEN_PERCENT_HP_LOSS","seed_source_timestamp":42547969068400,"circlet_count":0,"master_deck":["AscendersBane","Strike_R","Strike_R","Defend_R","Defend_R","Defend_R","Defend_R","Bash","Searing Blow+14","Pommel Strike","Second Wind","Headbutt","Shrug It Off","Fiend Fire","Clothesline","Metallicize+1","Feel No Pain","Armaments","Impervious","Uppercut","Impervious","Armaments+1","Evolve+1"],"relics":["Burning Blood","Bird Faced Urn","Blue Candle","Snecko Eye","Bottled Flame","Cursed Key","Ice Cream","Du-Vu Doll"],"potions_floor_usage":[16,19,41,50,51],"damage_taken":[{"damage":19,"enemies":"Jaw Worm","floor":1,"turns":4},{"damage":10,"enemies":"Small Slimes","floor":3,"turns":4},{"damage":8,"enemies":"2 Louse","floor":5,"turns":3},{"damage":6,"enemies":"Looter","floor":13,"turns":2},{"damage":21,"enemies":"Exordium Thugs","floor":14,"turns":5},{"damage":28,"enemies":"Hexaghost","floor":16,"turns":7},{"damage":8,"enemies":"3 Byrds","floor":18,"turns":5},{"damage":6,"enemies":"Shell Parasite","floor":19,"turns":2},{"damage":2,"enemies":"Snecko","floor":22,"turns":3},{"damage":0,"enemies":"Snake Plant","floor":27,"turns":1},{"damage":6,"enemies":"Centurion and Healer","floor":28,"turns":5},{"damage":0,"enemies":"Snecko","floor":31,"turns":3},{"damage":46,"enemies":"Champ","floor":33,"turns":6},{"damage":5,"enemies":"3 Darklings","floor":35,"turns":5},{"damage":3,"enemies":"2 Orb Walkers","floor":37,"turns":3},{"damage":2,"enemies":"3 Shapes","floor":38,"turns":4},{"damage":26,"enemies":"Writhing Mass","floor":41,"turns":3},{"damage":0,"enemies":"Reptomancer","floor":47,"turns":1},{"damage":10,"enemies":"Donu and Deca","floor":50,"turns":4},{"damage":30,"enemies":"Time Eater","floor":51,"turns":5}],"seed_played":"-30867333840072880","potions_obtained":[{"floor":1,"key":"Ancient Potion"},{"floor":13,"key":"Explosive Potion"},{"floor":16,"key":"SkillPotion"},{"floor":19,"key":"BloodPotion"},{"floor":27,"key":"SkillPotion"},{"floor":41,"key":"SkillPotion"}],"is_trial":false,"path_per_floor":["M","?","M","?","M","R","?","R","T","R","?","R","M","M","R","B",null,"M","M","$","?","M","R","?","R","T","M","M","$","R","M","R","B",null,"M","?","?","M","$","R","M","R","T","R","T","R","E","$","R","B","B",null],"character_chosen":"IRONCLAD","items_purchased":["Impervious","Dexterity Potion"],"campfire_rested":0,"item_purchase_floors":[39,48],"current_hp_per_floor":[55,55,51,51,49,49,49,49,49,49,49,49,49,34,34,12,54,52,52,52,52,56,56,56,56,56,62,66,66,66,68,68,28,58,61,61,68,68,68,68,56,56,56,56,56,56,62,62,62,60,42],"gold":3,"neow_bonus":"ONE_RARE_RELIC","is_prod":false,"is_daily":false,"chose_seed":false,"campfire_upgraded":14,"win_rate":0,"timestamp":1550164374,"path_taken":["M","?","M","?","M","R","?","R","T","R","?","R","M","?","R","BOSS","M","M","$","?","M","R","?","R","T","?","M","$","R","M","R","BOSS","M","?","?","M","$","R","M","R","T","R","?","R","E","$","R","BOSS","BOSS"],"build_version":"2019-01-23","purchased_purges":2,"victory":true,"max_hp_per_floor":[68,68,68,68,68,68,68,68,68,68,68,68,68,68,68,68,68,68,68,68,68,68,68,68,68,68,68,68,68,68,68,68,68,68,68,68,68,68,68,68,68,68,68,68,68,68,68,68,68,68,68],"card_choices":[{"not_picked":["Thunderclap","Sword Boomerang"],"picked":"Searing Blow","floor":1},{"not_picked":["Whirlwind","Body Slam"],"picked":"Pommel Strike","floor":3},{"not_picked":["Pommel Strike","Uppercut"],"picked":"Second Wind","floor":5},{"not_picked":["Anger","Sword Boomerang"],"picked":"Headbutt","floor":13},{"not_picked":["Carnage","Bloodletting"],"picked":"Shrug It Off","floor":14},{"not_picked":["Limit Break","Bludgeon"],"picked":"Fiend Fire","floor":16},{"not_picked":["Infernal Blade","Iron Wave"],"picked":"Clothesline","floor":18},{"not_picked":["Sword Boomerang","Metallicize+1","Havoc"],"picked":"SKIP","floor":19},{"not_picked":["Sword Boomerang","Havoc"],"picked":"Metallicize+1","floor":19},{"not_picked":["Searing Blow","Perfected Strike","Spot Weakness"],"picked":"SKIP","floor":22},{"not_picked":["Shrug It Off","Seeing Red"],"picked":"Feel No Pain","floor":27},{"not_picked":["Armaments","Clothesline","Anger"],"picked":"SKIP","floor":28},{"not_picked":["Clothesline","Anger"],"picked":"Armaments","floor":28},{"not_picked":["Rupture","Iron Wave","Sword Boomerang"],"picked":"SKIP","floor":31},{"not_picked":["Bludgeon","Limit Break"],"picked":"Impervious","floor":33},{"not_picked":["Heavy Blade+1","Infernal Blade","Body Slam+1"],"picked":"SKIP","floor":35},{"not_picked":["Flex","Clash"],"picked":"Uppercut","floor":37},{"not_picked":["Combust","Flex","Reckless Charge"],"picked":"SKIP","floor":38},{"not_picked":["Shrug It Off","Rampage"],"picked":"Armaments+1","floor":41},{"not_picked":["Heavy Blade","Corruption+1"],"picked":"Evolve+1","floor":47}],"player_experience":4300952,"relics_obtained":[{"floor":9,"key":"Blue Candle"},{"floor":26,"key":"Bottled Flame"},{"floor":37,"key":"Ice Cream"},{"floor":47,"key":"Du-Vu Doll"}],"event_choices":[{"damage_healed":0,"gold_gain":0,"player_choice":"Ignored","damage_taken":0,"max_hp_gain":0,"max_hp_loss":0,"event_name":"Golden Idol","floor":2,"gold_loss":0},{"cards_removed":["Strike_R"],"damage_healed":0,"gold_gain":0,"player_choice":"Card Removal","damage_taken":0,"max_hp_gain":0,"max_hp_loss":0,"event_name":"The Cleric","floor":4,"gold_loss":75},{"damage_healed":0,"gold_gain":0,"player_choice":"Left Gold","damage_taken":0,"max_hp_gain":0,"max_hp_loss":0,"event_name":"World of Goop","floor":7,"gold_loss":42},{"damage_healed":0,"gold_gain":0,"player_choice":"Ignored","damage_taken":0,"max_hp_gain":0,"max_hp_loss":0,"event_name":"Liars Game","floor":11,"gold_loss":0},{"damage_healed":0,"gold_gain":0,"player_choice":"Paid Fearfully","damage_taken":0,"max_hp_gain":0,"max_hp_loss":0,"event_name":"Masked Bandits","floor":21,"gold_loss":88},{"damage_healed":0,"gold_gain":0,"player_choice":"0 cards matched","damage_taken":0,"max_hp_gain":0,"max_hp_loss":0,"event_name":"Match and Keep!","floor":24,"gold_loss":0,"cards_obtained":[]},{"damage_healed":0,"gold_gain":0,"player_choice":"Ignored","damage_taken":0,"max_hp_gain":0,"max_hp_loss":0,"event_name":"Tomb of Lord Red Mask","floor":36,"gold_loss":0},{"damage_healed":0,"gold_gain":0,"player_choice":"Fight","damage_taken":0,"max_hp_gain":0,"max_hp_loss":0,"event_name":"Mysterious Sphere","floor":37,"gold_loss":0}],"is_beta":false,"boss_relics":[{"not_picked":["White Beast Statue","Philosopher\u0027s Stone"],"picked":"Snecko Eye"},{"not_picked":["Coffee Dripper","Lizard Tail"],"picked":"Cursed Key"}],"items_purged_floors":[20,29],"is_endless":false,"potions_floor_spawned":[1,13,16,19,27,35,37,41],"ascension_level":20}