{"gold_per_floor":[111,121,139,155,155,155,176,209,235,253,271,44,44,62,62,158,158,171,165,190,46,59,59,80,80,80,5,5,5,5,25,25,116,116,135,135,156,156],"floor_reached":38,"playtime":2414,"items_purged":["Strike_B"],"score":649,"play_id":"276532bd-6629-4b73-bc2e-9d03648bcca1","local_time":"20190130185456","is_ascension_mode":true,"campfire_choices":[{"floor":6.0,"key":"REST"},{"floor":13.0,"key":"REST"},{"floor":15.0,"key":"REST"},{"floor":23.0,"key":"REST"},{"data":"Echo Form","floor":28.0,"key":"SMITH"},{"floor":32.0,"key":"REST"}],"neow_cost":"PERCENT_DAMAGE","seed_source_timestamp":0,"circlet_count":0,"master_deck":["AscendersBane","Strike_B+1","Defend_B","Defend_B","Zap","Dualcast","Reprogram","Streamline","Leap","Cold Snap+1","Coolheaded","Rebound","Capacitor","Conserve Battery","Cold Snap","Creative AI","Echo Form+1","Consume","Go for the Eyes","Seek"],"special_seed":0,"relics":["Cracked Core","Golden Idol","Whetstone","Anchor","Lizard Tail","Nunchaku","Busted Crown"],"potions_floor_usage":[],"damage_taken":[{"damage":0.0,"enemies":"Small Slimes","floor":1.0,"turns":2.0},{"damage":2.0,"enemies":"2 Louse","floor":2.0,"turns":2.0},{"damage":0.0,"enemies":"Cultist","floor":3.0,"turns":3.0},{"damage":9.0,"enemies":"Large Slime","floor":4.0,"turns":4.0},{"damage":3.0,"enemies":"Exordium Wildlife","floor":7.0,"turns":5.0},{"damage":31.0,"enemies":"Gremlin Nob","floor":8.0,"turns":5.0},{"damage":4.0,"enemies":"Exordium Thugs","floor":10.0,"turns":4.0},{"damage":6.0,"enemies":"2 Fungi Beasts","floor":11.0,"turns":3.0},{"damage":11.0,"enemies":"Exordium Wildlife","floor":14.0,"turns":7.0},{"damage":21.0,"enemies":"The Guardian","floor":16.0,"turns":11.0},{"damage":10.0,"enemies":"Shell Parasite","floor":18.0,"turns":9.0},{"damage":13.0,"enemies":"2 Thieves","floor":19.0,"turns":5.0},{"damage":28.0,"enemies":"Snake Plant","floor":20.0,"turns":7.0},{"damage":5.0,"enemies":"Snecko","floor":22.0,"turns":7.0},{"damage":20.0,"enemies":"Centurion and Healer","floor":24.0,"turns":11.0},{"damage":15.0,"enemies":"Cultist and Chosen","floor":31.0,"turns":12.0},{"damage":73.0,"enemies":"Collector","floor":33.0,"turns":15.0},{"damage":41.0,"enemies":"3 Darklings","floor":35.0,"turns":12.0},{"damage":12.0,"enemies":"Orb Walker","floor":37.0,"turns":6.0},{"damage":18,"enemies":"Maw","floor":38,"turns":2}],"seed_played":"-4689541345550209856","potions_obtained":[{"floor":1.0,"key":"Fire Potion"},{"floor":3.0,"key":"Explosive Potion"},{"floor":4.0,"key":"Weak Potion"},{"floor":7.0,"key":"Regen Potion"},{"floor":18.0,"key":"Swift Potion"},{"floor":24.0,"key":"Dexterity Potion"},{"floor":33.0,"key":"FearPotion"},{"floor":37.0,"key":"FocusPotion"}],"is_trial":false,"path_per_floor":["M","M","M","M","?","R","M","E","T","M","M","$","R","M","R","B",null,"M","M","M","$","M","R","M","?","T","?","R","?","$","M","R","B",null,"M","?","M","M"],"character_chosen":"DEFECT","items_purchased":["Creative AI","Regen Potion","Consume"],"campfire_rested":5,"item_purchase_floors":[12,21,21],"current_hp_per_floor":[46,44,44,35,18,39,36,19,19,15,9,9,30,19,40,19,58,48,35,7,7,17,38,18,41,41,41,41,41,41,26,47,19,58,17,17,5,0],"gold":156,"neow_bonus":"TRANSFORM_TWO_CARDS","is_prod":false,"is_daily":false,"chose_seed":false,"campfire_upgraded":1,"win_rate":0,"timestamp":1548892496,"path_taken":["M","M","M","M","?","R","M","E","T","M","M","$","R","M","R","BOSS","M","M","M","$","M","R","M","?","T","?","R","?","$","M","R","BOSS","M","?","?","M"],"build_version":"2019-01-23","purchased_purges":1,"victory":false,"max_hp_per_floor":[71,71,71,71,71,71,71,71,71,71,71,71,71,71,71,71,71,71,71,71,71,71,71,71,71,71,71,71,71,71,71,71,71,71,71,71,71,71],"card_choices":[{"not_picked":["Genetic Algorithm","Lockon"],"picked":"Leap","floor":1.0},{"not_picked":["Steam Power","Reinforced Body"],"picked":"Cold Snap","floor":2.0},{"not_picked":["Beam Cell","Static Discharge"],"picked":"Coolheaded","floor":3.0},{"not_picked":["Streamline","Steam"],"picked":"Rebound","floor":4.0},{"not_picked":["Conserve Battery","Stack"],"picked":"Capacitor","floor":7.0},{"not_picked":["Cold Snap","Force Field"],"picked":"Conserve Battery","floor":8.0},{"not_picked":["Darkness","Gash"],"picked":"Cold Snap","floor":10.0},{"not_picked":["Stack","Barrage","Sunder"],"picked":"SKIP","floor":11.0},{"not_picked":["Storm","Hologram","Chaos"],"picked":"SKIP","floor":14.0},{"not_picked":["Amplify","Electrodynamics"],"picked":"Echo Form","floor":16.0},{"not_picked":["Double Energy","Leap","Rebound"],"picked":"SKIP","floor":18.0},{"not_picked":["Conserve Battery","Redo","Sweeping Beam+1"],"picked":"SKIP","floor":19.0},{"not_picked":["Capacitor","Gash","Coolheaded"],"picked":"SKIP","floor":20.0},{"not_picked":["Hologram","Streamline+1"],"picked":"Go for the Eyes","floor":22.0},{"not_picked":["Go for the Eyes","Biased Cognition","Redo"],"picked":"SKIP","floor":24.0},{"not_picked":["Skim","Leap","Sweeping Beam"],"picked":"SKIP","floor":31.0},{"not_picked":["Thunder Strike","Machine Learning"],"picked":"Seek","floor":33.0},{"not_picked":["Doom and Gloom"],"picked":"SKIP","floor":35.0},{"not_picked":["White Noise"],"picked":"SKIP","floor":37.0}],"player_experience":494552,"relics_obtained":[{"floor":8.0,"key":"Whetstone"},{"floor":9.0,"key":"Anchor"},{"floor":26.0,"key":"Nunchaku"}],"event_choices":[{"damage_healed":0.0,"max_hp_gain":0.0,"max_hp_loss":0.0,"gold_gain":0.0,"event_name":"Golden Idol","player_choice":"Take Damage","floor":5.0,"gold_loss":0.0,"damage_taken":17.0,"relics_obtained":["Golden Idol"]},{"damage_healed":23.0,"max_hp_gain":0.0,"max_hp_loss":0.0,"gold_gain":0.0,"event_name":"The Library","player_choice":"Heal","floor":25.0,"gold_loss":0.0,"damage_taken":0.0},{"cards_removed":["Defend_B"],"damage_healed":0.0,"max_hp_gain":0.0,"max_hp_loss":0.0,"gold_gain":0.0,"event_name":"Beggar","player_choice":"Gave Gold","floor":27.0,"gold_loss":75.0,"damage_taken":0.0},{"cards_removed":["Strike_B"],"damage_healed":0.0,"max_hp_gain":0.0,"max_hp_loss":0.0,"gold_gain":0.0,"event_name":"Back to Basics","player_choice":"Elegance","floor":29.0,"gold_loss":0.0,"damage_taken":0.0},{"damage_healed":0.0,"max_hp_gain":0.0,"max_hp_loss":0.0,"gold_gain":0.0,"event_name":"SecretPortal","player_choice":"Ignored","floor":36.0,"gold_loss":0.0,"damage_taken":0.0}],"is_beta":false,"boss_relics":[{"not_picked":["Nuclear Battery","Fusion Hammer"],"picked":"Lizard Tail"},{"not_picked":["Inserter","Sozu"],"picked":"Busted Crown"}],"items_purged_floors":[12],"is_endless":false,"potions_floor_spawned":[1,3,4,7,18,24,33,37],"killed_by":"Maw","ascension_level":14}