{"gold_per_floor":[115,135,146,163,40,60,88,106,153,153,153,166,31,48,48,152,152,119,119,138,150,25,25,57,57,105,117,137,149,6,0,0,96,96,116,133,233,246,8,40,58,89,89,105,15,32,44,61,61,61],"floor_reached":51,"playtime":4373,"items_purged":["Defend_B","Defend_B","Strike_B","Defend_B"],"score":928,"play_id":"9daaea16-80d2-44f8-b541-77790413d114","local_time":"20190109004915","is_ascension_mode":true,"campfire_choices":[{"data":"Defragment","floor":15.0,"key":"SMITH"},{"data":"Loop","floor":23.0,"key":"SMITH"},{"data":"Darkness","floor":32.0,"key":"SMITH"},{"data":"Go for the Eyes","floor":49,"key":"SMITH"}],"neow_cost":"NONE","seed_source_timestamp":1562545226641115,"circlet_count":0,"master_deck":["Defend_B","Zap","Dualcast","Cold Snap","FTL","Conserve Battery","Loop+1","Leap","Darkness+1","Self Repair","Chaos+1","Defragment+1","Coolheaded+1","Amplify+1","Chill+1","Chaos+1","Leap+1","Reinforced Body+1","White Noise+1","Compile Driver+1","Machine Learning+1","Go for the Eyes+1","Compile Driver","Reprogram+1","FTL","Sweeping Beam","Steam Power+1","Buffer+1"],"special_seed":0,"relics":["Cracked Core","Toxic Egg 2","Oddly Smooth Stone","Omamori","Inserter","Frozen Egg 2","PreservedInsect","Boot","Lantern","Cursed Key","FossilizedHelix","Gremlin Horn","Turnip","Bird Faced Urn"],"potions_floor_usage":[46,50,50,50],"damage_taken":[{"damage":0.0,"enemies":"Cultist","floor":1.0,"turns":3.0},{"damage":2.0,"enemies":"2 Louse","floor":2.0,"turns":2.0},{"damage":2.0,"enemies":"Jaw Worm","floor":3.0,"turns":3.0},{"damage":1.0,"enemies":"2 Fungi Beasts","floor":4.0,"turns":3.0},{"damage":10.0,"enemies":"Gremlin Gang","floor":6.0,"turns":5.0},{"damage":18.0,"enemies":"Lagavulin","floor":7.0,"turns":8.0},{"damage":3.0,"enemies":"Exordium Wildlife","floor":8.0,"turns":6.0},{"damage":0.0,"enemies":"Looter","floor":12.0,"turns":4.0},{"damage":0.0,"enemies":"2 Fungi Beasts","floor":14.0,"turns":3.0},{"damage":14.0,"enemies":"Hexaghost","floor":16.0,"turns":9.0},{"damage":32.0,"enemies":"2 Thieves","floor":18.0,"turns":5.0},{"damage":2.0,"enemies":"3 Byrds","floor":20.0,"turns":7.0},{"damage":9.0,"enemies":"Shelled Parasite and Fungi","floor":21.0,"turns":6.0},{"damage":32.0,"enemies":"Book of Stabbing","floor":24.0,"turns":7.0},{"damage":11.0,"enemies":"Snecko","floor":27.0,"turns":6.0},{"damage":16.0,"enemies":"Cultist and Chosen","floor":28.0,"turns":8.0},{"damage":0.0,"enemies":"Centurion and Healer","floor":29.0,"turns":6.0},{"damage":34.0,"enemies":"Collector","floor":33.0,"turns":14.0},{"damage":14.0,"enemies":"3 Shapes","floor":35.0,"turns":4.0},{"damage":1.0,"enemies":"Orb Walker","floor":36.0,"turns":4.0},{"damage":0.0,"enemies":"Mind Bloom Boss Battle","floor":37.0,"turns":6.0},{"damage":0.0,"enemies":"Maw","floor":38.0,"turns":9.0},{"damage":0.0,"enemies":"Nemesis","floor":40.0,"turns":5.0},{"damage":0.0,"enemies":"Spire Growth","floor":41.0,"turns":6.0},{"damage":48.0,"enemies":"Reptomancer","floor":42.0,"turns":5.0},{"damage":0.0,"enemies":"Jaw Worm Horde","floor":44.0,"turns":5.0},{"damage":0,"enemies":"Transient","floor":46,"turns":5},{"damage":0,"enemies":"Spire Growth","floor":47,"turns":6},{"damage":9,"enemies":"3 Darklings","floor":48,"turns":5},{"damage":50,"enemies":"Awakened One","floor":50,"turns":10}],"seed_played":"-4049691843103275711","potions_obtained":[{"floor":2.0,"key":"Weak Potion"},{"floor":6.0,"key":"Regen Potion"},{"floor":7.0,"key":"EssenceOfSteel"},{"floor":12.0,"key":"Poison Potion"},{"floor":14.0,"key":"GamblersBrew"},{"floor":18.0,"key":"Dexterity Potion"},{"floor":27.0,"key":"Explosive Potion"},{"floor":28.0,"key":"Explosive Potion"},{"floor":29.0,"key":"SteroidPotion"},{"floor":33.0,"key":"Explosive Potion"},{"floor":37.0,"key":"Weak Potion"},{"floor":38.0,"key":"Block Potion"},{"floor":41.0,"key":"Poison Potion"},{"floor":46,"key":"Ancient Potion"},{"floor":47,"key":"Regen Potion"},{"floor":48,"key":"FocusPotion"}],"is_trial":false,"path_per_floor":["M","M","M","M","$","M","E","M","T","?","?","M","$","M","R","B",null,"M","?","M","M","$","R","E","?","T","M","M","M","$","?","R","B",null,"M","M","?","M","$","E","M","E","T","M","?","M","M","M","R","B",null],"character_chosen":"DEFECT","items_purchased":["Leap","Defragment","Lantern","Compile Driver","Reprogram+1"],"campfire_rested":0,"item_purchase_floors":[5,13,30,39,39],"current_hp_per_floor":[68,66,64,63,63,53,50,47,47,47,44,51,51,51,51,44,67,42,42,54,52,52,52,34,34,34,30,21,35,35,35,35,15,60,60,66,73,75,75,75,75,34,34,51,51,74,75,66,66,37],"gold":61,"neow_bonus":"REMOVE_CARD","is_prod":false,"is_daily":false,"chose_seed":false,"campfire_upgraded":4,"win_rate":0,"timestamp":1547012955,"path_taken":["M","M","?","M","$","M","E","M","T","?","?","M","$","M","R","BOSS","M","?","M","M","$","R","E","?","T","M","M","?","$","?","R","BOSS","M","M","?","M","$","E","M","E","T","M","?","M","?","M","R","BOSS"],"build_version":"2019-01-03v4","purchased_purges":4,"victory":true,"max_hp_per_floor":[75,75,75,75,75,75,75,75,75,75,75,75,75,75,75,75,75,75,75,75,75,75,75,75,75,75,75,75,75,75,75,75,75,75,75,75,75,75,75,75,75,75,75,75,75,75,75,75,75,75],"card_choices":[{"not_picked":["Coolheaded","Hologram"],"picked":"Cold Snap","floor":1.0},{"not_picked":["Cold Snap","Go for the Eyes"],"picked":"FTL","floor":2.0},{"not_picked":["Genetic Algorithm","Cold Snap"],"picked":"Conserve Battery","floor":3.0},{"not_picked":["Storm","Hologram"],"picked":"Loop","floor":4.0},{"not_picked":["Force Field","Conserve Battery"],"picked":"Darkness","floor":6.0},{"not_picked":["Hyperbeam","Redo","Heatsinks"],"picked":"SKIP","floor":7.0},{"not_picked":["Double Energy+1","Redo+1"],"picked":"Self Repair","floor":8.0},{"not_picked":["Leap+1","Amplify+1"],"picked":"Chaos+1","floor":12.0},{"not_picked":["Conserve Battery+1","Aggregate+1"],"picked":"Coolheaded+1","floor":14.0},{"not_picked":["Buffer","Hyperbeam"],"picked":"Amplify+1","floor":16.0},{"not_picked":["Force Field+1","Coolheaded+1"],"picked":"Chill+1","floor":18.0},{"not_picked":["Redo+1","Steam Power+1"],"picked":"Chaos+1","floor":20.0},{"not_picked":["Beam Cell+1","Stack+1"],"picked":"Leap+1","floor":21.0},{"not_picked":["Turbo+1","Streamline","Undo+1"],"picked":"SKIP","floor":24.0},{"not_picked":["Ball Lightning","Leap+1"],"picked":"Reinforced Body+1","floor":27.0},{"not_picked":["Conserve Battery+1","Lockon+1"],"picked":"White Noise+1","floor":28.0},{"not_picked":["Self Repair+1","Double Energy+1"],"picked":"Compile Driver","floor":29.0},{"not_picked":["Biased Cognition+1","Multi-Cast+1"],"picked":"Machine Learning+1","floor":33.0},{"not_picked":["Streamline+1","Cold Snap+1"],"picked":"Go for the Eyes","floor":35.0},{"not_picked":["Reinforced Body+1","Beam Cell+1","Conserve Battery+1"],"picked":"SKIP","floor":36.0},{"not_picked":["Leap+1","Melter+1","Barrage+1"],"picked":"SKIP","floor":38.0},{"not_picked":["Aggregate+1","Ball Lightning+1"],"picked":"FTL","floor":40.0},{"not_picked":["Hologram+1","Conserve Battery+1","Fusion+1"],"picked":"SKIP","floor":41.0},{"not_picked":["Double Energy+1","Leap+1"],"picked":"Sweeping Beam","floor":42.0},{"not_picked":["Leap+1","Turbo+1"],"picked":"Steam Power+1","floor":44.0},{"not_picked":["White Noise+1","Leap+1"],"picked":"Buffer+1","floor":46},{"not_picked":["Conserve Battery+1","Gash+1","Aggregate+1"],"picked":"SKIP","floor":47},{"not_picked":["Cold Snap","Conserve Battery+1","Rebound+1"],"picked":"SKIP","floor":48}],"player_experience":338306,"relics_obtained":[{"floor":7.0,"key":"Toxic Egg 2"},{"floor":9.0,"key":"Oddly Smooth Stone"},{"floor":24.0,"key":"Frozen Egg 2"},{"floor":26.0,"key":"Boot"},{"floor":37.0,"key":"FossilizedHelix"},{"floor":40.0,"key":"Gremlin Horn"},{"floor":42.0,"key":"Turnip"},{"floor":43.0,"key":"Bird Faced Urn"}],"event_choices":[{"cards_removed":["Strike_B"],"damage_healed":0.0,"max_hp_gain":0.0,"max_hp_loss":0.0,"gold_gain":0.0,"event_name":"Living Wall","player_choice":"Forget","floor":10.0,"gold_loss":0.0,"damage_taken":0.0},{"damage_healed":0.0,"max_hp_gain":0.0,"max_hp_loss":0.0,"gold_gain":0.0,"event_name":"Scrap Ooze","player_choice":"Success","floor":11.0,"gold_loss":0.0,"damage_taken":3.0,"relics_obtained":["Omamori"]},{"damage_healed":0.0,"max_hp_gain":0.0,"max_hp_loss":0.0,"gold_gain":0.0,"event_name":"Vampires","player_choice":"Ignored","floor":19.0,"gold_loss":0.0,"damage_taken":0.0},{"damage_healed":0.0,"max_hp_gain":0.0,"max_hp_loss":0.0,"gold_gain":0.0,"event_name":"WeMeetAgain","player_choice":"Gave Potion","floor":25.0,"gold_loss":0.0,"damage_taken":0.0,"relics_obtained":["PreservedInsect"]},{"damage_healed":0.0,"max_hp_gain":0.0,"max_hp_loss":0.0,"gold_gain":0.0,"event_name":"Masked Bandits","player_choice":"Paid Fearfully","floor":31.0,"gold_loss":6.0,"damage_taken":0.0},{"damage_healed":0.0,"max_hp_gain":0.0,"max_hp_loss":0.0,"gold_gain":0.0,"event_name":"MindBloom","player_choice":"Fight","floor":37.0,"gold_loss":0.0,"damage_taken":0.0},{"cards_removed":["Strike_B"],"damage_healed":0.0,"max_hp_gain":0.0,"max_hp_loss":0.0,"gold_gain":0.0,"event_name":"Designer","player_choice":"Upgrade and Remove","floor":45.0,"gold_loss":90.0,"damage_taken":0.0,"cards_upgraded":["Compile Driver"]}],"is_beta":false,"boss_relics":[{"not_picked":["Velvet Choker","Snecko Eye"],"picked":"Inserter"},{"not_picked":["Tiny House","Runic Pyramid"],"picked":"Cursed Key"}],"items_purged_floors":[5,13,22,39],"is_endless":false,"potions_floor_spawned":[2,6,7,12,14,18,27,28,29,33,37,38,41,46,47,48],"ascension_level":6}