{"gold_per_floor":[111,111,126,142,54,54,88,88,88,105,124,124,74,74,74,74],"floor_reached":16,"playtime":576,"items_purged":[],"score":115,"play_id":"2eb159eb-768a-4700-9bd2-483e64006d03","local_time":"20190127191150","is_ascension_mode":true,"campfire_choices":[{"data":"Madness","floor":6,"key":"SMITH"},{"data":"Dualcast","floor":8,"key":"SMITH"},{"floor":12,"key":"REST"},{"floor":15,"key":"REST"}],"neow_cost":"NONE","seed_source_timestamp":108980261700,"circlet_count":0,"master_deck":["Strike_B","Strike_B","Strike_B","Strike_B","Defend_B","Defend_B","Defend_B","Zap+1","Dualcast+1","Conserve Battery","Madness+1","Conserve Battery","Gash","Flash of Steel","Cold Snap","Static Discharge","Stack","Echo Form","Static Discharge"],"relics":["Cracked Core","Prayer Wheel","The Courier"],"potions_floor_usage":[7,7],"damage_taken":[{"damage":2,"enemies":"2 Louse","floor":1,"turns":3},{"damage":1,"enemies":"Cultist","floor":3,"turns":3},{"damage":2,"enemies":"Jaw Worm","floor":4,"turns":4},{"damage":26,"enemies":"Gremlin Nob","floor":7,"turns":4},{"damage":12,"enemies":"Blue Slaver","floor":10,"turns":4},{"damage":16,"enemies":"Large Slime","floor":11,"turns":4},{"damage":0,"enemies":"The Guardian","floor":16,"turns":3}],"seed_played":"5150747638075804055","potions_obtained":[{"floor":1,"key":"GamblersBrew"},{"floor":4,"key":"Fire Potion"},{"floor":10,"key":"SkillPotion"}],"is_trial":false,"path_per_floor":["M","?","M","M","$","R","E","R","T","M","M","R","?","?","R","B"],"character_chosen":"DEFECT","items_purchased":["Flash of Steel"],"campfire_rested":2,"item_purchase_floors":[5],"current_hp_per_floor":[73,73,72,70,70,70,44,44,44,32,16,38,38,38,60,60],"gold":74,"neow_bonus":"UPGRADE_CARD","is_prod":false,"is_daily":false,"chose_seed":false,"campfire_upgraded":2,"win_rate":0,"timestamp":1548612710,"path_taken":["M","?","M","?","?","R","E","R","T","M","M","R","?","?","R","BOSS"],"build_version":"2019-01-23","purchased_purges":0,"victory":false,"max_hp_per_floor":[75,75,75,75,75,75,75,75,75,75,75,75,75,75,75,75],"card_choices":[{"not_picked":["Scrape","Stack"],"picked":"Conserve Battery","floor":1},{"not_picked":["Aggregate","Chill"],"picked":"Conserve Battery","floor":3},{"not_picked":["Redo","FTL"],"picked":"Gash","floor":4},{"not_picked":["Consume","Fusion"],"picked":"Cold Snap","floor":7},{"not_picked":["Coolheaded","Hello World"],"picked":"Static Discharge","floor":10},{"not_picked":["Ball Lightning","Redo"],"picked":"Stack","floor":10},{"not_picked":["Beam Cell","Rip and Tear"],"picked":"Echo Form","floor":11},{"not_picked":["White Noise","Streamline"],"picked":"Static Discharge","floor":11}],"player_experience":306342,"relics_obtained":[{"floor":7,"key":"Prayer Wheel"},{"floor":9,"key":"The Courier"}],"event_choices":[{"damage_healed":0,"gold_gain":0,"player_choice":"1 cards matched","damage_taken":0,"max_hp_gain":0,"max_hp_loss":0,"event_name":"Match and Keep!","floor":2,"gold_loss":0,"cards_obtained":["Madness"]},{"cards_removed":["Defend_B"],"damage_healed":0,"gold_gain":0,"player_choice":"Card Removal","damage_taken":0,"max_hp_gain":0,"max_hp_loss":0,"event_name":"The Cleric","floor":13,"gold_loss":50},{"damage_healed":0,"gold_gain":0,"player_choice":"Ignored","damage_taken":0,"max_hp_gain":0,"max_hp_loss":0,"event_name":"Liars Game","floor":14,"gold_loss":0}],"is_beta":false,"boss_relics":[],"items_purged_floors":[],"is_endless":false,"potions_floor_spawned":[1,4,10],"killed_by":"The Guardian","ascension_level":3}