{"gold_per_floor":[114,264,278,18,43,43,63,78,104,118,118,135,149,167,167,167],"floor_reached":16,"playtime":553,"items_purged":["Doubt"],"score":192,"play_id":"303a1062-eb1d-4d1f-adc3-68eb7551edcd","local_time":"20190303004600","is_ascension_mode":true,"campfire_choices":[{"floor":6,"key":"REST"},{"floor":11,"key":"REST"},{"floor":15,"key":"REST"}],"neow_cost":"PERCENT_DAMAGE","seed_source_timestamp":1420290206126900,"circlet_count":0,"master_deck":["AscendersBane","Defend_G","Defend_G","Defend_G","Defend_G","Defend_G","Strike_G","Strike_G","Strike_G","Strike_G","Strike_G","Survivor","Neutralize","Well Laid Plans","Distraction","Dagger Spray","Masterful Stab","PiercingWail","Quick Slash","Flying Knee","Dagger Spray","Caltrops"],"relics":["Ring of the Snake","Tiny Chest","Potion Belt","Regal Pillow"],"potions_floor_usage":[8,16,16],"damage_taken":[{"damage":7,"enemies":"Jaw Worm","floor":1,"turns":5},{"damage":14,"enemies":"Cultist","floor":3,"turns":6},{"damage":0,"enemies":"2 Louse","floor":7,"turns":2},{"damage":36,"enemies":"Gremlin Gang","floor":8,"turns":11},{"damage":0,"enemies":"Exordium Wildlife","floor":10,"turns":3},{"damage":22,"enemies":"Exordium Thugs","floor":12,"turns":5},{"damage":19,"enemies":"Blue Slaver","floor":13,"turns":5},{"damage":0,"enemies":"3 Louse","floor":14,"turns":2},{"damage":59,"enemies":"Slime Boss","floor":16,"turns":10}],"seed_played":"-3142503231699099838","potions_obtained":[{"floor":3,"key":"SkillPotion"},{"floor":8,"key":"SpeedPotion"},{"floor":10,"key":"Ancient Potion"}],"is_trial":false,"path_per_floor":["M","?","M","$","T","R","M","M","T","M","R","M","M","M","R","B"],"character_chosen":"THE_SILENT","items_purchased":["Tiny Chest","Dagger Spray"],"campfire_rested":3,"item_purchase_floors":[4,4],"current_hp_per_floor":[49,49,35,35,35,58,58,22,22,22,60,38,19,19,57,0],"gold":167,"neow_bonus":"TWENTY_PERCENT_HP_BONUS","is_prod":false,"is_daily":false,"chose_seed":false,"campfire_upgraded":0,"win_rate":0,"timestamp":1551541560,"path_taken":["M","?","M","$","?","R","M","?","T","M","R","M","M","M","R","BOSS"],"build_version":"2019-01-23","purchased_purges":1,"victory":false,"max_hp_per_floor":[78,78,78,78,78,78,78,78,78,78,78,78,78,78,78,78],"card_choices":[{"not_picked":["Acrobatics","Eviscerate"],"picked":"Well Laid Plans","floor":1},{"not_picked":["Outmaneuver","Expertise"],"picked":"Distraction","floor":3},{"not_picked":["Dagger Throw","Poisoned Stab"],"picked":"Masterful Stab","floor":7},{"not_picked":["Flying Knee","Dagger Spray"],"picked":"PiercingWail","floor":8},{"not_picked":["Blur","Deflect"],"picked":"Quick Slash","floor":10},{"not_picked":["Slice","Bouncing Flask"],"picked":"Flying Knee","floor":12},{"not_picked":["Endless Agony","Bane"],"picked":"Dagger Spray","floor":13},{"not_picked":["Acrobatics","Underhanded Strike"],"picked":"Caltrops","floor":14}],"player_experience":4451907,"relics_obtained":[{"floor":5,"key":"Potion Belt"},{"floor":9,"key":"Regal Pillow"}],"event_choices":[{"damage_healed":0,"gold_gain":150,"player_choice":"AGREE","damage_taken":0,"max_hp_gain":0,"max_hp_loss":0,"event_name":"Liars Game","floor":2,"gold_loss":0,"cards_obtained":["Doubt"]}],"is_beta":false,"boss_relics":[],"items_purged_floors":[4],"is_endless":false,"potions_floor_spawned":[3,8,10],"killed_by":"Slime Boss","ascension_level":20}