{"gold_per_floor":[111,186,259,278,296,327,338,338,407,407,418,418,53,23,23,121,121,137,137,137,137,137,137,137,165,191,214,231,250,282,295,295,390,390,402,416,44,44,62,97,117,129,183,216,216,244,0,34,34,34],"floor_reached":51,"playtime":2462,"items_purged":["Strike_R","Strike_R"],"score":1516,"play_id":"91028388-9cda-4a56-944f-0a8b08f6131f","local_time":"20190128024632","daily_mods":["Diverse"],"is_ascension_mode":true,"campfire_choices":[{"data":"Fusion","floor":8,"key":"SMITH"},{"data":"Feel No Pain","floor":10,"key":"SMITH"},{"data":"White Noise","floor":15,"key":"SMITH"},{"data":"Slimebound:Repurpose","floor":23,"key":"SMITH"},{"data":"Slimebound:DuplicatedForm","floor":32,"key":"SMITH"},{"floor":45,"key":"REST"},{"data":"Buffer","floor":49,"key":"SMITH"}],"neow_cost":"","seed_source_timestamp":28382519476773,"circlet_count":0,"master_deck":["AscendersBane","Strike_R","Strike_R","Defend_R","Defend_R","Defend_R","Bash","White Noise+1","Shrug It Off","Feel No Pain+1","Fusion+1","Well Laid Plans","Sunder","Slimebound:HauntingLick","Slimebound:DuplicatedForm+1","Slimebound:Repurpose+1","Whirlwind+1","Slimebound:SpikyOuterGoop+1","Buffer+1","Noxious Fumes+1","Slimebound:RainOfGoop","Corpse Explosion","Predator+1","Hello World+1","Shockwave","Slimebound:GangUp","Barricade"],"relics":["Burning Blood","Gremlin Horn","Ginger","Bottled Lightning","Dead Branch","Snecko Eye","theJungle:SneckoAutograph","theJungle:SpiritDisease","PreservedInsect","Spirit Poop","Oddly Smooth Stone","Paper Frog","Black Star","Membership Card","Shuriken","Gambling Chip","Thread and Needle","Pen Nib","Smiling Mask","Du-Vu Doll","Turnip","Peace Pipe","Singing Bowl","Kunai","Juzu Bracelet","Bag of Marbles"],"potions_floor_usage":[6],"damage_taken":[{"damage":3,"enemies":"Small Slimes","floor":1,"turns":3},{"damage":14,"enemies":"Jaw Worm","floor":4,"turns":8},{"damage":0,"enemies":"2 Louse","floor":5,"turns":3},{"damage":22,"enemies":"3 Sentries","floor":6,"turns":11},{"damage":15,"enemies":"2 Fungi Beasts","floor":7,"turns":5},{"damage":9,"enemies":"3 Louse","floor":11,"turns":5},{"damage":3,"enemies":"Looter","floor":14,"turns":4},{"damage":31,"enemies":"Hexaghost","floor":16,"turns":9},{"damage":25,"enemies":"Shell Parasite","floor":18,"turns":6},{"damage":10,"enemies":"theJungle:2_Phrogs","floor":25,"turns":4},{"damage":14,"enemies":"theJungle:MUSHROOMGANG","floor":28,"turns":4},{"damage":35,"enemies":"theJungle:2_Flameangoes","floor":29,"turns":3},{"damage":10,"enemies":"theJungle:MamaSnecko","floor":30,"turns":3},{"damage":10,"enemies":"theJungle:2_Snecko_Cultists","floor":31,"turns":2},{"damage":20,"enemies":"theJungle:FunGuy","floor":33,"turns":7},{"damage":10,"enemies":"Orb Walker","floor":35,"turns":3},{"damage":25,"enemies":"3 Shapes","floor":36,"turns":4},{"damage":10,"enemies":"Maw","floor":39,"turns":4},{"damage":23,"enemies":"Reptomancer","floor":40,"turns":4},{"damage":10,"enemies":"4 Shapes","floor":41,"turns":2},{"damage":33,"enemies":"3 Darklings","floor":42,"turns":4},{"damage":51,"enemies":"Nemesis","floor":44,"turns":5},{"damage":10,"enemies":"Reptomancer","floor":46,"turns":2},{"damage":6,"enemies":"Giant Head","floor":48,"turns":5},{"damage":36,"enemies":"Donu and Deca","floor":50,"turns":4}],"seed_played":"-7800607689314018412","potions_obtained":[{"floor":1,"key":"BloodPotion"},{"floor":4,"key":"Dexterity Potion"},{"floor":11,"key":"Ancient Potion"},{"floor":16,"key":"EssenceOfSteel"},{"floor":30,"key":"AttackPotion"},{"floor":33,"key":"SteroidPotion"}],"is_trial":true,"path_per_floor":["M","?","T","M","M","E","M","R","T","R","M","?","$","M","R","B",null,"M","?","?","?","?","R","?","E","T","T","M","M","E","M","R","B",null,"M","M","$","?","M","E","M","M","T","E","R","E","$","E","R","B",null],"character_chosen":"IRONCLAD","items_purchased":["Dead Branch","Slimebound:Grow","Membership Card","Shuriken","Shockwave","Kunai","Slimebound:GangUp"],"campfire_rested":1,"item_purchase_floors":[13,13,37,37,47,47,47],"current_hp_per_floor":[75,64,64,56,62,54,45,45,45,45,42,47,47,52,52,29,71,54,54,54,54,54,54,49,61,61,61,63,44,51,59,59,77,87,90,81,81,81,90,81,89,77,77,50,77,85,85,92,92,72],"gold":34,"neow_bonus":"","is_prod":false,"is_daily":false,"chose_seed":false,"campfire_upgraded":6,"win_rate":0,"timestamp":1548611192,"path_taken":["M","?","?","M","M","E","M","R","T","R","M","?","$","M","R","BOSS","M","?","?","?","?","R","?","E","T","?","M","?","E","M","R","BOSS","M","?","$","?","M","E","M","M","T","E","R","E","$","E","R","BOSS"],"build_version":"2019-01-23","purchased_purges":2,"victory":true,"max_hp_per_floor":[80,80,80,80,80,80,80,80,80,80,80,85,85,85,85,85,85,85,85,85,85,85,85,90,90,90,90,90,90,90,90,90,90,90,90,90,90,90,90,90,90,90,90,90,90,92,92,92,92,92],"card_choices":[{"not_picked":["Slimebound:Recollect","Slimebound:FormOfPuddle"],"picked":"White Noise","floor":1},{"not_picked":["Predator","Rebound"],"picked":"Shrug It Off","floor":4},{"not_picked":["Slimebound:FlameTackle","Beam Cell"],"picked":"Feel No Pain","floor":5},{"not_picked":["Cold Snap","Uppercut"],"picked":"Fusion","floor":6},{"not_picked":["Slimebound:GoopTackle","Rebound"],"picked":"Well Laid Plans","floor":7},{"not_picked":["Underhanded Strike","Rainbow"],"picked":"Sunder","floor":11},{"not_picked":["Hologram","Havoc"],"picked":"Slimebound:HauntingLick","floor":14},{"not_picked":["Buffer","Double Tap"],"picked":"Slimebound:DuplicatedForm","floor":16},{"not_picked":["Reprogram","Slimebound:LeechEnergy+1"],"picked":"Slimebound:Repurpose","floor":18},{"not_picked":["Feel No Pain+1","Sword Boomerang"],"picked":"Whirlwind+1","floor":28},{"not_picked":["Berserk","Slimebound:RollThrough"],"picked":"Slimebound:SpikyOuterGoop+1","floor":30},{"not_picked":["Thunder Strike","Unload"],"picked":"Buffer","floor":33},{"not_picked":["Flex+1","Slimebound:SlimeBarrage"],"picked":"Noxious Fumes+1","floor":35},{"not_picked":["Ball Lightning+1","Slimebound:Chomp"],"picked":"Slimebound:RainOfGoop","floor":36},{"not_picked":["Anger","Slice+1"],"picked":"Corpse Explosion","floor":40},{"not_picked":["Slimebound:LivingWall","Dodge and Roll"],"picked":"Predator+1","floor":42},{"not_picked":["Inflame","Turbo+1"],"picked":"Hello World+1","floor":44},{"not_picked":["Quick Slash","Carnage+1"],"picked":"Barricade","floor":48}],"player_experience":4199951,"relics_obtained":[{"floor":3,"key":"Gremlin Horn"},{"floor":6,"key":"Ginger"},{"floor":9,"key":"Bottled Lightning"},{"floor":25,"key":"PreservedInsect"},{"floor":26,"key":"Spirit Poop"},{"floor":27,"key":"Oddly Smooth Stone"},{"floor":30,"key":"Paper Frog"},{"floor":40,"key":"Thread and Needle"},{"floor":40,"key":"Pen Nib"},{"floor":43,"key":"Smiling Mask"},{"floor":44,"key":"Du-Vu Doll"},{"floor":44,"key":"Turnip"},{"floor":46,"key":"Peace Pipe"},{"floor":46,"key":"Singing Bowl"},{"floor":48,"key":"Juzu Bracelet"},{"floor":48,"key":"Bag of Marbles"}],"event_choices":[{"damage_healed":0,"gold_gain":75,"player_choice":"Gather Gold","damage_taken":11,"max_hp_gain":0,"max_hp_loss":0,"event_name":"World of Goop","floor":2,"gold_loss":0},{"damage_healed":0,"gold_gain":0,"player_choice":"Donut","damage_taken":0,"max_hp_gain":5,"max_hp_loss":0,"event_name":"Big Fish","floor":12,"gold_loss":0},{"cards_removed":["Defend_R"],"damage_healed":0,"gold_gain":0,"player_choice":"Removed Skill","damage_taken":0,"max_hp_gain":0,"max_hp_loss":0,"event_name":"Falling","floor":38,"gold_loss":0}],"is_beta":false,"boss_relics":[{"not_picked":["Pandora\u0027s Box","Runic Dome"],"picked":"Snecko Eye"},{"not_picked":["Runic Pyramid","Coffee Dripper"],"picked":"Black Star"}],"items_purged_floors":[37,47],"is_endless":false,"potions_floor_spawned":[1,4,11,16,25,30,31,33,36,39,40],"ascension_level":10}