{"gold_per_floor":[111,36,36,36,36,64,80,106,106,120,120,138,152,52,52,52],"floor_reached":16,"playtime":827,"items_purged":["Strike_R","Strike_R"],"score":146,"play_id":"2ac36877-a923-4bb4-bb80-c78489785a64","local_time":"20190217231633","is_ascension_mode":true,"campfire_choices":[{"data":"Entrench","floor":15,"key":"SMITH"}],"neow_cost":"NONE","seed_source_timestamp":95995915866962,"circlet_count":0,"master_deck":["Strike_R","Strike_R","Defend_R","Defend_R","Defend_R","Defend_R","Bash","Battle Trance","Entrench+1","Offering"],"relics":["Burning Blood","Vajra","Singing Bowl","Question Card","Mango","Letter Opener"],"potions_floor_usage":[8,16,16],"damage_taken":[{"damage":0,"enemies":"Small Slimes","floor":1,"turns":4},{"damage":45,"enemies":"3 Sentries","floor":6,"turns":15},{"damage":0,"enemies":"2 Louse","floor":7,"turns":2},{"damage":32,"enemies":"Gremlin Nob","floor":8,"turns":4},{"damage":2,"enemies":"Jaw Worm","floor":10,"turns":5},{"damage":0,"enemies":"Large Slime","floor":12,"turns":6},{"damage":16,"enemies":"Blue Slaver","floor":13,"turns":6},{"damage":43,"enemies":"Hexaghost","floor":16,"turns":11}],"seed_played":"-5701056885675494472","potions_obtained":[{"floor":6,"key":"Energy Potion"},{"floor":8,"key":"Fire Potion"},{"floor":10,"key":"Swift Potion"}],"is_trial":false,"path_per_floor":["M","$","?","?","?","E","M","E","T","M","?","M","M","$","R","B"],"character_chosen":"IRONCLAD","items_purchased":[],"campfire_rested":0,"item_purchase_floors":[],"current_hp_per_floor":[80,80,77,77,77,40,46,36,36,42,42,48,40,40,40,0],"gold":52,"neow_bonus":"RANDOM_COMMON_RELIC","is_prod":false,"is_daily":false,"chose_seed":false,"campfire_upgraded":1,"win_rate":0,"timestamp":1550412993,"path_taken":["M","$","?","?","?","E","M","E","T","?","?","M","M","$","R","BOSS"],"build_version":"2019-01-23","purchased_purges":2,"victory":false,"max_hp_per_floor":[80,80,80,80,80,82,82,98,98,100,100,100,102,102,102,102],"card_choices":[{"not_picked":["True Grit","Cleave"],"picked":"Battle Trance","floor":1},{"not_picked":["Warcry","Bloodletting","Clothesline"],"picked":"Singing Bowl","floor":6},{"not_picked":["Pommel Strike","Iron Wave","Perfected Strike"],"picked":"Entrench","floor":7},{"not_picked":["Combust","Twin Strike","Berserk","Clash"],"picked":"Singing Bowl","floor":8},{"not_picked":["Corruption","Perfected Strike","Armaments","Wild Strike"],"picked":"Singing Bowl","floor":10},{"not_picked":["Spot Weakness","Flame Barrier","Warcry"],"picked":"Offering","floor":12},{"not_picked":["Battle Trance","Warcry","Blood for Blood","Twin Strike"],"picked":"Singing Bowl","floor":13}],"player_experience":121504,"relics_obtained":[{"floor":6,"key":"Question Card"},{"floor":8,"key":"Mango"},{"floor":9,"key":"Letter Opener"}],"event_choices":[{"damage_healed":0,"gold_gain":0,"player_choice":"Success","damage_taken":3,"relics_obtained":["Singing Bowl"],"max_hp_gain":0,"max_hp_loss":0,"event_name":"Scrap Ooze","floor":3,"gold_loss":0},{"damage_healed":0,"gold_gain":0,"player_choice":"Leave","damage_taken":0,"max_hp_gain":0,"max_hp_loss":0,"event_name":"The Cleric","floor":4,"gold_loss":0},{"cards_removed":["Strike_R"],"damage_healed":0,"gold_gain":0,"player_choice":"Forget","damage_taken":0,"max_hp_gain":0,"max_hp_loss":0,"event_name":"Living Wall","floor":5,"gold_loss":0},{"damage_healed":0,"gold_gain":0,"player_choice":"Ignored","damage_taken":0,"max_hp_gain":0,"max_hp_loss":0,"event_name":"Liars Game","floor":11,"gold_loss":0}],"is_beta":false,"boss_relics":[],"items_purged_floors":[2,14],"is_endless":false,"potions_floor_spawned":[6,8,10],"killed_by":"Hexaghost","ascension_level":2}