{"gold_per_floor":[116,116,116,72,132,163,163,196,196,210,260,260],"floor_reached":12,"playtime":273,"items_purged":[],"score":211,"play_id":"13d96aaf-b677-4d08-8687-4d89b2fe8bc9","local_time":"20190320130042","is_ascension_mode":true,"campfire_choices":[{"data":"Heavy Blade","floor":7.0,"key":"SMITH"}],"neow_cost":"NONE","seed_source_timestamp":11326442389570,"circlet_count":0,"master_deck":["AscendersBane","Strike_R","Strike_R","Strike_R","Strike_R","Defend_R","Defend_R","Defend_R","Defend_R","Bash","Blood for Blood","Inflame","Heavy Blade+1","Dark Embrace","Battle Trance"],"special_seed":0,"relics":["Burning Blood","NeowsBlessing","SsserpentHead","Blue Candle","Matryoshka","Bag of Marbles","Molten Egg 2","Happy Flower","Pantograph"],"potions_floor_usage":[],"damage_taken":[{"damage":0.0,"enemies":"Small Slimes","floor":1.0,"turns":1.0},{"damage":0.0,"enemies":"Cultist","floor":5.0,"turns":1.0},{"damage":0.0,"enemies":"Lagavulin","floor":6.0,"turns":1.0},{"damage":50.0,"enemies":"3 Sentries","floor":8.0,"turns":7.0},{"damage":12.0,"enemies":"Jaw Worm","floor":10.0,"turns":2.0},{"damage":25,"enemies":"Lagavulin","floor":12,"turns":3}],"seed_played":"-5442413657091442081","potions_obtained":[{"floor":5.0,"key":"Fire Potion"},{"floor":6.0,"key":"Ancient Potion"}],"is_trial":false,"path_per_floor":["M","?","?","$","M","E","R","E","T","M","T","E"],"character_chosen":"IRONCLAD","items_purchased":["Inflame"],"campfire_rested":0,"item_purchase_floors":[4],"current_hp_per_floor":[74,67,67,67,73,75,75,31,31,25,25,0],"gold":260,"neow_bonus":"THREE_ENEMY_KILL","is_prod":false,"is_daily":false,"chose_seed":false,"campfire_upgraded":1,"win_rate":0,"timestamp":1553054442,"path_taken":["M","?","?","$","?","E","R","E","T","M","?","E"],"build_version":"2019-01-23","purchased_purges":0,"victory":false,"max_hp_per_floor":[75,75,75,75,75,75,75,75,75,75,75,75],"card_choices":[{"not_picked":["Heavy Blade","Wild Strike"],"picked":"Blood for Blood","floor":1.0},{"not_picked":["Thunderclap","Body Slam"],"picked":"Heavy Blade","floor":5.0},{"not_picked":["Reckless Charge","Thunderclap"],"picked":"Dark Embrace","floor":6.0},{"not_picked":["Searing Blow","Clothesline","Anger"],"picked":"SKIP","floor":8.0},{"not_picked":["Burning Pact","Sever Soul+1"],"picked":"Battle Trance","floor":10.0}],"player_experience":370548,"relics_obtained":[{"floor":6.0,"key":"Blue Candle"},{"floor":8.0,"key":"Matryoshka"},{"floor":9.0,"key":"Bag of Marbles"},{"floor":9.0,"key":"Molten Egg 2"},{"floor":11.0,"key":"Happy Flower"},{"floor":11.0,"key":"Pantograph"}],"event_choices":[{"cards_removed":["Strike_R"],"damage_healed":0.0,"max_hp_gain":0.0,"max_hp_loss":0.0,"gold_gain":0.0,"event_name":"Golden Wing","player_choice":"Card Removal","floor":2.0,"gold_loss":0.0,"damage_taken":7.0},{"damage_healed":0.0,"max_hp_gain":0.0,"max_hp_loss":0.0,"gold_gain":0.0,"event_name":"FaceTrader","player_choice":"Trade","floor":3.0,"gold_loss":0.0,"damage_taken":0.0,"relics_obtained":["SsserpentHead"]}],"is_beta":false,"boss_relics":[],"items_purged_floors":[],"is_endless":false,"potions_floor_spawned":[5,6],"killed_by":"Lagavulin","ascension_level":18}