{"gold_per_floor":[12,25,25,40,40,40,75,75,75,94,94,94],"floor_reached":12,"playtime":308,"items_purged":[],"score":156,"play_id":"377792a6-a921-49cb-ab4c-9d55985a2f90","local_time":"20190313022412","is_ascension_mode":true,"campfire_choices":[{"data":"Dagger Spray","floor":6,"key":"SMITH"},{"floor":8,"key":"REST"}],"neow_cost":"NO_GOLD","seed_source_timestamp":463883752255600,"circlet_count":0,"master_deck":["AscendersBane","Defend_G","Defend_G","Defend_G","Strike_G","Strike_G","Strike_G","Strike_G","Survivor","Neutralize","Corpse Explosion","Dodge and Roll","Dagger Spray+1","PiercingWail","Reflex","Cloak And Dagger","Finisher","Tactician"],"relics":["Ring of the Snake","Blue Candle","Sundial","Bronze Scales"],"potions_floor_usage":[10],"damage_taken":[{"damage":0,"enemies":"Small Slimes","floor":1,"turns":4},{"damage":2,"enemies":"Jaw Worm","floor":2,"turns":5},{"damage":2,"enemies":"Cultist","floor":4,"turns":4},{"damage":59,"enemies":"Gremlin Nob","floor":7,"turns":5},{"damage":5,"enemies":"Large Slime","floor":10,"turns":8},{"damage":0,"enemies":"Lagavulin","floor":12,"turns":1}],"seed_played":"-8045562508172325485","potions_obtained":[{"floor":7,"key":"EssenceOfSteel"},{"floor":10,"key":"Weak Potion"}],"is_trial":false,"path_per_floor":["M","M","?","M","?","R","E","R","T","M","?","E"],"character_chosen":"THE_SILENT","items_purchased":[],"campfire_rested":1,"item_purchase_floors":[],"current_hp_per_floor":[59,57,57,55,60,60,1,22,22,17,12,12],"gold":94,"neow_bonus":"TRANSFORM_TWO_CARDS","is_prod":false,"is_daily":false,"chose_seed":false,"campfire_upgraded":1,"win_rate":0,"timestamp":1552411452,"path_taken":["M","M","?","M","?","R","E","R","T","M","?","E"],"build_version":"2019-01-23","purchased_purges":0,"victory":false,"max_hp_per_floor":[66,66,66,66,71,71,71,71,71,71,71,71],"card_choices":[{"not_picked":["Blade Dance","Deflect"],"picked":"Dagger Spray","floor":1},{"not_picked":["Escape Plan","Distraction"],"picked":"PiercingWail","floor":2},{"not_picked":["Blade Dance","Deadly Poison"],"picked":"Cloak And Dagger","floor":4},{"not_picked":["Deadly Poison","Caltrops"],"picked":"Finisher","floor":7},{"not_picked":["Deflect","Cloak And Dagger"],"picked":"Tactician","floor":10}],"player_experience":4527356,"relics_obtained":[{"floor":7,"key":"Blue Candle"},{"floor":9,"key":"Sundial"}],"event_choices":[{"damage_healed":0,"gold_gain":0,"cards_transformed":["Defend_G"],"player_choice":"Change","damage_taken":0,"max_hp_gain":0,"max_hp_loss":0,"event_name":"Living Wall","floor":3,"gold_loss":0,"cards_obtained":["Reflex"]},{"damage_healed":0,"gold_gain":0,"player_choice":"Donut","damage_taken":0,"max_hp_gain":5,"max_hp_loss":0,"event_name":"Big Fish","floor":5,"gold_loss":0},{"damage_healed":0,"gold_gain":0,"player_choice":"Success","damage_taken":5,"relics_obtained":["Bronze Scales"],"max_hp_gain":0,"max_hp_loss":0,"event_name":"Scrap Ooze","floor":11,"gold_loss":0}],"is_beta":false,"boss_relics":[],"items_purged_floors":[],"is_endless":false,"potions_floor_spawned":[7,10],"killed_by":"Lagavulin","ascension_level":20}