{"gold_per_floor":[117,128,148,166,182,182,217,217,217,251,278,278,278,301,301,394,394,419,460,460,476,500,535,535,550,550,550,594,594,617,642,642,738,738,763,783,1005,1023,24,24,39,39,92,92,92],"floor_reached":45,"playtime":2447,"items_purged":["Strike_R"],"score":889,"play_id":"72356b73-0711-4909-95c2-d9b408fd7e16","local_time":"20190314193131","is_ascension_mode":true,"campfire_choices":[{"data":"Whirlwind","floor":6.0,"key":"SMITH"},{"data":"Flex","floor":8.0,"key":"SMITH"},{"floor":12.0,"key":"REST"},{"floor":15.0,"key":"REST"},{"data":"Armaments","floor":24.0,"key":"SMITH"},{"floor":27.0,"key":"REST"},{"data":"Whirlwind","floor":32.0,"key":"SMITH"},{"floor":40.0,"key":"REST"},{"data":"Demon Form","floor":42.0,"key":"SMITH"},{"data":"Limit Break","floor":44.0,"key":"SMITH"}],"neow_cost":"NONE","seed_source_timestamp":32634863608684,"circlet_count":0,"master_deck":["AscendersBane","Defend_R","Defend_R","Defend_R","Defend_R","Bash","Whirlwind+1","Power Through","Metallicize","Flex+1","Heavy Blade","Reaper","Bludgeon","Shrug It Off","Double Tap","Demon Form+1","Armaments+1","Limit Break+1","Inflame","Shrug It Off","Inflame","Whirlwind+1","Limit Break","Cleave+1","Body Slam+1","Dual Wield+1","Impervious","Flame Barrier"],"special_seed":0,"relics":["Sozu","Paper Frog","Incense Burner","Darkstone Periapt","Odd Mushroom","Golden Idol","Busted Crown","Red Mask","Charon\u0027s Ashes","Bottled Lightning","Orichalcum","Astrolabe","Strange Spoon","Happy Flower","Letter Opener","Juzu Bracelet"],"potions_floor_usage":[],"damage_taken":[{"damage":1.0,"enemies":"Cultist","floor":1.0,"turns":3.0},{"damage":0.0,"enemies":"2 Louse","floor":2.0,"turns":1.0},{"damage":2.0,"enemies":"Jaw Worm","floor":3.0,"turns":3.0},{"damage":1.0,"enemies":"2 Fungi Beasts","floor":4.0,"turns":4.0},{"damage":3.0,"enemies":"3 Louse","floor":5.0,"turns":4.0},{"damage":16.0,"enemies":"Gremlin Nob","floor":7.0,"turns":3.0},{"damage":35.0,"enemies":"Lagavulin","floor":10.0,"turns":6.0},{"damage":10.0,"enemies":"The Mushroom Lair","floor":11.0,"turns":2.0},{"damage":11.0,"enemies":"Gremlin Gang","floor":14.0,"turns":4.0},{"damage":34.0,"enemies":"The Guardian","floor":16.0,"turns":12.0},{"damage":0.0,"enemies":"Chosen","floor":18.0,"turns":4.0},{"damage":0.0,"enemies":"Masked Bandits","floor":19.0,"turns":1.0},{"damage":6.0,"enemies":"2 Thieves","floor":21.0,"turns":4.0},{"damage":0.0,"enemies":"Sentry and Sphere","floor":22.0,"turns":1.0},{"damage":4.0,"enemies":"Gremlin Leader","floor":23.0,"turns":6.0},{"damage":37.0,"enemies":"Cultist and Chosen","floor":25.0,"turns":6.0},{"damage":11.0,"enemies":"Slavers","floor":28.0,"turns":3.0},{"damage":0.0,"enemies":"3 Cultists","floor":30.0,"turns":3.0},{"damage":9.0,"enemies":"Snake Plant","floor":31.0,"turns":3.0},{"damage":27.0,"enemies":"Champ","floor":33.0,"turns":6.0},{"damage":38.0,"enemies":"Orb Walker","floor":35.0,"turns":5.0},{"damage":6.0,"enemies":"3 Shapes","floor":36.0,"turns":9.0},{"damage":24.0,"enemies":"Transient","floor":38.0,"turns":6.0},{"damage":14.0,"enemies":"Sphere and 2 Shapes","floor":41.0,"turns":3.0},{"damage":65,"enemies":"Spire Growth","floor":45,"turns":4}],"seed_played":"8236759042094513483","potions_obtained":[],"is_trial":false,"path_per_floor":["M","M","M","M","M","R","E","R","T","E","?","R","?","M","R","B",null,"M","?","?","M","M","E","R","M","T","R","E","?","M","M","R","B",null,"M","M","?","M","$","R","M","R","T","R","M"],"character_chosen":"IRONCLAD","items_purchased":["Strange Spoon","Happy Flower","Impervious","Letter Opener","Flame Barrier"],"campfire_rested":4,"item_purchase_floors":[39,39,39,39,39],"current_hp_per_floor":[67,67,65,64,61,61,45,45,45,14,4,26,26,26,46,20,56,63,63,63,57,57,67,67,30,30,50,68,68,68,59,59,63,67,33,44,44,44,44,64,63,63,63,63,0],"gold":92,"neow_bonus":"BOSS_RELIC","is_prod":false,"is_daily":false,"chose_seed":false,"campfire_upgraded":6,"win_rate":0,"timestamp":1552559491,"path_taken":["M","M","M","?","M","R","E","R","T","E","?","R","?","M","R","BOSS","M","?","?","M","?","E","R","M","T","R","E","?","?","M","R","BOSS","M","M","?","M","$","R","M","R","T","R","M"],"build_version":"2019-01-23","purchased_purges":1,"victory":false,"max_hp_per_floor":[75,75,75,75,75,75,75,75,75,75,75,75,68,68,68,68,68,68,68,68,68,68,68,68,68,68,68,68,68,68,68,68,68,68,68,68,68,68,68,68,68,68,68,68,68],"card_choices":[{"not_picked":["Body Slam","Havoc"],"picked":"Whirlwind","floor":1.0},{"not_picked":["Spot Weakness","Twin Strike"],"picked":"Power Through","floor":2.0},{"not_picked":["Clash","Searing Blow"],"picked":"Metallicize","floor":3.0},{"not_picked":["Cleave","Fire Breathing"],"picked":"Flex","floor":4.0},{"not_picked":["Flex","Reckless Charge"],"picked":"Heavy Blade","floor":5.0},{"not_picked":["Reckless Charge","Clothesline"],"picked":"Reaper","floor":7.0},{"not_picked":["Shrug It Off","Sword Boomerang"],"picked":"Bludgeon","floor":10.0},{"not_picked":["Dropkick","Iron Wave"],"picked":"Shrug It Off","floor":11.0},{"not_picked":["Uppercut","Ghostly Armor"],"picked":"Double Tap","floor":14.0},{"not_picked":["Exhume","Barricade"],"picked":"Demon Form","floor":16.0},{"not_picked":[],"picked":"Armaments","floor":18.0},{"not_picked":[],"picked":"Inflame","floor":21.0},{"not_picked":[],"picked":"Shrug It Off","floor":22.0},{"not_picked":["Iron Wave"],"picked":"SKIP","floor":23.0},{"not_picked":[],"picked":"Inflame","floor":25.0},{"not_picked":[],"picked":"Whirlwind","floor":28.0},{"not_picked":["Body Slam"],"picked":"SKIP","floor":30.0},{"not_picked":["Havoc"],"picked":"SKIP","floor":31.0},{"not_picked":[],"picked":"Limit Break","floor":33.0},{"not_picked":["Sword Boomerang"],"picked":"SKIP","floor":35.0},{"not_picked":["Iron Wave+1"],"picked":"SKIP","floor":36.0},{"not_picked":["Anger"],"picked":"SKIP","floor":38.0},{"not_picked":["Anger"],"picked":"SKIP","floor":41.0},{"not_picked":["Anger"],"picked":"SKIP","floor":41.0}],"player_experience":318107,"relics_obtained":[{"floor":7.0,"key":"Paper Frog"},{"floor":9.0,"key":"Incense Burner"},{"floor":10.0,"key":"Darkstone Periapt"},{"floor":11.0,"key":"Odd Mushroom"},{"floor":19.0,"key":"Red Mask"},{"floor":23.0,"key":"Charon\u0027s Ashes"},{"floor":26.0,"key":"Bottled Lightning"},{"floor":28.0,"key":"Orichalcum"},{"floor":43.0,"key":"Juzu Bracelet"}],"event_choices":[{"damage_healed":0.0,"max_hp_gain":0.0,"max_hp_loss":0.0,"gold_gain":0.0,"event_name":"Mushrooms","player_choice":"Fought Mushrooms","floor":11.0,"gold_loss":0.0,"damage_taken":0.0},{"damage_healed":0.0,"max_hp_gain":0.0,"max_hp_loss":7.0,"gold_gain":0.0,"event_name":"Golden Idol","player_choice":"Lose Max HP","floor":13.0,"gold_loss":0.0,"damage_taken":0.0,"relics_obtained":["Golden Idol"]},{"damage_healed":0.0,"max_hp_gain":0.0,"max_hp_loss":0.0,"gold_gain":0.0,"event_name":"Masked Bandits","player_choice":"Fought Bandits","floor":19.0,"gold_loss":0.0,"damage_taken":0.0},{"damage_healed":0.0,"max_hp_gain":0.0,"max_hp_loss":0.0,"gold_gain":0.0,"cards_transformed":["Strike_R"],"event_name":"Transmorgrifier","player_choice":"Transformed","floor":20.0,"gold_loss":0.0,"damage_taken":0.0,"cards_obtained":["Limit Break"]},{"damage_healed":0.0,"max_hp_gain":0.0,"max_hp_loss":0.0,"gold_gain":0.0,"event_name":"Lab","player_choice":"Got Potions","floor":29.0,"gold_loss":0.0,"damage_taken":0.0},{"damage_healed":0.0,"max_hp_gain":0.0,"max_hp_loss":0.0,"gold_gain":222.0,"event_name":"Tomb of Lord Red Mask","player_choice":"Wore Mask","floor":37.0,"gold_loss":0.0,"damage_taken":0.0}],"is_beta":false,"boss_relics":[{"not_picked":["Black Star","Calling Bell"],"picked":"Busted Crown"},{"not_picked":["Lizard Tail","White Beast Statue"],"picked":"Astrolabe"}],"items_purged_floors":[39],"is_endless":false,"potions_floor_spawned":[2,5,7,11,16,18,19,28,30,31,33,36,38,41],"killed_by":"Spire Growth","ascension_level":17}