{"gold_per_floor":[361,377,387,387,400,400,417,417,417,417,448,30,30,55,55,146,146,162,62,187,205,225,225],"floor_reached":23,"playtime":693,"items_purged":["Strike_R","Strike_R"],"score":386,"play_id":"9dd13f8c-7631-40a4-ab82-6f8ef105ae80","local_time":"20190221012251","is_ascension_mode":true,"campfire_choices":[{"data":"Armaments","floor":6,"key":"SMITH"},{"floor":8,"key":"REST"},{"floor":15,"key":"REST"}],"neow_cost":"TEN_PERCENT_HP_LOSS","seed_source_timestamp":558349320968400,"circlet_count":0,"master_deck":["AscendersBane","Strike_R","Strike_R","Strike_R","Defend_R","Defend_R","Defend_R","Defend_R","Bash","Armaments+1","Body Slam","Juggernaut","Shrug It Off"],"relics":["Burning Blood","Self Forming Clay","Mercury Hourglass","Letter Opener","Incense Burner","Golden Idol","Runic Pyramid","StoneCalendar","Darkstone Periapt"],"potions_floor_usage":[11,16,20,20,23],"damage_taken":[{"damage":1,"enemies":"Cultist","floor":1,"turns":3},{"damage":4,"enemies":"Small Slimes","floor":2,"turns":4},{"damage":4,"enemies":"Jaw Worm","floor":3,"turns":4},{"damage":14,"enemies":"Exordium Wildlife","floor":5,"turns":9},{"damage":10,"enemies":"Red Slaver","floor":7,"turns":3},{"damage":28,"enemies":"Gremlin Nob","floor":11,"turns":4},{"damage":4,"enemies":"Exordium Thugs","floor":14,"turns":5},{"damage":24,"enemies":"The Guardian","floor":16,"turns":15},{"damage":4,"enemies":"Spheric Guardian","floor":18,"turns":5},{"damage":18,"enemies":"Colosseum Slavers","floor":20,"turns":4},{"damage":45,"enemies":"Colosseum Nobs","floor":20,"turns":7},{"damage":0,"enemies":"Chosen","floor":21,"turns":4},{"damage":20,"enemies":"Snake Plant","floor":22,"turns":6},{"damage":11,"enemies":"Slavers","floor":23,"turns":3}],"seed_played":"-6826581727395072441","potions_obtained":[{"floor":2,"key":"Strength Potion"},{"floor":7,"key":"BloodPotion"},{"floor":11,"key":"Swift Potion"},{"floor":16,"key":"Dexterity Potion"},{"floor":22,"key":"Block Potion"}],"is_trial":false,"path_per_floor":["M","M","M","?","M","R","M","R","T","?","E","$","?","M","R","B",null,"M","$","?","M","M","E"],"character_chosen":"IRONCLAD","items_purchased":["Incense Burner"],"campfire_rested":2,"item_purchase_floors":[12],"current_hp_per_floor":[68,68,68,50,42,42,38,58,58,63,41,41,16,18,39,21,60,62,62,18,24,10,0],"gold":225,"neow_bonus":"TWO_FIFTY_GOLD","is_prod":false,"is_daily":false,"chose_seed":false,"campfire_upgraded":1,"win_rate":0,"timestamp":1550679771,"path_taken":["M","?","M","?","M","R","M","R","T","?","E","$","?","?","R","BOSS","M","$","?","M","M","E"],"build_version":"2019-01-23","purchased_purges":2,"victory":false,"max_hp_per_floor":[68,68,68,68,68,68,68,68,68,73,73,73,73,73,73,73,73,73,73,73,73,73,73],"card_choices":[{"not_picked":["Perfected Strike","Feel No Pain"],"picked":"Armaments","floor":1},{"not_picked":["Clash","Headbutt"],"picked":"Body Slam","floor":2},{"not_picked":["Disarm","Perfected Strike","Armaments"],"picked":"SKIP","floor":3},{"not_picked":["Blood for Blood","Shockwave","Anger"],"picked":"SKIP","floor":5},{"not_picked":["Corruption","Warcry","Blood for Blood"],"picked":"SKIP","floor":7},{"not_picked":["Pommel Strike","Bloodletting","Clothesline"],"picked":"SKIP","floor":11},{"not_picked":["Dropkick","Inflame","Pommel Strike"],"picked":"SKIP","floor":14},{"not_picked":["Limit Break","Dark Embrace"],"picked":"Juggernaut","floor":16},{"not_picked":["Armaments","Uppercut+1","Sever Soul"],"picked":"SKIP","floor":18},{"not_picked":["Burning Pact+1","Wild Strike"],"picked":"Shrug It Off","floor":21},{"not_picked":["Fiend Fire","Warcry","Pummel"],"picked":"SKIP","floor":22}],"player_experience":4363041,"relics_obtained":[{"floor":9,"key":"Mercury Hourglass"},{"floor":11,"key":"Letter Opener"},{"floor":20,"key":"StoneCalendar"},{"floor":20,"key":"Darkstone Periapt"}],"event_choices":[{"damage_healed":0,"gold_gain":0,"player_choice":"Success","damage_taken":18,"relics_obtained":["Self Forming Clay"],"max_hp_gain":0,"max_hp_loss":0,"event_name":"Scrap Ooze","floor":4,"gold_loss":0},{"damage_healed":0,"gold_gain":0,"player_choice":"Donut","damage_taken":0,"max_hp_gain":5,"max_hp_loss":0,"event_name":"Big Fish","floor":10,"gold_loss":0},{"damage_healed":0,"gold_gain":0,"player_choice":"Take Damage","damage_taken":25,"relics_obtained":["Golden Idol"],"max_hp_gain":0,"max_hp_loss":0,"event_name":"Golden Idol","floor":13,"gold_loss":0},{"damage_healed":0,"gold_gain":0,"player_choice":"Fight","damage_taken":0,"max_hp_gain":0,"max_hp_loss":0,"event_name":"Colosseum","floor":20,"gold_loss":0},{"damage_healed":0,"gold_gain":0,"player_choice":"Fought Nobs","damage_taken":0,"max_hp_gain":0,"max_hp_loss":0,"event_name":"Colosseum","floor":20,"gold_loss":0}],"is_beta":false,"boss_relics":[{"not_picked":["Eternal Feather","Black Star"],"picked":"Runic Pyramid"}],"items_purged_floors":[12,19],"is_endless":false,"potions_floor_spawned":[2,7,11,14,16,18,22],"killed_by":"Slavers","ascension_level":20}