{"gold_per_floor":[109,109,34,34,184,199,229,279,279,309,309,309],"floor_reached":12,"playtime":76,"items_purged":["Defend_G"],"score":198,"play_id":"50aa2e10-8f0d-4aa5-8c79-55d899b1deee","local_time":"20190319010422","is_ascension_mode":true,"campfire_choices":[{"data":"Corpse Explosion","floor":11,"key":"SMITH"}],"neow_cost":"NONE","seed_source_timestamp":436847187671300,"circlet_count":0,"master_deck":["AscendersBane","Defend_G","Defend_G","Defend_G","Defend_G","Strike_G","Strike_G+1","Strike_G","Strike_G","Survivor","Neutralize","Dagger Throw+1","Doubt","Prepared","Corpse Explosion+1"],"relics":["Ring of the Snake","NeowsBlessing","Ancient Tea Set","The Courier","Meat on the Bone"],"potions_floor_usage":[],"damage_taken":[{"damage":0,"enemies":"Jaw Worm","floor":1,"turns":1},{"damage":0,"enemies":"Small Slimes","floor":6,"turns":1},{"damage":0,"enemies":"3 Sentries","floor":10,"turns":1},{"damage":35,"enemies":"Gremlin Nob","floor":12,"turns":3}],"seed_played":"-792509277428518820","potions_obtained":[],"is_trial":false,"path_per_floor":["M","?","$","?","?","M","?","T","T","E","R","E"],"character_chosen":"THE_SILENT","items_purchased":[],"campfire_rested":0,"item_purchase_floors":[],"current_hp_per_floor":[59,52,52,32,32,32,32,32,32,32,32,0],"gold":309,"neow_bonus":"THREE_ENEMY_KILL","is_prod":false,"is_daily":false,"chose_seed":false,"campfire_upgraded":1,"win_rate":0,"timestamp":1552925062,"path_taken":["M","?","$","?","?","?","?","?","T","E","R","E"],"build_version":"2019-01-23","purchased_purges":1,"victory":false,"max_hp_per_floor":[66,66,66,66,66,66,66,66,66,66,66,66],"card_choices":[{"not_picked":["Dagger Spray","Endless Agony"],"picked":"Dagger Throw","floor":1},{"not_picked":["Slice","Dagger Spray"],"picked":"Prepared","floor":6},{"not_picked":["Dagger Spray","Endless Agony"],"picked":"Corpse Explosion","floor":10}],"player_experience":4565295,"relics_obtained":[{"floor":8,"key":"Ancient Tea Set"},{"floor":9,"key":"The Courier"},{"floor":10,"key":"Meat on the Bone"}],"event_choices":[{"cards_removed":["Strike_G"],"damage_healed":0,"gold_gain":0,"player_choice":"Card Removal","damage_taken":7,"max_hp_gain":0,"max_hp_loss":0,"event_name":"Golden Wing","floor":2,"gold_loss":0},{"damage_healed":0,"gold_gain":0,"player_choice":"Entered Light","damage_taken":20,"max_hp_gain":0,"max_hp_loss":0,"event_name":"Shining Light","floor":4,"gold_loss":0,"cards_upgraded":["Strike_G","Dagger Throw"]},{"damage_healed":0,"gold_gain":150,"player_choice":"AGREE","damage_taken":0,"max_hp_gain":0,"max_hp_loss":0,"event_name":"Liars Game","floor":5,"gold_loss":0,"cards_obtained":["Doubt"]},{"damage_healed":0,"gold_gain":30,"player_choice":"Searched \u00271\u0027 times","damage_taken":0,"max_hp_gain":0,"max_hp_loss":0,"event_name":"Dead Adventurer","floor":7,"gold_loss":0}],"is_beta":false,"boss_relics":[],"items_purged_floors":[3],"is_endless":false,"potions_floor_spawned":[],"killed_by":"Gremlin Nob","ascension_level":20}