{"gold_per_floor":[114,132,151,170,170,170,201,212,212,4,39,39,39,53,53,127,127,140,158,170,186,186,220,220,232,301,332,332,359,371,390,390,464,464,477,490,509,527,348,359,392,392,417,417,443,77,77,88,88,88,88,88,88,38,69,69],"floor_reached":57,"playtime":3529,"items_purged":["Strike_R","Strike_R","Strike_R","Pummel"],"score":2751,"play_id":"d87090d3-8848-4519-9b58-6cde88d06e6b","local_time":"20190111031517","is_ascension_mode":true,"campfire_choices":[{"data":"Bludgeon","floor":6,"key":"SMITH"},{"data":"True Grit","floor":13,"key":"SMITH"},{"data":"Disarm","floor":15,"key":"SMITH"},{"data":"Evolve","floor":24,"key":"SMITH"},{"data":"Shockwave","floor":28,"key":"SMITH"},{"data":"Bash","floor":32,"key":"SMITH"},{"data":"Bludgeon","floor":42,"key":"SMITH"},{"data":"Feel No Pain","floor":47,"key":"SMITH"},{"floor":49,"key":"RECALL"},{"data":"Feel No Pain","floor":53,"key":"SMITH"}],"neow_cost":"PERCENT_DAMAGE","seed_source_timestamp":30988846792012,"circlet_count":0,"master_deck":["AscendersBane","Defend_R","Defend_R","Defend_R","Defend_R","Bash+1","Power Through","Wild Strike","Bludgeon+1","Disarm+1","Battle Trance","Feel No Pain+1","True Grit+1","Seeing Red","Feed","Evolve+1","Clothesline","Shockwave+1","Second Wind","Power Through+1","Bludgeon+1","Second Wind","Power Through","Feel No Pain+1","Battle Trance","Dual Wield+1"],"relics":["Burning Blood","StoneCalendar","Red Skull","Blood Vial","Snecko Eye","Bottled Lightning","Gremlin Horn","Ornamental Fan","Velvet Choker","Lantern","Smiling Mask","Oddly Smooth Stone","Calipers","Art of War"],"potions_floor_usage":[2,7,11,16,20,23,25,25,27,31,55,56,56],"damage_taken":[{"damage":9,"enemies":"2 Louse","floor":1,"turns":4},{"damage":1,"enemies":"Cultist","floor":2,"turns":3},{"damage":0,"enemies":"Small Slimes","floor":3,"turns":4},{"damage":25,"enemies":"Exordium Thugs","floor":4,"turns":5},{"damage":25,"enemies":"Lagavulin","floor":7,"turns":4},{"damage":4,"enemies":"Large Slime","floor":8,"turns":5},{"damage":11,"enemies":"Gremlin Nob","floor":11,"turns":3},{"damage":2,"enemies":"Looter","floor":14,"turns":3},{"damage":3,"enemies":"Hexaghost","floor":16,"turns":7},{"damage":4,"enemies":"Spheric Guardian","floor":18,"turns":4},{"damage":3,"enemies":"Chosen","floor":19,"turns":4},{"damage":9,"enemies":"3 Cultists","floor":20,"turns":4},{"damage":6,"enemies":"Snake Plant","floor":21,"turns":5},{"damage":27,"enemies":"Slavers","floor":23,"turns":4},{"damage":26,"enemies":"Shelled Parasite and Fungi","floor":25,"turns":5},{"damage":13,"enemies":"Book of Stabbing","floor":27,"turns":5},{"damage":23,"enemies":"Slavers","floor":29,"turns":7},{"damage":0,"enemies":"Chosen and Byrds","floor":30,"turns":7},{"damage":0,"enemies":"Cultist and Chosen","floor":31,"turns":4},{"damage":35,"enemies":"Collector","floor":33,"turns":13},{"damage":0,"enemies":"Orb Walker","floor":35,"turns":2},{"damage":2,"enemies":"3 Darklings","floor":36,"turns":5},{"damage":29,"enemies":"Transient","floor":37,"turns":6},{"damage":0,"enemies":"Maw","floor":38,"turns":7},{"damage":36,"enemies":"Jaw Worm Horde","floor":40,"turns":4},{"damage":3,"enemies":"Nemesis","floor":41,"turns":9},{"damage":1,"enemies":"Giant Head","floor":45,"turns":8},{"damage":0,"enemies":"Writhing Mass","floor":48,"turns":5},{"damage":2,"enemies":"Time Eater","floor":50,"turns":8},{"damage":30,"enemies":"Donu and Deca","floor":51,"turns":14},{"damage":62,"enemies":"Shield and Spear","floor":55,"turns":17},{"damage":45,"enemies":"The Heart","floor":56,"turns":13}],"seed_played":"-3023992724542868067","potions_obtained":[{"floor":1,"key":"Energy Potion"},{"floor":2,"key":"Fruit Juice"},{"floor":8,"key":"Fire Potion"},{"floor":14,"key":"PowerPotion"},{"floor":16,"key":"Strength Potion"},{"floor":18,"key":"Poison Potion"},{"floor":19,"key":"Regen Potion"},{"floor":20,"key":"EntropicBrew"},{"floor":25,"key":"Swift Potion"},{"floor":30,"key":"Fire Potion"},{"floor":35,"key":"FearPotion"},{"floor":36,"key":"PowerPotion"},{"floor":55,"key":"Explosive Potion"}],"is_trial":false,"path_per_floor":["M","M","M","M","?","R","E","M","T","$","E","?","R","M","R","B",null,"M","M","M","M","?","E","R","M","T","E","R","E","M","M","R","B",null,"M","M","M","M","$","M","E","R","T","?","E","$","R","M","R","B","B",null,"R","$","E","B",null],"character_chosen":"IRONCLAD","items_purchased":["Feel No Pain","True Grit","Feel No Pain","Calipers"],"campfire_rested":0,"item_purchase_floors":[10,10,39,46],"current_hp_per_floor":[61,71,77,58,58,58,39,41,41,41,36,36,36,42,42,47,82,89,94,96,101,101,94,94,76,76,71,71,59,70,81,81,54,100,108,117,95,106,106,81,86,86,86,86,93,93,93,101,101,107,88,117,117,117,66,29],"gold":69,"neow_bonus":"TWENTY_PERCENT_HP_BONUS","is_prod":false,"is_daily":false,"chose_seed":false,"campfire_upgraded":9,"win_rate":0,"timestamp":1547144117,"path_taken":["M","M","M","M","?","R","E","M","T","?","E","?","R","M","R","BOSS","M","M","M","M","?","E","R","M","T","E","R","E","M","M","R","BOSS","M","?","M","M","$","M","E","R","T","?","E","$","R","M","R","BOSS","BOSS","R","$","E","BOSS"],"build_version":"2019-01-03v4","purchased_purges":4,"victory":true,"max_hp_per_floor":[89,94,94,94,94,94,94,94,94,94,94,94,94,94,94,94,94,97,97,100,103,103,106,106,106,106,106,106,109,112,115,115,115,115,115,118,118,121,121,124,124,124,124,124,124,124,124,124,124,124,127,127,127,127,130,130],"card_choices":[{"not_picked":["Power Through","Body Slam"],"picked":"Wild Strike","floor":1},{"not_picked":["Sword Boomerang","Havoc"],"picked":"Power Through","floor":2},{"not_picked":["Havoc","Rampage"],"picked":"Wild Strike","floor":3},{"not_picked":["Pommel Strike","Rage"],"picked":"Bludgeon","floor":4},{"not_picked":["Power Through","Perfected Strike"],"picked":"Disarm","floor":7},{"not_picked":["Dropkick","Clash"],"picked":"Battle Trance","floor":8},{"not_picked":["Shockwave","Iron Wave"],"picked":"Pummel","floor":11},{"not_picked":["Combust","Blood for Blood"],"picked":"Seeing Red","floor":14},{"not_picked":["Exhume","Barricade"],"picked":"Feed","floor":16},{"not_picked":["Cleave","Perfected Strike+1"],"picked":"Evolve","floor":18},{"not_picked":["Bloodletting","Clash","Rampage"],"picked":"SKIP","floor":19},{"not_picked":["Body Slam","Pommel Strike","Rage"],"picked":"SKIP","floor":20},{"not_picked":["Infernal Blade","Seeing Red+1"],"picked":"Clothesline","floor":21},{"not_picked":["Cleave","Anger","Limit Break"],"picked":"SKIP","floor":23},{"not_picked":["Thunderclap+1","Shrug It Off"],"picked":"Shockwave","floor":25},{"not_picked":["Ghostly Armor","Thunderclap"],"picked":"Second Wind","floor":27},{"not_picked":["Clothesline+1","Cleave","Sword Boomerang"],"picked":"SKIP","floor":29},{"not_picked":["Metallicize","Anger","Havoc"],"picked":"SKIP","floor":30},{"not_picked":["Dropkick","Intimidate"],"picked":"Power Through+1","floor":31},{"not_picked":["Demon Form","Juggernaut"],"picked":"Bludgeon","floor":33},{"not_picked":["Iron Wave+1","Clothesline","Metallicize"],"picked":"SKIP","floor":35},{"not_picked":["Armaments","Anger","Cleave"],"picked":"SKIP","floor":36},{"not_picked":["Ghostly Armor","Anger+1"],"picked":"Second Wind","floor":37},{"not_picked":["Ghostly Armor","Shrug It Off"],"picked":"Power Through","floor":38},{"not_picked":["Sword Boomerang","Pummel"],"picked":"Battle Trance","floor":40},{"not_picked":["Hemokinesis","Reckless Charge","Iron Wave"],"picked":"SKIP","floor":41},{"not_picked":["Flame Barrier","Feed","Flex+1"],"picked":"SKIP","floor":45},{"not_picked":["Sever Soul+1","True Grit","Armaments"],"picked":"SKIP","floor":48},{"not_picked":["Shockwave","Combust+1"],"picked":"Dual Wield+1","floor":55}],"player_experience":4046203,"relics_obtained":[{"floor":7,"key":"StoneCalendar"},{"floor":9,"key":"Red Skull"},{"floor":11,"key":"Blood Vial"},{"floor":23,"key":"Bottled Lightning"},{"floor":27,"key":"Gremlin Horn"},{"floor":29,"key":"Ornamental Fan"},{"floor":41,"key":"Lantern"},{"floor":43,"key":"Smiling Mask"},{"floor":45,"key":"Oddly Smooth Stone"},{"floor":55,"key":"Art of War"}],"event_choices":[{"cards_removed":["Strike_R"],"damage_healed":0,"gold_gain":0,"player_choice":"Purged","damage_taken":0,"max_hp_gain":0,"max_hp_loss":0,"event_name":"Purifier","floor":5,"gold_loss":0},{"damage_healed":0,"gold_gain":0,"player_choice":"Ignored","damage_taken":0,"max_hp_gain":0,"max_hp_loss":0,"event_name":"Liars Game","floor":12,"gold_loss":0},{"cards_removed":["Strike_R"],"damage_healed":0,"gold_gain":0,"player_choice":"Offered Basic","damage_taken":0,"max_hp_gain":0,"max_hp_loss":0,"event_name":"Bonfire Elementals","floor":22,"gold_loss":0},{"cards_removed":["Wild Strike"],"damage_healed":0,"gold_gain":0,"player_choice":"Removed Attack","damage_taken":0,"max_hp_gain":0,"max_hp_loss":0,"event_name":"Falling","floor":44,"gold_loss":0}],"is_beta":false,"boss_relics":[{"not_picked":["Calling Bell","Empty Cage"],"picked":"Snecko Eye"},{"not_picked":["Cursed Key","Eternal Feather"],"picked":"Velvet Choker"}],"items_purged_floors":[10,39,46,54],"is_endless":false,"potions_floor_spawned":[1,2,8,14,16,18,19,20,25,30,35,36,45,55],"ascension_level":20}