{"gold_per_floor":[110,35,0,0,10,10,21,33,33,33,52,69,69],"floor_reached":13,"playtime":429,"items_purged":[],"score":154,"play_id":"b2804302-df08-46c2-8623-f682ca2b760e","local_time":"20190310103512","is_ascension_mode":true,"campfire_choices":[{"data":"A Thousand Cuts","floor":6,"key":"SMITH"}],"neow_cost":"NONE","seed_source_timestamp":279989913062410,"circlet_count":0,"master_deck":["AscendersBane","Defend_G","Defend_G","Defend_G","Defend_G","Defend_G","Strike_G","Strike_G","Strike_G","Strike_G","Survivor","Neutralize","A Thousand Cuts+1","Slice","Sucker Punch","Dagger Spray","Cloak And Dagger","PiercingWail"],"relics":["Ring of the Snake","Dodecahedron"],"potions_floor_usage":[11],"damage_taken":[{"damage":0,"enemies":"Small Slimes","floor":1,"turns":4},{"damage":0,"enemies":"2 Louse","floor":5,"turns":4},{"damage":4,"enemies":"Jaw Worm","floor":7,"turns":3},{"damage":14,"enemies":"Exordium Thugs","floor":8,"turns":4},{"damage":27,"enemies":"Gremlin Gang","floor":11,"turns":4},{"damage":10,"enemies":"3 Louse","floor":12,"turns":5},{"damage":4,"enemies":"Red Slaver","floor":13,"turns":3}],"seed_played":"2462398744670177213","potions_obtained":[{"floor":1,"key":"Ancient Potion"},{"floor":8,"key":"Energy Potion"}],"is_trial":false,"path_per_floor":["M","?","?","$","M","R","M","M","T","$","M","M","M"],"character_chosen":"THE_SILENT","items_purchased":[],"campfire_rested":0,"item_purchase_floors":[],"current_hp_per_floor":[59,59,59,59,59,59,55,41,41,41,14,4,0],"gold":69,"neow_bonus":"ONE_RANDOM_RARE_CARD","is_prod":false,"is_daily":false,"chose_seed":false,"campfire_upgraded":1,"win_rate":0,"timestamp":1552181712,"path_taken":["M","?","?","?","M","R","M","?","T","$","M","M","?"],"build_version":"2019-01-23","purchased_purges":0,"victory":false,"max_hp_per_floor":[66,66,66,66,66,66,66,66,66,66,66,66,66],"card_choices":[{"not_picked":["Crippling Poison","Underhanded Strike"],"picked":"Slice","floor":1},{"not_picked":["Flying Knee","Outmaneuver"],"picked":"Sucker Punch","floor":5},{"not_picked":["Riddle With Holes","Acrobatics"],"picked":"Dagger Spray","floor":7},{"not_picked":["Skewer","Setup"],"picked":"Cloak And Dagger","floor":8},{"not_picked":["Outmaneuver","Quick Slash","Bane"],"picked":"SKIP","floor":11},{"not_picked":["Concentrate","Night Terror"],"picked":"PiercingWail","floor":12}],"player_experience":666325,"relics_obtained":[{"floor":9,"key":"Dodecahedron"}],"event_choices":[{"cards_removed":["Strike_G"],"damage_healed":0,"gold_gain":0,"player_choice":"Card Removal","damage_taken":0,"max_hp_gain":0,"max_hp_loss":0,"event_name":"The Cleric","floor":2,"gold_loss":75},{"damage_healed":0,"gold_gain":0,"player_choice":"Left Gold","damage_taken":0,"max_hp_gain":0,"max_hp_loss":0,"event_name":"World of Goop","floor":3,"gold_loss":35}],"is_beta":false,"boss_relics":[],"items_purged_floors":[],"is_endless":false,"potions_floor_spawned":[1,8],"killed_by":"Red Slaver","ascension_level":20}