{"gold_per_floor":[116,126,137,149,23,23,0,10,37,37,37,72,90,116,116,187,187,206,223,223,20,20,20,38,38,61,61,79,89,118,133,133,212,212,226,157,176,196,196,196,211,211,234,55,155,169,169,201,201,201,201],"floor_reached":51,"playtime":2191,"items_purged":["Strike_R","Strike_R","Bludgeon"],"score":1468,"play_id":"7cc82aa9-e81b-4c64-9886-b89ca723c1ab","local_time":"20190210011228","is_ascension_mode":true,"campfire_choices":[{"data":"Armaments","floor":6,"key":"SMITH"},{"data":"Bludgeon","floor":10,"key":"SMITH"},{"data":"Evolve","floor":15,"key":"SMITH"},{"floor":23,"key":"REST"},{"floor":25,"key":"REST"},{"floor":27,"key":"REST"},{"floor":32,"key":"REST"},{"floor":40,"key":"REST"},{"floor":42,"key":"REST"},{"floor":47,"key":"REST"},{"data":"Corruption","floor":49,"key":"SMITH"}],"neow_cost":"NONE","seed_source_timestamp":885175871290400,"circlet_count":0,"master_deck":["AscendersBane","Defend_R","Defend_R","Defend_R","Defend_R","Bash","Dropkick","Armaments+1","Rage","Evolve+1","Flex","Bludgeon+1","Seeing Red","Dropkick","Corruption+1","Burning Pact","Flash of Steel","Bludgeon","Thunderclap","Burning Pact","Burning Pact","True Grit","Feel No Pain","Exhume","Dual Wield","Dark Embrace"],"relics":["Burning Blood","Potion Belt","Bag of Preparation","Bag of Marbles","Runic Dome","Pen Nib","Strawberry","Empty Cage","Bronze Scales","PreservedInsect","Ginger","Blood Vial"],"potions_floor_usage":[3,12,16,24,30,33,46,48,51],"damage_taken":[{"damage":12,"enemies":"Cultist","floor":1,"turns":4},{"damage":18,"enemies":"Jaw Worm","floor":2,"turns":6},{"damage":12,"enemies":"Small Slimes","floor":3,"turns":6},{"damage":6,"enemies":"Exordium Thugs","floor":4,"turns":5},{"damage":1,"enemies":"Looter","floor":7,"turns":4},{"damage":17,"enemies":"3 Louse","floor":8,"turns":5},{"damage":20,"enemies":"Lagavulin","floor":12,"turns":6},{"damage":13,"enemies":"Blue Slaver","floor":13,"turns":2},{"damage":8,"enemies":"Gremlin Nob","floor":14,"turns":3},{"damage":28,"enemies":"Slime Boss","floor":16,"turns":7},{"damage":34,"enemies":"3 Byrds","floor":18,"turns":6},{"damage":18,"enemies":"2 Thieves","floor":19,"turns":4},{"damage":26,"enemies":"Shelled Parasite and Fungi","floor":24,"turns":4},{"damage":22,"enemies":"Snake Plant","floor":28,"turns":3},{"damage":27,"enemies":"Sentry and Sphere","floor":29,"turns":5},{"damage":35,"enemies":"Slavers","floor":30,"turns":7},{"damage":0,"enemies":"Snecko","floor":31,"turns":2},{"damage":8,"enemies":"Collector","floor":33,"turns":6},{"damage":45,"enemies":"3 Darklings","floor":35,"turns":8},{"damage":10,"enemies":"3 Shapes","floor":37,"turns":5},{"damage":15,"enemies":"Sphere and 2 Shapes","floor":38,"turns":4},{"damage":37,"enemies":"Jaw Worm Horde","floor":41,"turns":5},{"damage":12,"enemies":"Mind Bloom Boss Battle","floor":45,"turns":6},{"damage":28,"enemies":"Transient","floor":46,"turns":6},{"damage":0,"enemies":"Nemesis","floor":48,"turns":1},{"damage":43,"enemies":"Donu and Deca","floor":50,"turns":5},{"damage":29,"enemies":"Time Eater","floor":51,"turns":2}],"seed_played":"527975948131913164","potions_obtained":[{"floor":1,"key":"Regen Potion"},{"floor":2,"key":"Swift Potion"},{"floor":4,"key":"FearPotion"},{"floor":19,"key":"Weak Potion"},{"floor":28,"key":"Dexterity Potion"},{"floor":29,"key":"GamblersBrew"},{"floor":41,"key":"Weak Potion"},{"floor":45,"key":"FearPotion"},{"floor":46,"key":"AttackPotion"}],"is_trial":false,"path_per_floor":["M","M","M","M","$","R","M","M","T","R","$","E","M","E","R","B",null,"M","M","?","$","?","R","M","R","T","R","M","M","E","M","R","B",null,"M","?","M","M","?","R","M","R","T","$","?","M","R","E","R","B","B"],"character_chosen":"IRONCLAD","items_purchased":["Sword Boomerang","Flash of Steel","Poison Potion"],"campfire_rested":7,"item_purchase_floors":[5,21,44],"current_hp_per_floor":[69,57,66,66,66,66,71,60,60,60,60,46,39,37,37,15,65,37,25,25,25,25,49,29,53,53,77,61,40,18,24,50,48,79,40,40,36,27,27,52,21,46,46,46,40,18,43,49,49,14,0],"gold":201,"neow_bonus":"TEN_PERCENT_HP_BONUS","is_prod":false,"is_daily":false,"chose_seed":false,"campfire_upgraded":4,"win_rate":0,"timestamp":1549728748,"path_taken":["M","M","M","?","?","R","M","M","T","R","$","E","M","E","R","BOSS","M","?","?","$","?","R","M","R","T","R","M","M","E","M","R","BOSS","M","?","?","M","?","R","M","R","T","?","?","M","R","E","R","BOSS","BOSS"],"build_version":"2019-01-23","purchased_purges":3,"victory":false,"max_hp_per_floor":[82,82,82,82,82,82,82,82,82,82,82,82,82,82,82,82,82,82,82,82,82,82,82,82,82,82,82,82,82,89,89,89,89,89,89,89,89,89,85,85,85,85,85,85,85,85,85,85,85,85,85],"card_choices":[{"not_picked":["Intimidate","Flex"],"picked":"Dropkick","floor":1},{"not_picked":["Fire Breathing","Warcry"],"picked":"Armaments","floor":2},{"not_picked":["Intimidate","Pommel Strike"],"picked":"Rage","floor":3},{"not_picked":["Ghostly Armor","Cleave"],"picked":"Evolve","floor":4},{"not_picked":["Second Wind","Twin Strike"],"picked":"Flex","floor":7},{"not_picked":["Corruption","Headbutt"],"picked":"Bludgeon","floor":8},{"not_picked":["Searing Blow","Anger","Armaments"],"picked":"SKIP","floor":12},{"not_picked":["Dropkick","Carnage"],"picked":"Seeing Red","floor":13},{"not_picked":["Uppercut","Burning Pact"],"picked":"Dropkick","floor":14},{"not_picked":["Reaper","Impervious"],"picked":"Bludgeon","floor":16},{"not_picked":["Shockwave","Iron Wave"],"picked":"Corruption","floor":18},{"not_picked":["Headbutt","Wild Strike"],"picked":"Burning Pact","floor":19},{"not_picked":["Clash+1","Power Through"],"picked":"Burning Pact","floor":24},{"not_picked":["Blood for Blood","Body Slam","Havoc"],"picked":"SKIP","floor":28},{"not_picked":["Heavy Blade","Combust"],"picked":"Burning Pact","floor":29},{"not_picked":["Warcry","Infernal Blade","True Grit"],"picked":"SKIP","floor":30},{"not_picked":["Warcry","Infernal Blade"],"picked":"True Grit","floor":30},{"not_picked":["Clash","Twin Strike"],"picked":"Feel No Pain","floor":31},{"not_picked":["Impervious","Berserk"],"picked":"Exhume","floor":33},{"not_picked":["Heavy Blade","Clash","Havoc+1"],"picked":"SKIP","floor":35},{"not_picked":["Twin Strike","Body Slam","Carnage"],"picked":"SKIP","floor":37},{"not_picked":["Clash+1","Pommel Strike"],"picked":"Dual Wield","floor":38},{"not_picked":["Clash","Anger+1","Reckless Charge"],"picked":"SKIP","floor":41},{"not_picked":["Clash","Thunderclap","Sever Soul"],"picked":"SKIP","floor":46},{"not_picked":["True Grit","Clash"],"picked":"Dark Embrace","floor":48}],"player_experience":4240109,"relics_obtained":[{"floor":9,"key":"Potion Belt"},{"floor":12,"key":"Bag of Preparation"},{"floor":14,"key":"Bag of Marbles"},{"floor":26,"key":"Pen Nib"},{"floor":30,"key":"Strawberry"},{"floor":43,"key":"PreservedInsect"},{"floor":45,"key":"Ginger"},{"floor":48,"key":"Blood Vial"}],"event_choices":[{"damage_healed":0,"gold_gain":0,"player_choice":"Ignored","damage_taken":0,"max_hp_gain":0,"max_hp_loss":0,"event_name":"Vampires","floor":20,"gold_loss":0},{"damage_healed":0,"gold_gain":0,"cards_transformed":["Strike_R","Strike_R"],"player_choice":"Became Test Subject","damage_taken":0,"max_hp_gain":0,"max_hp_loss":0,"event_name":"Drug Dealer","floor":22,"gold_loss":0,"cards_obtained":["Bludgeon","Thunderclap"]},{"damage_healed":0,"gold_gain":0,"player_choice":"Paid Gold","damage_taken":0,"relics_obtained":["Bronze Scales"],"max_hp_gain":0,"max_hp_loss":0,"event_name":"WeMeetAgain","floor":36,"gold_loss":69},{"damage_healed":0,"gold_gain":0,"player_choice":"Max HP","damage_taken":0,"max_hp_gain":0,"max_hp_loss":4,"event_name":"Winding Halls","floor":39,"gold_loss":0},{"damage_healed":0,"gold_gain":0,"player_choice":"Fight","damage_taken":0,"max_hp_gain":0,"max_hp_loss":0,"event_name":"MindBloom","floor":45,"gold_loss":0}],"is_beta":false,"boss_relics":[{"not_picked":["Velvet Choker","Sozu"],"picked":"Runic Dome"},{"not_picked":["Cursed Key","Runic Cube"],"picked":"Empty Cage"}],"items_purged_floors":[5,21,44],"is_endless":false,"potions_floor_spawned":[1,2,4,8,19,28,29,41,45,46],"killed_by":"Time Eater","ascension_level":20}