{"gold_per_floor":[107,117,127,136,136,136,164,181,181,181,189,21,21,44,44,44],"floor_reached":16,"playtime":351,"items_purged":[],"score":252,"play_id":"7c80c1d6-0eaa-4c68-8ecb-c5e5252e066c","local_time":"20190130002359","is_ascension_mode":true,"campfire_choices":[{"data":"Armaments","floor":6.0,"key":"SMITH"},{"floor":10.0,"key":"REST"},{"floor":13.0,"key":"REST"},{"floor":15,"key":"REST"}],"neow_cost":"","seed_source_timestamp":0,"circlet_count":0,"master_deck":["AscendersBane","Strike_R","Strike_R","Strike_R","Strike_R","Strike_R","Defend_R","Defend_R","Defend_R","Defend_R","Bash","Reckless Charge","Twin Strike","Perfected Strike","Armaments+1","Barricade","Shrug It Off","Seeing Red","Reaper","Shrug It Off","Immolate"],"special_seed":0,"relics":["Burning Blood","AscMod:CursedFlame","AscMod:MegaStarOfAscension","AscMod:CursedBank","Strawberry","The Courier","Bottled Lightning"],"potions_floor_usage":[16],"damage_taken":[{"damage":6.0,"enemies":"2 Louse","floor":1.0,"turns":4.0},{"damage":1.0,"enemies":"Cultist","floor":2.0,"turns":3.0},{"damage":21.0,"enemies":"Small Slimes","floor":3.0,"turns":4.0},{"damage":6.0,"enemies":"Exordium Wildlife","floor":4.0,"turns":2.0},{"damage":32.0,"enemies":"Gremlin Nob","floor":7.0,"turns":4.0},{"damage":12.0,"enemies":"Gremlin Gang","floor":8.0,"turns":6.0},{"damage":12.0,"enemies":"Looter","floor":11.0,"turns":3.0},{"damage":41.0,"enemies":"3 Sentries","floor":14.0,"turns":13.0},{"damage":35,"enemies":"Slime Boss","floor":16,"turns":9}],"seed_played":"-5815595689723000053","potions_obtained":[{"floor":1.0,"key":"Energy Potion"},{"floor":2.0,"key":"SteroidPotion"},{"floor":5.0,"key":"SteroidPotion"},{"floor":7.0,"key":"Block Potion"},{"floor":11.0,"key":"Block Potion"}],"is_trial":true,"path_per_floor":["M","M","M","M","?","R","E","M","T","R","M","$","R","E","R","B"],"character_chosen":"IRONCLAD","items_purchased":["Reaper","Shrug It Off"],"campfire_rested":3,"item_purchase_floors":[12,12],"current_hp_per_floor":[67,71,55,54,54,54,33,26,26,45,38,38,57,27,46,15],"gold":44,"neow_bonus":"","is_prod":false,"is_daily":false,"chose_seed":false,"campfire_upgraded":1,"win_rate":0,"timestamp":1548775439,"path_taken":["M","M","M","M","?","R","E","M","T","R","?","$","R","E","R","BOSS"],"build_version":"2019-01-23","purchased_purges":0,"victory":false,"max_hp_per_floor":[75,75,75,75,75,75,82,82,82,82,82,82,82,82,82,82],"card_choices":[{"not_picked":["Blood for Blood","Sword Boomerang"],"picked":"Reckless Charge","floor":1.0},{"not_picked":["Wild Strike","Pummel"],"picked":"Twin Strike","floor":2.0},{"not_picked":["Rampage","Wild Strike"],"picked":"Perfected Strike","floor":3.0},{"not_picked":["Clothesline","Dropkick"],"picked":"Armaments","floor":4.0},{"not_picked":["Shrug It Off","Thunderclap"],"picked":"Barricade","floor":7.0},{"not_picked":["Cleave","Sword Boomerang"],"picked":"Shrug It Off","floor":8.0},{"not_picked":["Headbutt","Sword Boomerang"],"picked":"Seeing Red","floor":11.0},{"not_picked":["Cleave","Shockwave"],"picked":"Immolate","floor":14}],"player_experience":4163471,"relics_obtained":[{"floor":7.0,"key":"Strawberry"},{"floor":9.0,"key":"The Courier"},{"floor":14,"key":"Bottled Lightning"}],"event_choices":[{"damage_healed":0.0,"max_hp_gain":0.0,"max_hp_loss":0.0,"gold_gain":0.0,"event_name":"Lab","player_choice":"Got Potions","floor":5.0,"gold_loss":0.0,"damage_taken":0.0}],"is_beta":false,"boss_relics":[],"items_purged_floors":[],"is_endless":false,"potions_floor_spawned":[1,2,7,11],"killed_by":"Slime Boss","ascension_level":25}