{"gold_per_floor":[119,134,59,72,72,72,99,99,99,133,133,133,58,72,72,144,144,157,157,168,183,27,27,27,60,105,130,142,155,181,195,195,272,272,289,289,289,77,94,94,109,109],"floor_reached":42,"playtime":1826,"items_purged":["Strike_R","Strike_R","Cleave"],"score":982,"play_id":"58e1db6c-7afc-4719-930f-98469f1a30f9","local_time":"20190208021818","is_ascension_mode":true,"campfire_choices":[{"floor":6,"key":"REST"},{"floor":8,"key":"REST"},{"floor":12,"key":"REST"},{"data":"Blood for Blood","floor":15,"key":"SMITH"},{"floor":23,"key":"REST"},{"data":"Immolate","floor":24,"key":"SMITH"},{"data":"Havoc","floor":32,"key":"SMITH"},{"data":"Rage","floor":40,"key":"SMITH"}],"neow_cost":"TEN_PERCENT_HP_LOSS","seed_source_timestamp":716686058831400,"circlet_count":0,"master_deck":["AscendersBane","Defend_R","Defend_R","Defend_R","Defend_R","Bash","Heavy Blade","Carnage","Battle Trance","Carnage","Ghostly Armor","Blood for Blood+1","Shrug It Off","Immolate+1","Clothesline+1","Thunderclap","Disarm","Feel No Pain","Infernal Blade+1","Feel No Pain+1","Havoc+1","Barricade","Shrug It Off+1","Dark Shackles","Mayhem","Feel No Pain","Rage+1","True Grit"],"relics":["Burning Blood","Champion Belt","Bronze Scales","WingedGreaves","Question Card","Mark of Pain","Anchor","Mango","Centennial Puzzle","Potion Belt","Pantograph","Velvet Choker"],"potions_floor_usage":[7,7,10,25,33,33],"damage_taken":[{"damage":1,"enemies":"Cultist","floor":1,"turns":3},{"damage":1,"enemies":"Small Slimes","floor":2,"turns":4},{"damage":0,"enemies":"2 Louse","floor":4,"turns":2},{"damage":40,"enemies":"Lagavulin","floor":7,"turns":8},{"damage":30,"enemies":"3 Sentries","floor":10,"turns":6},{"damage":2,"enemies":"Looter","floor":14,"turns":4},{"damage":22,"enemies":"The Guardian","floor":16,"turns":14},{"damage":13,"enemies":"3 Byrds","floor":18,"turns":2},{"damage":12,"enemies":"Chosen","floor":20,"turns":4},{"damage":13,"enemies":"3 Cultists","floor":21,"turns":4},{"damage":0,"enemies":"Gremlin Leader","floor":25,"turns":5},{"damage":11,"enemies":"Slavers","floor":27,"turns":5},{"damage":3,"enemies":"Centurion and Healer","floor":28,"turns":9},{"damage":2,"enemies":"Snake Plant","floor":29,"turns":3},{"damage":22,"enemies":"Book of Stabbing","floor":30,"turns":5},{"damage":18,"enemies":"Snecko","floor":31,"turns":6},{"damage":70,"enemies":"Champ","floor":33,"turns":16},{"damage":2,"enemies":"Orb Walker","floor":35,"turns":3},{"damage":0,"enemies":"3 Shapes","floor":39,"turns":7},{"damage":12,"enemies":"3 Darklings","floor":41,"turns":6},{"damage":75,"enemies":"Nemesis","floor":42,"turns":21}],"seed_played":"702198876288581833","potions_obtained":[{"floor":2,"key":"Ancient Potion"},{"floor":4,"key":"Ancient Potion"},{"floor":7,"key":"BloodPotion"},{"floor":18,"key":"SkillPotion"},{"floor":21,"key":"Ancient Potion"},{"floor":28,"key":"PowerPotion"},{"floor":30,"key":"EssenceOfSteel"},{"floor":31,"key":"Ancient Potion"},{"floor":33,"key":"SpeedPotion"},{"floor":39,"key":"LiquidBronze"}],"is_trial":false,"path_per_floor":["M","M","$","M","?","R","E","R","T","E","?","R","?","M","R","B",null,"M","?","M","M","$","R","R","E","T","E","M","M","E","M","R","B",null,"M","?","?","$","M","R","M","E"],"character_chosen":"IRONCLAD","items_purchased":["AttackPotion","Feel No Pain"],"campfire_rested":4,"item_purchase_floors":[22,38],"current_hp_per_floor":[68,68,68,68,23,43,9,29,29,11,11,31,31,35,35,19,56,49,49,43,36,36,56,56,76,76,71,74,78,62,50,50,11,64,68,58,58,58,64,64,58,0],"gold":109,"neow_bonus":"TRANSFORM_TWO_CARDS","is_prod":false,"is_daily":false,"chose_seed":false,"campfire_upgraded":4,"win_rate":0,"timestamp":1549559898,"path_taken":["M","M","$","M","?","R","E","R","T","E","?","R","?","M","R","BOSS","M","?","M","M","?","R","R","E","T","E","M","M","E","M","R","BOSS","M","?","?","$","M","R","M","E"],"build_version":"2019-01-23","purchased_purges":3,"victory":false,"max_hp_per_floor":[68,68,68,68,68,68,68,68,68,68,68,68,68,68,68,68,68,68,68,68,68,68,68,68,82,82,82,82,82,82,82,82,82,82,82,82,78,78,78,78,78,78],"card_choices":[{"not_picked":["Warcry","Havoc"],"picked":"Heavy Blade","floor":1},{"not_picked":["Cleave","Armaments"],"picked":"Carnage","floor":2},{"not_picked":["Pommel Strike","True Grit"],"picked":"Battle Trance","floor":4},{"not_picked":["Thunderclap","Twin Strike"],"picked":"Carnage","floor":7},{"not_picked":["Metallicize","Spot Weakness"],"picked":"Ghostly Armor","floor":10},{"not_picked":["Infernal Blade","Headbutt","Sword Boomerang"],"picked":"Shrug It Off","floor":14},{"not_picked":["Demon Form","Feed","Limit Break"],"picked":"Immolate","floor":16},{"not_picked":["Thunderclap","Twin Strike","Havoc"],"picked":"Clothesline+1","floor":18},{"not_picked":["Havoc","Headbutt","Pommel Strike","Twin Strike"],"picked":"SKIP","floor":20},{"not_picked":["Armaments","Metallicize","Exhume"],"picked":"Thunderclap","floor":21},{"not_picked":["Warcry","Dual Wield","Metallicize"],"picked":"Disarm","floor":25},{"not_picked":["Searing Blow","Bloodletting","Entrench"],"picked":"Feel No Pain","floor":27},{"not_picked":["Carnage","Clash","Perfected Strike"],"picked":"Infernal Blade+1","floor":28},{"not_picked":["Clothesline+1","True Grit","Demon Form"],"picked":"Feel No Pain+1","floor":29},{"not_picked":["Searing Blow","Fire Breathing","Sentinel","Pommel Strike"],"picked":"SKIP","floor":30},{"not_picked":["Pommel Strike+1","Shrug It Off","Disarm"],"picked":"Havoc","floor":31},{"not_picked":["Limit Break","Fiend Fire","Dark Embrace"],"picked":"Barricade","floor":33},{"not_picked":["True Grit","Pommel Strike","Reckless Charge"],"picked":"Shrug It Off+1","floor":35},{"not_picked":["Swift Strike","Secret Technique","Trip"],"picked":"Dark Shackles","floor":36},{"not_picked":["Dramatic Entrance","The Bomb","HandOfGreed"],"picked":"Mayhem","floor":36},{"not_picked":["Pommel Strike","Rupture+1","Metallicize"],"picked":"Rage","floor":39},{"not_picked":["Sever Soul","Uppercut","Pummel"],"picked":"True Grit","floor":41}],"player_experience":4222117,"relics_obtained":[{"floor":7,"key":"Bronze Scales"},{"floor":9,"key":"WingedGreaves"},{"floor":10,"key":"Question Card"},{"floor":25,"key":"Mango"},{"floor":26,"key":"Centennial Puzzle"},{"floor":27,"key":"Potion Belt"},{"floor":30,"key":"Pantograph"}],"event_choices":[{"damage_healed":0,"gold_gain":0,"player_choice":"Success","damage_taken":45,"relics_obtained":["Champion Belt"],"max_hp_gain":0,"max_hp_loss":0,"event_name":"Scrap Ooze","floor":5,"gold_loss":0},{"damage_healed":0,"gold_gain":0,"cards_transformed":["Perfected Strike"],"player_choice":"Change","damage_taken":0,"max_hp_gain":0,"max_hp_loss":0,"event_name":"Living Wall","floor":11,"gold_loss":0,"cards_obtained":["Blood for Blood"]},{"cards_removed":["Strike_R"],"damage_healed":0,"gold_gain":0,"player_choice":"Card Removal","damage_taken":0,"max_hp_gain":0,"max_hp_loss":0,"event_name":"The Cleric","floor":13,"gold_loss":75},{"damage_healed":0,"gold_gain":0,"player_choice":"Gave Potion","damage_taken":0,"relics_obtained":["Anchor"],"max_hp_gain":0,"max_hp_loss":0,"event_name":"WeMeetAgain","floor":19,"gold_loss":0},{"damage_healed":0,"gold_gain":0,"player_choice":"Memory 3","damage_taken":10,"max_hp_gain":0,"max_hp_loss":0,"event_name":"SensoryStone","floor":36,"gold_loss":0},{"damage_healed":0,"gold_gain":0,"player_choice":"Max HP","damage_taken":0,"max_hp_gain":0,"max_hp_loss":4,"event_name":"Winding Halls","floor":37,"gold_loss":0}],"is_beta":false,"boss_relics":[{"not_picked":["Eternal Feather","Cursed Key"],"picked":"Mark of Pain"},{"not_picked":["Runic Cube","White Beast Statue"],"picked":"Velvet Choker"}],"items_purged_floors":[3,22,38],"is_endless":false,"potions_floor_spawned":[2,4,7,18,21,28,30,31,33,39],"killed_by":"Nemesis","ascension_level":20}