{"gold_per_floor":[109,34,44,64,64,95,105,105,105,137,155,190,190,10,10,113,113,126,1,15,114,131,156,156,183,183,183,183,193,206,206,206,206],"floor_reached":33,"playtime":2094,"items_purged":["Defend_B","Strike_B","Strike_B"],"score":366,"play_id":"468ce9c1-2523-4ed0-bfa7-39850716748f","local_time":"20190104000907","is_ascension_mode":true,"campfire_choices":[{"data":"Reboot","floor":8,"key":"SMITH"},{"floor":13,"key":"RECALL"},{"data":"Loop","floor":15,"key":"SMITH"},{"floor":24,"key":"REST"},{"data":"Machine Learning","floor":27,"key":"SMITH"},{"data":"Turbo","floor":32,"key":"SMITH"}],"neow_cost":"NONE","seed_source_timestamp":1131233366846936,"circlet_count":0,"master_deck":["Strike_B","Strike_B","Defend_B","Defend_B","Defend_B","Zap","Dualcast","Sunder","Conserve Battery","Reboot+1","Sunder","Cold Snap","Cold Snap","Reinforced Body","Loop+1","Machine Learning+1","Glacier","Ball Lightning+1","BootSequence","Turbo+1"],"relics":["Velvet Choker","Mummified Hand","Lantern","Torii","Shuriken","Du-Vu Doll","Philosopher\u0027s Stone","Letter Opener","Frozen Egg 2","Bottled Lightning"],"potions_floor_usage":[6,12,20,20,33,33,33],"damage_taken":[{"damage":1,"enemies":"Cultist","floor":1,"turns":3},{"damage":4,"enemies":"Jaw Worm","floor":3,"turns":3},{"damage":5,"enemies":"Small Slimes","floor":4,"turns":2},{"damage":10,"enemies":"3 Sentries","floor":6,"turns":5},{"damage":0,"enemies":"2 Fungi Beasts","floor":7,"turns":2},{"damage":9,"enemies":"Lagavulin","floor":10,"turns":5},{"damage":1,"enemies":"3 Louse","floor":11,"turns":3},{"damage":19,"enemies":"Gremlin Nob","floor":12,"turns":5},{"damage":4,"enemies":"The Guardian","floor":16,"turns":11},{"damage":0,"enemies":"2 Thieves","floor":18,"turns":3},{"damage":12,"enemies":"3 Byrds","floor":20,"turns":4},{"damage":1,"enemies":"Centurion and Healer","floor":22,"turns":7},{"damage":26,"enemies":"Book of Stabbing","floor":23,"turns":6},{"damage":24,"enemies":"Slavers","floor":25,"turns":7},{"damage":16,"enemies":"Snake Plant","floor":29,"turns":4},{"damage":0,"enemies":"Snecko","floor":30,"turns":4},{"damage":51,"enemies":"Automaton","floor":33,"turns":12}],"seed_played":"7662910001644032075","potions_obtained":[{"floor":1,"key":"Weak Potion"},{"floor":3,"key":"LiquidBronze"},{"floor":7,"key":"PowerPotion"},{"floor":10,"key":"Swift Potion"},{"floor":23,"key":"Regen Potion"},{"floor":25,"key":"GamblersBrew"},{"floor":29,"key":"Strength Potion"}],"is_trial":false,"path_per_floor":["M","$","M","M","T","E","M","R","T","E","M","E","R","$","R","B",null,"M","$","M","?","M","E","R","E","T","R","T","M","M","?","R","B"],"character_chosen":"DEFECT","items_purchased":["Loop"],"campfire_rested":1,"item_purchase_floors":[14],"current_hp_per_floor":[74,74,70,65,65,55,55,55,55,46,45,26,26,26,26,22,75,75,75,63,63,62,36,58,34,34,34,34,18,18,18,18,0],"gold":206,"neow_bonus":"BOSS_RELIC","is_prod":false,"is_daily":false,"chose_seed":false,"campfire_upgraded":4,"win_rate":0,"timestamp":1546578547,"path_taken":["M","$","M","M","?","E","M","R","T","E","M","E","R","$","R","BOSS","M","$","M","?","M","E","R","E","T","R","?","M","M","?","R","BOSS"],"build_version":"2019-01-03v2","purchased_purges":3,"victory":false,"max_hp_per_floor":[75,75,75,75,75,75,75,75,75,75,75,75,75,75,75,75,75,75,75,75,75,75,75,75,75,75,75,75,75,75,75,75,75],"card_choices":[{"not_picked":["Rebound","Steam"],"picked":"Sunder","floor":1},{"not_picked":["Stack","Coolheaded"],"picked":"Conserve Battery","floor":3},{"not_picked":["Beam Cell","Hologram"],"picked":"Reboot","floor":4},{"not_picked":["Go for the Eyes","Lockon"],"picked":"Sunder","floor":6},{"not_picked":["Go for the Eyes","Gash"],"picked":"Cold Snap","floor":7},{"not_picked":["Streamline","Heatsinks","Stack"],"picked":"SKIP","floor":10},{"not_picked":["Steam","Darkness"],"picked":"Cold Snap","floor":11},{"not_picked":["Undo","Force Field"],"picked":"Reinforced Body","floor":12},{"not_picked":["Hyperbeam","Reboot"],"picked":"Machine Learning","floor":16},{"not_picked":["Static Discharge","Stack+1","Rebound"],"picked":"SKIP","floor":18},{"not_picked":["Leap","Tempest+1"],"picked":"Glacier","floor":20},{"not_picked":["Redo","Sweeping Beam+1","Force Field"],"picked":"SKIP","floor":22},{"not_picked":["Compile Driver+1","All For One","Cold Snap"],"picked":"SKIP","floor":23},{"not_picked":["Machine Learning","Conserve Battery"],"picked":"Ball Lightning+1","floor":25},{"not_picked":["Reinforced Body","Redo"],"picked":"BootSequence","floor":29},{"not_picked":["Beam Cell","Force Field"],"picked":"Turbo","floor":30}],"player_experience":266305,"relics_obtained":[{"floor":5,"key":"Mummified Hand"},{"floor":6,"key":"Lantern"},{"floor":9,"key":"Torii"},{"floor":10,"key":"Shuriken"},{"floor":12,"key":"Du-Vu Doll"},{"floor":23,"key":"Letter Opener"},{"floor":25,"key":"Frozen Egg 2"},{"floor":26,"key":"Bottled Lightning"}],"event_choices":[{"damage_healed":0,"gold_gain":99,"player_choice":"Stole From Cult","damage_taken":0,"max_hp_gain":0,"max_hp_loss":0,"event_name":"Nest","floor":21,"gold_loss":0},{"damage_healed":0,"gold_gain":0,"player_choice":"Ignored","damage_taken":0,"max_hp_gain":0,"max_hp_loss":0,"event_name":"Vampires","floor":31,"gold_loss":0}],"is_beta":false,"boss_relics":[{"not_picked":["Snecko Eye","Tiny House"],"picked":"Philosopher\u0027s Stone"}],"items_purged_floors":[2,14,19],"is_endless":false,"potions_floor_spawned":[1,3,7,10,23,25,29],"killed_by":"Automaton","ascension_level":4}