{"gold_per_floor":[113,188,188,30,42,67,78,78,103,132,132,166,26,57,57,135,135,147,157,207,16,16,16,41,41,41,73,92,92,92,102,102,179,179,198,246,258,40,40,71,71,101,101,126,145,162,185,214,214,214,214,214,214,2,27,27],"floor_reached":57,"playtime":3363,"items_purged":["Strike_B","Strike_B","Defend_B","Strike_B","Thunder Strike"],"score":3164,"play_id":"18b1dbfc-dc6c-4520-9ccd-29774cb16946","local_time":"20190308031003","is_ascension_mode":true,"campfire_choices":[{"floor":8.0,"key":"REST"},{"floor":11.0,"key":"REST"},{"floor":15.0,"key":"REST"},{"data":"Defragment","floor":23,"key":"SMITH"},{"floor":25,"key":"REST"},{"data":"Biased Cognition","floor":29,"key":"SMITH"},{"data":"Dualcast","floor":32,"key":"SMITH"},{"data":"Capacitor","floor":41,"key":"SMITH"},{"floor":49,"key":"RECALL"},{"data":"BootSequence","floor":53,"key":"SMITH"}],"neow_cost":"NONE","seed_source_timestamp":31404100839600,"circlet_count":0,"master_deck":["AscendersBane","Defend_B+1","Zap+1","Dualcast+1","Rebound","Lockon+1","Melter+1","BootSequence+1","Defragment+1","Darkness+1","Genetic Algorithm+1","Coolheaded+1","Biased Cognition+1","Skim+1","Hologram+1","Panacea+1","Coolheaded+1","Self Repair","Capacitor+1","Chill+1","Fusion+1","Seek+1","Undo+1","Hologram+1","Conserve Battery+1","Glacier+1","Blizzard+1","Go for the Eyes+1","Reboot+1","Fission+1","Machine Learning"],"special_seed":0,"relics":["Cracked Core","Smiling Mask","War Paint","Letter Opener","Toxic Egg 2","Mummified Hand","Eternal Feather","Ancient Tea Set","Bronze Scales","Whetstone","Black Star","Prayer Wheel","DataDisk","Meat on the Bone","Mango","Dream Catcher","Dodecahedron","Strawberry","PreservedInsect","Boot","Pen Nib","Ornamental Fan","Bottled Tornado"],"potions_floor_usage":[27,28,36,56,56],"damage_taken":[{"damage":0.0,"enemies":"2 Louse","floor":1.0,"turns":4.0},{"damage":4.0,"enemies":"Jaw Worm","floor":5.0,"turns":3.0},{"damage":38.0,"enemies":"Gremlin Nob","floor":6.0,"turns":4.0},{"damage":0.0,"enemies":"Small Slimes","floor":7.0,"turns":3.0},{"damage":11.0,"enemies":"Lagavulin","floor":10.0,"turns":7.0},{"damage":36.0,"enemies":"Gremlin Nob","floor":12.0,"turns":4.0},{"damage":5.0,"enemies":"Lagavulin","floor":14.0,"turns":5.0},{"damage":16.0,"enemies":"The Guardian","floor":16.0,"turns":7.0},{"damage":12.0,"enemies":"Shell Parasite","floor":18.0,"turns":5.0},{"damage":10.0,"enemies":"2 Thieves","floor":19.0,"turns":4.0},{"damage":31,"enemies":"Slavers","floor":24,"turns":7},{"damage":16,"enemies":"Book of Stabbing","floor":27,"turns":5},{"damage":5,"enemies":"Chosen and Byrds","floor":28,"turns":6},{"damage":16,"enemies":"Snecko","floor":31,"turns":5},{"damage":0,"enemies":"Champ","floor":33,"turns":8},{"damage":0,"enemies":"3 Shapes","floor":35,"turns":7},{"damage":48,"enemies":"2 Orb Walkers","floor":36,"turns":5},{"damage":0,"enemies":"Orb Walker","floor":37,"turns":3},{"damage":0,"enemies":"Giant Head","floor":40,"turns":5},{"damage":35,"enemies":"Reptomancer","floor":42,"turns":4},{"damage":0,"enemies":"Nemesis","floor":44,"turns":7},{"damage":0,"enemies":"3 Darklings","floor":45,"turns":6},{"damage":18,"enemies":"Writhing Mass","floor":46,"turns":7},{"damage":0,"enemies":"Reptomancer","floor":48,"turns":5},{"damage":26,"enemies":"Donu and Deca","floor":50,"turns":10},{"damage":12,"enemies":"Awakened One","floor":51,"turns":18},{"damage":14,"enemies":"Shield and Spear","floor":55,"turns":4},{"damage":32,"enemies":"The Heart","floor":56,"turns":9}],"seed_played":"5833219292159024053","potions_obtained":[{"floor":5.0,"key":"Energy Potion"},{"floor":7.0,"key":"SkillPotion"},{"floor":10.0,"key":"Dexterity Potion"},{"floor":14.0,"key":"Strength Potion"},{"floor":16.0,"key":"Block Potion"},{"floor":24,"key":"SpeedPotion"},{"floor":31,"key":"LiquidBronze"},{"floor":33,"key":"Energy Potion"},{"floor":36,"key":"LiquidBronze"},{"floor":45,"key":"Regen Potion"},{"floor":48,"key":"Weak Potion"}],"is_trial":false,"path_per_floor":["M","?","?","$","M","E","M","R","T","E","R","E","$","E","R","B",null,"M","M","?","$","$","R","E","R","T","E","M","R","?","M","R","B",null,"M","?","M","$","?","E","R","E","T","E","M","M","T","E","R","B","B",null,"R","$","E","B",null],"character_chosen":"DEFECT","items_purchased":["Lockon","Genetic Algorithm+1","Panacea+1","Coolheaded+1","DataDisk","Fission+1"],"campfire_rested":4,"item_purchase_floors":[4,13,21,21,38,54],"current_hp_per_floor":[71,60,53,53,49,11,11,34,34,23,46,10,10,5,28,12,62,50,40,40,40,40,52,21,56,56,47,49,61,61,45,57,64,75,78,37,44,44,44,65,80,64,64,78,85,74,74,81,99,80,75,93,99,99,92,67],"gold":27,"neow_bonus":"TEN_PERCENT_HP_BONUS","is_prod":false,"is_daily":false,"chose_seed":false,"campfire_upgraded":5,"win_rate":0,"timestamp":1551982203,"path_taken":["M","?","?","$","M","E","M","R","T","E","R","E","$","E","R","BOSS","M","M","?","$","?","R","E","R","T","E","M","R","?","?","R","BOSS","M","?","M","$","?","E","R","E","T","E","M","M","?","E","R","BOSS","BOSS","R","$","E","BOSS"],"build_version":"2019-01-23","purchased_purges":5,"victory":true,"max_hp_per_floor":[78,78,78,78,78,78,78,78,78,78,78,78,78,78,78,78,78,78,78,78,78,78,78,78,78,78,78,78,78,78,78,78,78,78,78,78,78,78,78,92,92,92,92,99,99,99,99,99,99,99,99,99,99,99,99,99],"card_choices":[{"not_picked":["Leap","Reprogram"],"picked":"Rebound","floor":1.0},{"not_picked":["Hologram","Barrage"],"picked":"Melter","floor":5.0},{"not_picked":["Gash","Undo"],"picked":"BootSequence","floor":6.0},{"not_picked":["Redo","Steam"],"picked":"Defragment","floor":7.0},{"not_picked":["Rip and Tear","Conserve Battery","BootSequence"],"picked":"SKIP","floor":10.0},{"not_picked":["Redo","Rebound"],"picked":"Darkness","floor":12.0},{"not_picked":["Meteor Strike","Aggregate+1"],"picked":"Coolheaded+1","floor":14.0},{"not_picked":["Rainbow+1","Core Surge"],"picked":"Biased Cognition","floor":16.0},{"not_picked":["Cold Snap","Tempest+1"],"picked":"Skim+1","floor":18.0},{"not_picked":["Go for the Eyes","Rip and Tear"],"picked":"Hologram+1","floor":19.0},{"not_picked":["Glacier+1","Chaos+1"],"picked":"Self Repair","floor":24},{"not_picked":["Cold Snap","Compile Driver"],"picked":"Capacitor","floor":27},{"not_picked":["Hologram+1","Stack+1","Ball Lightning"],"picked":"SKIP","floor":28},{"not_picked":["Chill+1","Conserve Battery+1"],"picked":"Fusion+1","floor":31},{"not_picked":["Electrodynamics","Buffer"],"picked":"Seek+1","floor":33},{"not_picked":["Hologram+1","Compile Driver","Ball Lightning"],"picked":"SKIP","floor":35},{"not_picked":["Sweeping Beam","Streamline"],"picked":"Undo+1","floor":37},{"not_picked":["Rip and Tear","Cold Snap","Barrage"],"picked":"SKIP","floor":37},{"not_picked":["Blizzard","Rebound"],"picked":"Hologram+1","floor":40},{"not_picked":["Rebound","Steam+1","Chill+1"],"picked":"SKIP","floor":42},{"not_picked":["BootSequence+1","Consume+1"],"picked":"Conserve Battery+1","floor":44},{"not_picked":["Chill+1","Genetic Algorithm+1"],"picked":"Glacier+1","floor":45},{"not_picked":["Sunder","Stack+1"],"picked":"Blizzard+1","floor":45},{"not_picked":["Scrape","Melter"],"picked":"Go for the Eyes+1","floor":46},{"not_picked":["Conserve Battery+1","Blizzard"],"picked":"Reboot+1","floor":46},{"not_picked":["Leap+1","Consume+1","Gash"],"picked":"SKIP","floor":48},{"not_picked":["Leap+1","Consume+1","Gash"],"picked":"SKIP","floor":48},{"not_picked":["Redo+1","Beam Cell"],"picked":"Machine Learning","floor":55}],"player_experience":4492126,"relics_obtained":[{"floor":6.0,"key":"Smiling Mask"},{"floor":9.0,"key":"War Paint"},{"floor":10.0,"key":"Letter Opener"},{"floor":12.0,"key":"Toxic Egg 2"},{"floor":14.0,"key":"Mummified Hand"},{"floor":24,"key":"Ancient Tea Set"},{"floor":26,"key":"Bronze Scales"},{"floor":27,"key":"Whetstone"},{"floor":36,"key":"Prayer Wheel"},{"floor":40,"key":"Meat on the Bone"},{"floor":40,"key":"Mango"},{"floor":42,"key":"Dream Catcher"},{"floor":42,"key":"Dodecahedron"},{"floor":44,"key":"Strawberry"},{"floor":44,"key":"PreservedInsect"},{"floor":47,"key":"Boot"},{"floor":48,"key":"Pen Nib"},{"floor":55,"key":"Ornamental Fan"},{"floor":55,"key":"Bottled Tornado"}],"event_choices":[{"damage_healed":0.0,"max_hp_gain":0.0,"max_hp_loss":0.0,"gold_gain":75.0,"event_name":"World of Goop","player_choice":"Gather Gold","floor":2.0,"gold_loss":0.0,"damage_taken":11.0},{"cards_removed":["Strike_B"],"damage_healed":0.0,"max_hp_gain":0.0,"max_hp_loss":0.0,"gold_gain":0.0,"event_name":"Golden Wing","player_choice":"Card Removal","floor":3.0,"gold_loss":0.0,"damage_taken":7.0},{"damage_healed":0.0,"max_hp_gain":0.0,"max_hp_loss":0.0,"gold_gain":50.0,"event_name":"Nest","player_choice":"Stole From Cult","floor":20.0,"gold_loss":0.0,"damage_taken":0.0},{"damage_healed":0,"gold_gain":0,"cards_transformed":["Defend_B","Defend_B"],"player_choice":"Became Test Subject","damage_taken":0,"max_hp_gain":0,"max_hp_loss":0,"event_name":"Drug Dealer","floor":30,"gold_loss":0,"cards_obtained":["Thunder Strike","Chill"]},{"damage_healed":0,"gold_gain":0,"player_choice":"Fight","damage_taken":0,"max_hp_gain":0,"max_hp_loss":0,"event_name":"Mysterious Sphere","floor":36,"gold_loss":0},{"damage_healed":0,"gold_gain":0,"player_choice":"Memory 1","damage_taken":0,"max_hp_gain":0,"max_hp_loss":0,"event_name":"SensoryStone","floor":39,"gold_loss":0}],"is_beta":false,"boss_relics":[{"not_picked":["Lizard Tail","Busted Crown"],"picked":"Eternal Feather"},{"not_picked":["Astrolabe","Runic Dome"],"picked":"Black Star"}],"items_purged_floors":[4,13,21,38,54],"is_endless":false,"potions_floor_spawned":[5,7,10,14,16,24,31,33,36,44,45,48],"ascension_level":20}