{"gold_per_floor":[113,113,113,127,146,146,165,194,194,194,194,211,245,258,258,258],"floor_reached":16,"playtime":724,"items_purged":[],"score":223,"play_id":"b2b8db3e-b45d-46cc-aea8-f4e721d87ab7","local_time":"20190309163530","is_ascension_mode":true,"campfire_choices":[{"data":"Neutralize","floor":6,"key":"SMITH"},{"floor":11,"key":"REST"},{"data":"All Out Attack","floor":15,"key":"SMITH"}],"neow_cost":"CURSE","seed_source_timestamp":214911910823751,"circlet_count":0,"master_deck":["AscendersBane","Defend_G","Defend_G","Defend_G","Defend_G","Defend_G","Strike_G","Strike_G","Strike_G","Strike_G","Strike_G","Survivor","Neutralize+1","Flying Knee","Infinite Blades","Poisoned Stab","Terror","All Out Attack+1","Pain","Blur","Dodge and Roll"],"relics":["Ring of the Snake","Ginger","Spirit Poop","Dodecahedron","Mercury Hourglass","WarpedTongs","Lantern"],"potions_floor_usage":[8,13,16,16],"damage_taken":[{"damage":0,"enemies":"2 Louse","floor":1,"turns":5},{"damage":4,"enemies":"Small Slimes","floor":4,"turns":4},{"damage":1,"enemies":"Cultist","floor":5,"turns":3},{"damage":7,"enemies":"3 Louse","floor":7,"turns":5},{"damage":7,"enemies":"Lagavulin","floor":8,"turns":6},{"damage":8,"enemies":"Red Slaver","floor":12,"turns":5},{"damage":8,"enemies":"3 Sentries","floor":13,"turns":5},{"damage":7,"enemies":"Looter","floor":14,"turns":3},{"damage":51,"enemies":"Slime Boss","floor":16,"turns":7}],"seed_played":"-1499678519752800172","potions_obtained":[{"floor":1,"key":"Weak Potion"},{"floor":7,"key":"FearPotion"},{"floor":12,"key":"EssenceOfSteel"},{"floor":13,"key":"Regen Potion"}],"is_trial":false,"path_per_floor":["M","?","?","M","M","R","M","E","T","?","R","M","E","M","R","B"],"character_chosen":"THE_SILENT","items_purchased":[],"campfire_rested":1,"item_purchase_floors":[],"current_hp_per_floor":[59,59,59,55,54,54,47,40,40,40,59,51,43,36,36,0],"gold":258,"neow_bonus":"ONE_RARE_RELIC","is_prod":false,"is_daily":false,"chose_seed":false,"campfire_upgraded":2,"win_rate":0,"timestamp":1552116930,"path_taken":["M","?","?","M","M","R","?","E","T","?","R","M","E","?","R","BOSS"],"build_version":"2019-01-23","purchased_purges":0,"victory":false,"max_hp_per_floor":[66,66,66,66,66,66,66,66,66,66,66,66,66,66,66,66],"card_choices":[{"not_picked":["Reflex","PiercingWail"],"picked":"Flying Knee","floor":1},{"not_picked":["Slice","Riddle With Holes"],"picked":"Infinite Blades","floor":4},{"not_picked":["Concentrate","Underhanded Strike"],"picked":"Poisoned Stab","floor":5},{"not_picked":["Poisoned Stab","Sucker Punch"],"picked":"Terror","floor":7},{"not_picked":["Bane","Sucker Punch"],"picked":"All Out Attack","floor":8},{"not_picked":["PiercingWail","Concentrate"],"picked":"Blur","floor":12},{"not_picked":["Skewer","Poisoned Stab","Eviscerate"],"picked":"SKIP","floor":13},{"not_picked":["Bouncing Flask","Deflect"],"picked":"Dodge and Roll","floor":14}],"player_experience":660414,"relics_obtained":[{"floor":8,"key":"Dodecahedron"},{"floor":9,"key":"Mercury Hourglass"},{"floor":13,"key":"Lantern"}],"event_choices":[{"damage_healed":0,"gold_gain":0,"player_choice":"Ignored","damage_taken":0,"max_hp_gain":0,"max_hp_loss":0,"event_name":"Liars Game","floor":2,"gold_loss":0},{"cards_removed":["Clumsy"],"damage_healed":0,"gold_gain":0,"player_choice":"Offered Curse","damage_taken":0,"relics_obtained":["Spirit Poop"],"max_hp_gain":0,"max_hp_loss":0,"event_name":"Bonfire Elementals","floor":3,"gold_loss":0},{"damage_healed":0,"gold_gain":0,"player_choice":"Rummage","damage_taken":0,"relics_obtained":["WarpedTongs"],"max_hp_gain":0,"max_hp_loss":0,"event_name":"Accursed Blacksmith","floor":10,"gold_loss":0,"cards_obtained":["Pain"]}],"is_beta":false,"boss_relics":[],"items_purged_floors":[],"is_endless":false,"potions_floor_spawned":[1,7,12,13],"killed_by":"Slime Boss","ascension_level":20}