{"gold_per_floor":[211,211,229,243,262,262,291,306,306,325,29,29,29,45,45,143,143,160,85,85,101,119,119,139,149,175,195,195,207,207,207,207,307,307,317,63,163,183,195,195,215,234,234,234,234,50,63,82,82,82],"floor_reached":51,"playtime":5067,"items_purged":["Defend_B"],"score":609,"play_id":"f650fe50-136a-4d9c-8cbc-4f70b91814c1","local_time":"20190122223042","is_ascension_mode":false,"campfire_choices":[{"data":"Beam Cell","floor":6.0,"key":"SMITH"},{"floor":12.0,"key":"REST"},{"floor":15.0,"key":"REST"},{"floor":23.0,"key":"REST"},{"floor":28.0,"key":"REST"},{"floor":30.0,"key":"REST"},{"data":"Seek","floor":32.0,"key":"SMITH"},{"floor":40.0,"key":"REST"},{"floor":45.0,"key":"REST"},{"floor":49.0,"key":"REST"}],"neow_cost":"NONE","seed_source_timestamp":0,"circlet_count":0,"master_deck":["Strike_B","Strike_B","Defend_B","Defend_B+1","Zap","Dualcast+1","Rebound","Leap","Auto Shields","Beam Cell+1","Ball Lightning","Storm+1","Echo Form+1","Machine Learning+1","Coolheaded+1","Seek+1","Static Discharge+1","Conserve Battery+1","Rainbow","Conserve Battery+1","Static Discharge+1","Heatsinks+1","Double Energy","Defragment+1"],"special_seed":0,"relics":["Cracked Core","Kunai","War Paint","Frozen Egg 2","Lantern","Bag of Preparation","Sozu","Shuriken","Girya","Mercury Hourglass","Oddly Smooth Stone"],"potions_floor_usage":[],"damage_taken":[{"damage":1.0,"enemies":"Cultist","floor":1.0,"turns":3.0},{"damage":0.0,"enemies":"Small Slimes","floor":3.0,"turns":2.0},{"damage":2.0,"enemies":"Jaw Worm","floor":4.0,"turns":3.0},{"damage":0.0,"enemies":"Blue Slaver","floor":5.0,"turns":4.0},{"damage":18.0,"enemies":"Gremlin Nob","floor":7.0,"turns":4.0},{"damage":5.0,"enemies":"Lots of Slimes","floor":8.0,"turns":4.0},{"damage":5.0,"enemies":"2 Fungi Beasts","floor":10.0,"turns":4.0},{"damage":14.0,"enemies":"3 Louse","floor":14.0,"turns":2.0},{"damage":31.0,"enemies":"The Guardian","floor":16.0,"turns":11.0},{"damage":9.0,"enemies":"2 Thieves","floor":18.0,"turns":3.0},{"damage":10.0,"enemies":"Chosen","floor":21.0,"turns":4.0},{"damage":11.0,"enemies":"Snake Plant","floor":22.0,"turns":4.0},{"damage":4.0,"enemies":"Chosen and Byrds","floor":24.0,"turns":5.0},{"damage":14.0,"enemies":"Cultist and Chosen","floor":25.0,"turns":7.0},{"damage":18.0,"enemies":"3 Cultists","floor":27.0,"turns":4.0},{"damage":26.0,"enemies":"Snake Plant","floor":29.0,"turns":2.0},{"damage":56.0,"enemies":"Collector","floor":33.0,"turns":10.0},{"damage":5.0,"enemies":"3 Shapes","floor":35.0,"turns":4.0},{"damage":13.0,"enemies":"Mind Bloom Boss Battle","floor":37.0,"turns":5.0},{"damage":18.0,"enemies":"3 Darklings","floor":38.0,"turns":6.0},{"damage":16.0,"enemies":"Transient","floor":39.0,"turns":5.0},{"damage":14.0,"enemies":"Jaw Worm Horde","floor":41.0,"turns":5.0},{"damage":10.0,"enemies":"Spire Growth","floor":42.0,"turns":5.0},{"damage":0.0,"enemies":"Sphere and 2 Shapes","floor":44.0,"turns":3.0},{"damage":16.0,"enemies":"Maw","floor":47.0,"turns":7.0},{"damage":6.0,"enemies":"Writhing Mass","floor":48.0,"turns":6.0},{"damage":28,"enemies":"Donu and Deca","floor":50,"turns":9}],"seed_played":"3513237929172978872","potions_obtained":[{"floor":4.0,"key":"Dexterity Potion"},{"floor":5.0,"key":"Block Potion"},{"floor":10.0,"key":"Fire Potion"},{"floor":14.0,"key":"SkillPotion"},{"floor":22.0,"key":"SmokeBomb"},{"floor":29.0,"key":"EntropicBrew"},{"floor":33.0,"key":"Ancient Potion"}],"is_trial":false,"path_per_floor":["M","T","M","M","M","R","E","M","T","M","$","R","?","M","R","B",null,"M","?","?","M","M","R","M","M","T","M","R","M","R","?","R","B",null,"M","$","?","M","M","R","M","M","T","M","R","$","M","M","R","B",null],"character_chosen":"DEFECT","items_purchased":["Lantern","Storm+1","Shuriken","Oddly Smooth Stone","Double Energy"],"campfire_rested":8,"item_purchase_floors":[11,11,36,46,46],"current_hp_per_floor":[74,74,74,72,72,72,54,49,49,44,44,66,59,45,67,36,75,66,66,66,56,45,67,63,49,49,31,53,27,49,74,74,18,75,70,70,57,39,23,45,31,21,21,21,43,43,27,21,43,15],"gold":82,"neow_bonus":"HUNDRED_GOLD","is_prod":false,"is_daily":false,"chose_seed":false,"campfire_upgraded":2,"win_rate":0,"timestamp":1548192642,"path_taken":["M","?","M","M","?","R","E","M","T","M","$","R","?","M","R","BOSS","M","?","?","M","M","R","M","M","T","?","R","M","R","?","R","BOSS","M","$","?","M","M","R","M","M","T","M","R","$","M","M","R","BOSS"],"build_version":"2019-01-17v2","purchased_purges":1,"victory":true,"max_hp_per_floor":[75,75,75,75,75,75,75,75,75,75,75,75,75,75,75,75,75,75,75,75,75,75,75,75,75,75,75,75,75,75,75,75,75,75,75,75,75,75,75,75,75,75,75,75,75,75,75,75,75,75],"card_choices":[{"not_picked":["Turbo","Beam Cell"],"picked":"Rebound","floor":1.0},{"not_picked":["Go for the Eyes","Skim"],"picked":"Leap","floor":3.0},{"not_picked":["Barrage","Machine Learning"],"picked":"Auto Shields","floor":4.0},{"not_picked":["Cold Snap","Heatsinks"],"picked":"Beam Cell","floor":5.0},{"not_picked":["Stack","Streamline"],"picked":"Ball Lightning","floor":7.0},{"not_picked":["Aggregate","Chaos","Leap"],"picked":"SKIP","floor":8.0},{"not_picked":["Tempest","Rebound","Chaos"],"picked":"SKIP","floor":10.0},{"not_picked":["Sweeping Beam","Hello World+1"],"picked":"Echo Form+1","floor":14.0},{"not_picked":["Multi-Cast","Fission"],"picked":"Machine Learning+1","floor":16.0},{"not_picked":["Aggregate","Reprogram","Scrape+1"],"picked":"SKIP","floor":18.0},{"not_picked":["Leap","Skim"],"picked":"Coolheaded+1","floor":21.0},{"not_picked":["Auto Shields","Streamline+1","Sweeping Beam"],"picked":"SKIP","floor":22.0},{"not_picked":["Hologram","Cold Snap"],"picked":"Seek","floor":24.0},{"not_picked":["BootSequence","FTL"],"picked":"Static Discharge+1","floor":25.0},{"not_picked":["Leap","Hologram+1","Gash"],"picked":"SKIP","floor":27.0},{"not_picked":["Sunder","Cold Snap"],"picked":"Conserve Battery+1","floor":29.0},{"not_picked":["Machine Learning+1","Echo Form+1"],"picked":"Rainbow","floor":33.0},{"not_picked":["Steam Power+1","Stack"],"picked":"Conserve Battery+1","floor":35.0},{"not_picked":["Streamline+1","Redo+1"],"picked":"Static Discharge+1","floor":37.0},{"not_picked":["Redo+1","Double Energy","Conserve Battery"],"picked":"SKIP","floor":38.0},{"not_picked":["Consume+1","Capacitor+1"],"picked":"Heatsinks+1","floor":39.0},{"not_picked":["Leap","Hello World+1","Gash+1"],"picked":"SKIP","floor":41.0},{"not_picked":["Go for the Eyes+1","Ball Lightning+1","Sweeping Beam"],"picked":"SKIP","floor":42.0},{"not_picked":["Sweeping Beam","Coolheaded+1"],"picked":"Defragment+1","floor":47.0},{"not_picked":["Rebound+1","Genetic Algorithm","Stack"],"picked":"SKIP","floor":48.0}],"player_experience":249138,"relics_obtained":[{"floor":2.0,"key":"Kunai"},{"floor":7.0,"key":"War Paint"},{"floor":9.0,"key":"Frozen Egg 2"},{"floor":26.0,"key":"Bag of Preparation"},{"floor":37.0,"key":"Girya"},{"floor":43.0,"key":"Mercury Hourglass"}],"event_choices":[{"cards_removed":["Strike_B"],"damage_healed":0.0,"max_hp_gain":0.0,"max_hp_loss":0.0,"gold_gain":0.0,"event_name":"Golden Wing","player_choice":"Card Removal","floor":13.0,"gold_loss":0.0,"damage_taken":7.0},{"cards_removed":["Defend_B"],"damage_healed":0.0,"max_hp_gain":0.0,"max_hp_loss":0.0,"gold_gain":0.0,"event_name":"Beggar","player_choice":"Gave Gold","floor":19.0,"gold_loss":75.0,"damage_taken":0.0},{"cards_removed":["Strike_B"],"damage_healed":0.0,"max_hp_gain":0.0,"max_hp_loss":0.0,"gold_gain":0.0,"event_name":"Bonfire Elementals","player_choice":"Offered Basic","floor":20.0,"gold_loss":0.0,"damage_taken":0.0},{"damage_healed":25.0,"max_hp_gain":0.0,"max_hp_loss":0.0,"gold_gain":0.0,"event_name":"The Library","player_choice":"Heal","floor":31.0,"gold_loss":0.0,"damage_taken":0.0},{"damage_healed":0.0,"max_hp_gain":0.0,"max_hp_loss":0.0,"gold_gain":0.0,"event_name":"MindBloom","player_choice":"Fight","floor":37.0,"gold_loss":0.0,"damage_taken":0.0}],"is_beta":false,"boss_relics":[{"not_picked":["Coffee Dripper","Calling Bell","Runic Dome"]},{"not_picked":["Velvet Choker","Philosopher\u0027s Stone"],"picked":"Sozu"}],"items_purged_floors":[11],"is_endless":false,"potions_floor_spawned":[4,5,10,14,22,29,33,35,41,42,48],"ascension_level":0}