{"gold_per_floor":[109,109,109,124,124,164,177,202,229,229,245,245,258,282,282,375,375,388,402,0,0,0],"floor_reached":22,"playtime":468,"items_purged":[],"score":526,"play_id":"d62d9223-b4e4-4478-b15e-b5dc9ff28021","local_time":"20190111002804","is_ascension_mode":true,"campfire_choices":[{"data":"Combust","floor":10,"key":"SMITH"},{"data":"Body Slam","floor":12,"key":"SMITH"},{"data":"Second Wind","floor":15,"key":"SMITH"}],"neow_cost":"NONE","seed_source_timestamp":24043764449084,"circlet_count":0,"master_deck":["AscendersBane","Bash","Twin Strike","Body Slam+1","Combust+1","Second Wind+1","Offering","Infernal Blade","Seeing Red","Reaper","Dark Embrace","Hemokinesis","Sword Boomerang","Shrug It Off","Battle Trance","Battle Trance"],"relics":["Burning Blood","NeowsBlessing","Golden Idol","Oddly Smooth Stone","Whetstone","Pandora\u0027s Box"],"potions_floor_usage":[16,16],"damage_taken":[{"damage":0,"enemies":"Jaw Worm","floor":1,"turns":1},{"damage":0,"enemies":"Small Slimes","floor":4,"turns":1},{"damage":0,"enemies":"Gremlin Nob","floor":6,"turns":1},{"damage":0,"enemies":"Cultist","floor":7,"turns":3},{"damage":23,"enemies":"Blue Slaver","floor":8,"turns":5},{"damage":9,"enemies":"Gremlin Gang","floor":11,"turns":5},{"damage":2,"enemies":"3 Louse","floor":13,"turns":4},{"damage":3,"enemies":"Large Slime","floor":14,"turns":4},{"damage":12,"enemies":"Slime Boss","floor":16,"turns":6},{"damage":49,"enemies":"Chosen","floor":18,"turns":4},{"damage":11,"enemies":"Shell Parasite","floor":19,"turns":7}],"seed_played":"-3745700921838535270","potions_obtained":[{"floor":7,"key":"PowerPotion"},{"floor":8,"key":"Swift Potion"},{"floor":11,"key":"AttackPotion"}],"is_trial":false,"path_per_floor":["M","?","?","M","?","E","M","M","T","R","M","R","M","M","R","B",null,"M","M","?","?","?"],"character_chosen":"IRONCLAD","items_purchased":[],"campfire_rested":0,"item_purchase_floors":[],"current_hp_per_floor":[74,48,48,54,54,60,66,49,49,49,46,46,50,53,53,47,68,29,28,28,28,28],"gold":0,"neow_bonus":"THREE_ENEMY_KILL","is_prod":false,"is_daily":false,"chose_seed":false,"campfire_upgraded":3,"win_rate":0,"timestamp":1547134084,"path_taken":["M","?","?","?","?","E","?","M","T","R","M","R","M","M","R","BOSS","M","M","?","?","?"],"build_version":"2019-01-03v4","purchased_purges":0,"victory":false,"max_hp_per_floor":[75,75,75,75,75,75,75,75,75,75,75,75,75,75,75,75,75,75,75,75,75,75],"card_choices":[{"not_picked":["Flex","Cleave"],"picked":"Twin Strike","floor":1},{"not_picked":["Dual Wield","Searing Blow"],"picked":"Body Slam","floor":4},{"not_picked":["Anger","Perfected Strike","Wild Strike"],"picked":"SKIP","floor":6},{"not_picked":["Perfected Strike","Disarm"],"picked":"Combust","floor":7},{"not_picked":["Warcry","Clash","Flex"],"picked":"SKIP","floor":8},{"not_picked":["Sword Boomerang","Headbutt","Warcry"],"picked":"SKIP","floor":11},{"not_picked":["Clothesline","Bloodletting","Reckless Charge"],"picked":"SKIP","floor":13},{"not_picked":["Shockwave","Dual Wield"],"picked":"Second Wind","floor":14},{"not_picked":["Immolate","Brutality"],"picked":"Offering","floor":16},{"not_picked":["Corruption","Infernal Blade"],"picked":"Battle Trance","floor":18},{"not_picked":["Sword Boomerang","Pummel"],"picked":"Battle Trance","floor":19}],"player_experience":4040237,"relics_obtained":[{"floor":6,"key":"Oddly Smooth Stone"},{"floor":9,"key":"Whetstone"}],"event_choices":[{"damage_healed":0,"gold_gain":0,"player_choice":"Take Damage","damage_taken":26,"relics_obtained":["Golden Idol"],"max_hp_gain":0,"max_hp_loss":0,"event_name":"Golden Idol","floor":2,"gold_loss":0},{"cards_removed":["Strike_R"],"damage_healed":0,"gold_gain":0,"player_choice":"Offered Basic","damage_taken":0,"max_hp_gain":0,"max_hp_loss":0,"event_name":"Bonfire Elementals","floor":3,"gold_loss":0},{"cards_removed":["Strike_R"],"damage_healed":0,"gold_gain":0,"player_choice":"Purged","damage_taken":0,"max_hp_gain":0,"max_hp_loss":0,"event_name":"Purifier","floor":5,"gold_loss":0},{"damage_healed":0,"gold_gain":0,"player_choice":"Paid Fearfully","damage_taken":0,"max_hp_gain":0,"max_hp_loss":0,"event_name":"Masked Bandits","floor":20,"gold_loss":402},{"damage_healed":0,"gold_gain":0,"player_choice":"Ignored","damage_taken":0,"max_hp_gain":0,"max_hp_loss":0,"event_name":"Beggar","floor":21,"gold_loss":0}],"is_beta":false,"boss_relics":[{"not_picked":["Sozu","Busted Crown"],"picked":"Pandora\u0027s Box"}],"items_purged_floors":[],"is_endless":false,"potions_floor_spawned":[7,8,11,13],"ascension_level":20}