{"gold_per_floor":[110,128,203,203,216,216,229,251,331,341,24,41,41,76,76,148,148,161,161,161,211,187,187,220,220,220,236,247,247,263,276,276,348,348,366,366,386,436,4,4,23,55,55,74,74],"floor_reached":45,"playtime":1624,"items_purged":["Strike_R","Bludgeon"],"score":994,"play_id":"1249a897-0533-46fe-9636-df8335869c38","local_time":"20190109003946","is_ascension_mode":true,"campfire_choices":[{"data":"Armaments","floor":6.0,"key":"SMITH"},{"data":"Offering","floor":13.0,"key":"SMITH"},{"data":"Barricade","floor":15.0,"key":"SMITH"},{"floor":23.0,"key":"REST"},{"floor":25.0,"key":"REST"},{"floor":29.0,"key":"REST"},{"floor":32.0,"key":"REST"},{"data":"Brutality","floor":40.0,"key":"SMITH"}],"neow_cost":"NONE","seed_source_timestamp":598310230427193,"circlet_count":0,"master_deck":["AscendersBane","Bash+1","Power Through","Pommel Strike","Armaments+1","Hemokinesis","Rupture","Anger","Offering+1","Combust","Barricade+1","Impervious","Pummel","Clumsy","Sentinel+1","Shrug It Off","Intimidate","Brutality+1","True Grit","Fiend Fire","Fiend Fire","Fiend Fire","Sever Soul","Sword Boomerang+1","Pain","Feel No Pain","Disarm","Calculated Gamble","Pain"],"special_seed":0,"relics":["Burning Blood","Odd Mushroom","Gremlin Horn","Potion Belt","Cursed Key","Red Mask","Vajra","Pandora\u0027s Box","WarpedTongs","PrismaticShard","Mercury Hourglass"],"potions_floor_usage":[42,42],"damage_taken":[{"damage":13.0,"enemies":"2 Louse","floor":1.0,"turns":4.0},{"damage":10.0,"enemies":"Small Slimes","floor":2.0,"turns":4.0},{"damage":0.0,"enemies":"Jaw Worm","floor":5.0,"turns":3.0},{"damage":7.0,"enemies":"Exordium Thugs","floor":7.0,"turns":4.0},{"damage":25.0,"enemies":"The Mushroom Lair","floor":8.0,"turns":7.0},{"damage":3.0,"enemies":"3 Louse","floor":10.0,"turns":3.0},{"damage":4.0,"enemies":"Blue Slaver","floor":12.0,"turns":3.0},{"damage":11.0,"enemies":"Gremlin Nob","floor":14.0,"turns":2.0},{"damage":23.0,"enemies":"Hexaghost","floor":16.0,"turns":8.0},{"damage":13.0,"enemies":"Shell Parasite","floor":18.0,"turns":6.0},{"damage":20.0,"enemies":"2 Thieves","floor":22.0,"turns":4.0},{"damage":28.0,"enemies":"Masked Bandits","floor":24.0,"turns":4.0},{"damage":21.0,"enemies":"Centurion and Healer","floor":27.0,"turns":9.0},{"damage":12.0,"enemies":"Sentry and Sphere","floor":28.0,"turns":4.0},{"damage":14.0,"enemies":"Snecko","floor":30.0,"turns":6.0},{"damage":31.0,"enemies":"Cultist and Chosen","floor":31.0,"turns":7.0},{"damage":28.0,"enemies":"Collector","floor":33.0,"turns":11.0},{"damage":0.0,"enemies":"3 Shapes","floor":35.0,"turns":3.0},{"damage":12.0,"enemies":"Orb Walker","floor":37.0,"turns":4.0},{"damage":53.0,"enemies":"Spire Growth","floor":41.0,"turns":5.0},{"damage":8,"enemies":"Nemesis","floor":42,"turns":7},{"damage":11,"enemies":"4 Shapes","floor":44,"turns":8},{"damage":10,"enemies":"Jaw Worm Horde","floor":45,"turns":3}],"seed_played":"-2680413651912366785","potions_obtained":[{"floor":1.0,"key":"Fire Potion"},{"floor":5.0,"key":"SteroidPotion"},{"floor":12.0,"key":"Poison Potion"},{"floor":16.0,"key":"EssenceOfSteel"},{"floor":27.0,"key":"Explosive Potion"},{"floor":30.0,"key":"Block Potion"},{"floor":31.0,"key":"SkillPotion"},{"floor":41.0,"key":"EssenceOfSteel"},{"floor":42,"key":"Strength Potion"}],"is_trial":false,"path_per_floor":["M","M","?","?","M","R","M","?","T","M","$","M","R","E","R","B",null,"M","?","?","?","M","R","?","R","T","M","M","R","M","M","R","B",null,"M","?","M","?","$","R","M","E","T","M","M"],"character_chosen":"IRONCLAD","items_purchased":["Offering","Combust","PrismaticShard","PowerPotion","Weak Potion"],"campfire_rested":4,"item_purchase_floors":[11,11,39,39,39],"current_hp_per_floor":[61,57,46,46,52,52,51,32,32,35,35,37,37,32,32,15,60,53,53,32,32,18,42,20,44,44,29,23,47,39,14,38,16,64,70,70,64,64,64,64,17,15,15,10,0],"gold":74,"neow_bonus":"UPGRADE_CARD","is_prod":false,"is_daily":false,"chose_seed":false,"campfire_upgraded":4,"win_rate":0,"timestamp":1546961986,"path_taken":["M","M","?","?","M","R","M","?","T","M","?","?","R","E","R","BOSS","M","?","?","?","?","R","?","R","T","M","M","R","M","M","R","BOSS","M","?","?","?","$","R","M","E","T","M","?"],"build_version":"2019-01-03v4","purchased_purges":2,"victory":false,"max_hp_per_floor":[75,75,75,75,75,75,75,75,75,75,75,75,75,75,75,75,75,75,75,80,80,80,80,80,80,80,80,80,80,80,80,80,80,80,80,80,80,80,80,80,80,80,80,80,80],"card_choices":[{"not_picked":["Cleave","Sword Boomerang"],"picked":"Power Through","floor":1.0},{"not_picked":["Cleave","Heavy Blade"],"picked":"Pommel Strike","floor":2.0},{"not_picked":["Iron Wave","Cleave"],"picked":"Armaments","floor":5.0},{"not_picked":["Shrug It Off","Sword Boomerang"],"picked":"Hemokinesis","floor":7.0},{"not_picked":["Feel No Pain","Clash"],"picked":"Rupture","floor":8.0},{"not_picked":["Perfected Strike","Flex"],"picked":"Anger","floor":10.0},{"not_picked":["Clothesline","Berserk","Iron Wave"],"picked":"SKIP","floor":12.0},{"not_picked":["Pommel Strike","Cleave"],"picked":"Barricade","floor":14.0},{"not_picked":["Barricade","Bludgeon"],"picked":"Impervious","floor":16.0},{"not_picked":["Iron Wave","Thunderclap","Warcry"],"picked":"SKIP","floor":18.0},{"not_picked":["Thunderclap","Cleave","Berserk"],"picked":"SKIP","floor":22.0},{"not_picked":["Spot Weakness","Warcry+1"],"picked":"Pummel","floor":24.0},{"not_picked":["Clash","Inflame","Clothesline"],"picked":"SKIP","floor":27.0},{"not_picked":["Uppercut","Iron Wave"],"picked":"Sentinel+1","floor":28.0},{"not_picked":["Shockwave","Feed"],"picked":"Shrug It Off","floor":30.0},{"not_picked":["Warcry","Twin Strike+1"],"picked":"Intimidate","floor":31.0},{"not_picked":["Immolate","Feed"],"picked":"Brutality","floor":33.0},{"not_picked":["Twin Strike+1","Perfected Strike"],"picked":"Sword Boomerang+1","floor":35.0},{"not_picked":["Body Slam","Wild Strike"],"picked":"Feel No Pain","floor":37.0},{"not_picked":["Havoc","Sweeping Beam"],"picked":"Disarm","floor":41.0},{"not_picked":["Capacitor","Prepared"],"picked":"Calculated Gamble","floor":42},{"not_picked":["HandOfGreed","Dash+1","Sweeping Beam"],"picked":"SKIP","floor":44}],"player_experience":4018537,"relics_obtained":[{"floor":8.0,"key":"Odd Mushroom"},{"floor":9.0,"key":"Gremlin Horn"},{"floor":14.0,"key":"Potion Belt"},{"floor":24.0,"key":"Red Mask"},{"floor":26.0,"key":"Vajra"},{"floor":42,"key":"Mercury Hourglass"}],"event_choices":[{"damage_healed":0.0,"max_hp_gain":0.0,"max_hp_loss":0.0,"gold_gain":75.0,"event_name":"World of Goop","player_choice":"Gather Gold","floor":3.0,"gold_loss":0.0,"damage_taken":11.0},{"cards_removed":["Strike_R"],"damage_healed":0.0,"max_hp_gain":0.0,"max_hp_loss":0.0,"gold_gain":0.0,"event_name":"Living Wall","player_choice":"Forget","floor":4.0,"gold_loss":0.0,"damage_taken":0.0},{"damage_healed":0.0,"max_hp_gain":0.0,"max_hp_loss":0.0,"gold_gain":0.0,"event_name":"Mushrooms","player_choice":"Fought Mushrooms","floor":8.0,"gold_loss":0.0,"damage_taken":0.0},{"cards_removed":["Strike_R"],"damage_healed":0.0,"max_hp_gain":0.0,"max_hp_loss":0.0,"gold_gain":0.0,"event_name":"Back to Basics","player_choice":"Elegance","floor":19.0,"gold_loss":0.0,"damage_taken":0.0},{"damage_healed":0.0,"max_hp_gain":5.0,"max_hp_loss":0.0,"gold_gain":0.0,"event_name":"Forgotten Altar","player_choice":"Shed Blood","floor":20.0,"gold_loss":0.0,"damage_taken":26.0},{"damage_healed":0.0,"max_hp_gain":0.0,"max_hp_loss":0.0,"gold_gain":50.0,"event_name":"Golden Shrine","player_choice":"Pray","floor":21.0,"gold_loss":0.0,"damage_taken":0.0},{"damage_healed":0.0,"max_hp_gain":0.0,"max_hp_loss":0.0,"gold_gain":0.0,"event_name":"Masked Bandits","player_choice":"Fought Bandits","floor":24.0,"gold_loss":0.0,"damage_taken":0.0},{"damage_healed":0.0,"max_hp_gain":0.0,"max_hp_loss":0.0,"gold_gain":0.0,"event_name":"Accursed Blacksmith","player_choice":"Rummage","floor":36.0,"gold_loss":0.0,"damage_taken":0.0,"relics_obtained":["WarpedTongs"],"cards_obtained":["Pain"]},{"damage_healed":0.0,"max_hp_gain":0.0,"max_hp_loss":0.0,"gold_gain":50.0,"event_name":"Golden Shrine","player_choice":"Pray","floor":38.0,"gold_loss":0.0,"damage_taken":0.0}],"is_beta":false,"boss_relics":[{"not_picked":["Black Blood","Tiny House"],"picked":"Cursed Key"},{"not_picked":["Runic Pyramid","Coffee Dripper"],"picked":"Pandora\u0027s Box"}],"items_purged_floors":[11,39],"is_endless":false,"potions_floor_spawned":[1,5,12,16,27,30,31,41,42],"killed_by":"Jaw Worm Horde","ascension_level":20}