{"gold_per_floor":[368,368,191,191,201,201,101,118,118,147,147,22,22,22,22,101,101,120,120],"floor_reached":19,"playtime":563,"items_purged":["Strike_B","Defend_B","Strike_B"],"score":326,"play_id":"1b1d5d0a-4ece-45bd-ab74-0218a7829ecc","local_time":"20190221031402","is_ascension_mode":true,"campfire_choices":[{"data":"Coolheaded","floor":6,"key":"SMITH"},{"data":"Fusion","floor":11,"key":"SMITH"},{"floor":15,"key":"REST"}],"neow_cost":"PERCENT_DAMAGE","seed_source_timestamp":565150772649100,"circlet_count":0,"master_deck":["AscendersBane","Strike_B","Defend_B","Defend_B","Defend_B","Zap","Dualcast","Gash","Gash","Coolheaded+1","Compile Driver","Fusion+1","Reboot","Barrage+1"],"relics":["Cracked Core","Shuriken","Singing Bowl","Inserter"],"potions_floor_usage":[16],"damage_taken":[{"damage":1,"enemies":"Cultist","floor":1,"turns":4},{"damage":3,"enemies":"Small Slimes","floor":5,"turns":3},{"damage":0,"enemies":"Jaw Worm","floor":8,"turns":3},{"damage":27,"enemies":"3 Sentries","floor":10,"turns":8},{"damage":19,"enemies":"Hexaghost","floor":16,"turns":7},{"damage":21,"enemies":"3 Byrds","floor":18,"turns":5},{"damage":50,"enemies":"Colosseum Slavers","floor":19,"turns":3}],"seed_played":"4552331117704719981","potions_obtained":[{"floor":10,"key":"Strength Potion"},{"floor":16,"key":"FocusPotion"},{"floor":18,"key":"Dexterity Potion"}],"is_trial":false,"path_per_floor":["M","?","$","T","M","R","$","M","T","E","R","$","?","?","R","B",null,"M","?"],"character_chosen":"DEFECT","items_purchased":["Gash","Coolheaded"],"campfire_rested":1,"item_purchase_floors":[3,3],"current_hp_per_floor":[45,45,45,45,42,42,42,42,42,17,17,17,22,4,27,8,61,40,0],"gold":120,"neow_bonus":"TWO_FIFTY_GOLD","is_prod":false,"is_daily":false,"chose_seed":false,"campfire_upgraded":2,"win_rate":0,"timestamp":1550686442,"path_taken":["M","?","$","?","?","R","?","M","T","E","R","$","?","?","R","BOSS","M","?"],"build_version":"2019-01-23","purchased_purges":3,"victory":false,"max_hp_per_floor":[71,71,71,71,71,71,71,71,71,73,73,73,78,78,78,78,78,78,78],"card_choices":[{"not_picked":["Sweeping Beam","Redo"],"picked":"Gash","floor":1},{"not_picked":["Stack","Double Energy"],"picked":"Compile Driver","floor":5},{"not_picked":["Barrage","Consume"],"picked":"Fusion","floor":8},{"not_picked":["Aggregate","Redo","Amplify"],"picked":"Singing Bowl","floor":10},{"not_picked":["Creative AI","Machine Learning"],"picked":"Reboot","floor":16},{"not_picked":["Heatsinks","Cold Snap"],"picked":"Barrage+1","floor":18}],"player_experience":4369206,"relics_obtained":[{"floor":9,"key":"Shuriken"},{"floor":10,"key":"Singing Bowl"}],"event_choices":[{"cards_removed":["Strike_B"],"damage_healed":0,"gold_gain":0,"player_choice":"Offered Basic","damage_taken":0,"max_hp_gain":0,"max_hp_loss":0,"event_name":"Bonfire Elementals","floor":2,"gold_loss":0},{"damage_healed":0,"gold_gain":0,"player_choice":"Donut","damage_taken":0,"max_hp_gain":5,"max_hp_loss":0,"event_name":"Big Fish","floor":13,"gold_loss":0},{"damage_healed":0,"gold_gain":0,"player_choice":"Fled","damage_taken":18,"max_hp_gain":0,"max_hp_loss":0,"event_name":"Scrap Ooze","floor":14,"gold_loss":0},{"damage_healed":0,"gold_gain":0,"player_choice":"Fight","damage_taken":0,"max_hp_gain":0,"max_hp_loss":0,"event_name":"Colosseum","floor":19,"gold_loss":0}],"is_beta":false,"boss_relics":[{"not_picked":["Calling Bell","Velvet Choker"],"picked":"Inserter"}],"items_purged_floors":[3,7,12],"is_endless":false,"potions_floor_spawned":[10,16,18],"killed_by":"Colosseum Slavers","ascension_level":20}