{"gold_per_floor":[361,380,395,470,470,470,502,502,552,552,29,47,81,96,96,169,169,182,198,198,198],"floor_reached":21,"playtime":1221,"items_purged":["Strike_R"],"score":350,"play_id":"5a8517af-9ea1-4a41-8144-ce72d1a3d1c6","local_time":"20190315162613","is_ascension_mode":true,"campfire_choices":[{"floor":6.0,"key":"REST"},{"floor":8.0,"key":"REST"},{"data":"Seeing Red","floor":10.0,"key":"SMITH"},{"floor":15.0,"key":"REST"}],"neow_cost":"PERCENT_DAMAGE","seed_source_timestamp":22898261515901,"circlet_count":0,"master_deck":["AscendersBane","Strike_R","Strike_R","Strike_R","Defend_R","Defend_R","Defend_R","Defend_R","Bash","Second Wind+1","Spot Weakness","Seeing Red+1","Impervious+1","Body Slam","Carnage","Headbutt","Barricade","Body Slam+1","RitualDagger"],"special_seed":0,"relics":["Burning Blood","War Paint","Art of War","Ginger","Toxic Egg 2","Mark of Pain"],"potions_floor_usage":[],"damage_taken":[{"damage":6.0,"enemies":"Jaw Worm","floor":1.0,"turns":6.0},{"damage":2.0,"enemies":"Cultist","floor":2.0,"turns":4.0},{"damage":14.0,"enemies":"Small Slimes","floor":3.0,"turns":4.0},{"damage":35.0,"enemies":"3 Sentries","floor":7.0,"turns":12.0},{"damage":8.0,"enemies":"2 Fungi Beasts","floor":12.0,"turns":5.0},{"damage":38.0,"enemies":"Lagavulin","floor":13.0,"turns":8.0},{"damage":0.0,"enemies":"Large Slime","floor":14.0,"turns":4.0},{"damage":45.0,"enemies":"Slime Boss","floor":16.0,"turns":16.0},{"damage":23.0,"enemies":"Chosen","floor":18.0,"turns":6.0},{"damage":28.0,"enemies":"2 Thieves","floor":19.0,"turns":3.0},{"damage":18,"enemies":"Centurion and Healer","floor":21,"turns":1}],"seed_played":"-3348173348926945651","potions_obtained":[{"floor":3.0,"key":"Weak Potion"},{"floor":13.0,"key":"Weak Potion"},{"floor":14.0,"key":"FairyPotion"}],"is_trial":false,"path_per_floor":["M","M","M","?","?","R","E","R","T","R","$","M","E","M","R","B",null,"M","M","?","M"],"character_chosen":"IRONCLAD","items_purchased":["Ginger","Energy Potion","Body Slam"],"campfire_rested":3,"item_purchase_floors":[11,11,11],"current_hp_per_floor":[50,54,46,35,35,57,28,50,50,50,50,48,16,22,44,13,60,43,21,15,0],"gold":198,"neow_bonus":"TWO_FIFTY_GOLD","is_prod":false,"is_daily":false,"chose_seed":false,"campfire_upgraded":1,"win_rate":0,"timestamp":1552634773,"path_taken":["M","M","M","?","?","R","E","R","T","R","$","M","E","M","R","BOSS","M","?","?","M"],"build_version":"2019-01-23","purchased_purges":1,"victory":false,"max_hp_per_floor":[75,75,75,75,75,75,75,75,75,75,75,75,75,75,75,75,75,75,75,75,75],"card_choices":[{"not_picked":["Pommel Strike","Flex"],"picked":"Second Wind","floor":1.0},{"not_picked":["Clothesline","Heavy Blade"],"picked":"Spot Weakness","floor":2.0},{"not_picked":["Body Slam","Wild Strike"],"picked":"Seeing Red","floor":3.0},{"not_picked":["Pommel Strike","Warcry"],"picked":"Impervious","floor":7.0},{"not_picked":["Clash","Dropkick","Flex"],"picked":"SKIP","floor":12.0},{"not_picked":["Twin Strike","Iron Wave"],"picked":"Carnage","floor":13.0},{"not_picked":["Burning Pact+1","Anger"],"picked":"Headbutt","floor":14.0},{"not_picked":["Bludgeon","Brutality"],"picked":"Barricade","floor":16.0},{"not_picked":["Clash","Dropkick+1","Heavy Blade"],"picked":"SKIP","floor":18.0},{"not_picked":["Twin Strike","Iron Wave"],"picked":"Body Slam+1","floor":19.0}],"player_experience":331619,"relics_obtained":[{"floor":7.0,"key":"War Paint"},{"floor":9.0,"key":"Art of War"},{"floor":13.0,"key":"Toxic Egg 2"}],"event_choices":[{"damage_healed":0.0,"max_hp_gain":0.0,"max_hp_loss":0.0,"gold_gain":75.0,"event_name":"World of Goop","player_choice":"Gather Gold","floor":4.0,"gold_loss":0.0,"damage_taken":11.0},{"cards_removed":["Strike_R"],"damage_healed":0.0,"max_hp_gain":0.0,"max_hp_loss":0.0,"gold_gain":0.0,"event_name":"Purifier","player_choice":"Purged","floor":5.0,"gold_loss":0.0,"damage_taken":0.0},{"damage_healed":0.0,"max_hp_gain":0.0,"max_hp_loss":0.0,"gold_gain":0.0,"event_name":"Nest","player_choice":"Joined the Cult","floor":20.0,"gold_loss":0.0,"damage_taken":6.0,"cards_obtained":["RitualDagger"]}],"is_beta":false,"boss_relics":[{"not_picked":["Busted Crown","Astrolabe"],"picked":"Mark of Pain"}],"items_purged_floors":[11],"is_endless":false,"potions_floor_spawned":[3,13,14],"killed_by":"Centurion and Healer","ascension_level":17}