{"gold_per_floor":[113,132,132,132,151,151,167,181,206,239,255,255,33,47,47,151,151,161,180,197,197,208,208],"floor_reached":23,"playtime":730,"items_purged":["Strike_B"],"score":222,"play_id":"469df316-e96b-4bf2-ac6e-2b969ad100fb","local_time":"20181125013642","is_ascension_mode":false,"campfire_choices":[{"data":"Redo","floor":6,"key":"SMITH"},{"floor":12,"key":"REST"},{"floor":15,"key":"REST"}],"neow_cost":"NONE","seed_source_timestamp":696109514097432,"circlet_count":0,"master_deck":["Strike_B","Strike_B","Strike_B+1","Defend_B","Defend_B","Defend_B","Defend_B","Zap+1","Dualcast","Doom and Gloom+1","Barrage","Redo+1","Darkness","Buffer","Biased Cognition","Steam Power","Cold Snap","Conserve Battery","Loop","Gash","All For One","Storm+1","Compile Driver","Gash","Flash of Steel","Conserve Battery"],"relics":["FrozenCore","PreservedInsect","Anchor","Vajra"],"potions_floor_usage":[16,22,22,23],"damage_taken":[{"damage":1,"enemies":"Cultist","floor":1,"turns":3},{"damage":5,"enemies":"2 Louse","floor":2,"turns":2},{"damage":8,"enemies":"Jaw Worm","floor":5,"turns":3},{"damage":10,"enemies":"Looter","floor":7,"turns":2},{"damage":21,"enemies":"Red Slaver","floor":8,"turns":3},{"damage":0,"enemies":"Gremlin Nob","floor":10,"turns":3},{"damage":0,"enemies":"3 Louse","floor":11,"turns":1},{"damage":0,"enemies":"Looter","floor":14,"turns":2},{"damage":3,"enemies":"Slime Boss","floor":16,"turns":8},{"damage":17,"enemies":"2 Thieves","floor":18,"turns":3},{"damage":19,"enemies":"Shell Parasite","floor":19,"turns":4},{"damage":0,"enemies":"Centurion and Healer","floor":20,"turns":7},{"damage":11,"enemies":"Snecko","floor":22,"turns":5},{"damage":14,"enemies":"Snake Plant","floor":23,"turns":2}],"seed_played":"-9028850708612739682","potions_obtained":[{"floor":1,"key":"Fire Potion"},{"floor":5,"key":"AttackPotion"},{"floor":10,"key":"SpeedPotion"},{"floor":16,"key":"Poison Potion"},{"floor":22,"key":"SteroidPotion"}],"is_trial":false,"path_per_floor":["M","M","?","?","M","R","M","M","T","E","M","R","$","M","R","B",null,"M","M","M","?","M","M"],"character_chosen":"DEFECT","items_purchased":["Cold Snap","Conserve Battery","Loop"],"campfire_rested":2,"item_purchase_floors":[13,13,13],"current_hp_per_floor":[74,69,69,54,46,46,36,15,15,15,15,37,37,37,59,56,75,58,39,39,25,14,0],"gold":208,"neow_bonus":"RANDOM_COMMON_RELIC","is_prod":false,"is_daily":false,"chose_seed":false,"campfire_upgraded":1,"win_rate":0.0,"timestamp":1543131402,"path_taken":["M","M","?","?","M","R","M","M","T","E","?","R","$","M","R","BOSS","M","M","M","?","M","M"],"build_version":"2018-11-15","purchased_purges":1,"victory":false,"max_hp_per_floor":[75,75,75,75,75,75,75,75,75,75,75,75,75,75,75,75,75,75,75,75,75,75,75],"card_choices":[{"not_picked":["Go for the Eyes","Coolheaded"],"picked":"Doom and Gloom","floor":1},{"not_picked":["Leap","Reboot"],"picked":"Barrage","floor":2},{"not_picked":["Hello World","Reinforced Body"],"picked":"Redo","floor":5},{"not_picked":["Hologram","Redo"],"picked":"Darkness","floor":7},{"not_picked":["Consume","Rip and Tear"],"picked":"Buffer","floor":8},{"not_picked":["Reprogram","Redo"],"picked":"Biased Cognition","floor":10},{"not_picked":["Compile Driver","Beam Cell"],"picked":"Steam Power","floor":11},{"not_picked":["Barrage","Rebound"],"picked":"Gash","floor":14},{"not_picked":["Rainbow","Machine Learning"],"picked":"All For One","floor":16},{"not_picked":["Double Energy","Leap"],"picked":"Storm+1","floor":18},{"not_picked":["Consume+1","White Noise"],"picked":"Compile Driver","floor":19},{"not_picked":["Barrage","Hologram"],"picked":"Gash","floor":20},{"not_picked":["Auto Shields","Force Field+1"],"picked":"Conserve Battery","floor":22}],"player_experience":41875,"relics_obtained":[{"floor":9,"key":"Anchor"},{"floor":10,"key":"Vajra"}],"event_choices":[{"damage_healed":0,"gold_gain":0,"player_choice":"Grow","damage_taken":0,"max_hp_gain":0,"max_hp_loss":0,"event_name":"Living Wall","floor":3,"gold_loss":0,"cards_upgraded":["Zap"]},{"damage_healed":0,"gold_gain":0,"player_choice":"Entered Light","damage_taken":15,"max_hp_gain":0,"max_hp_loss":0,"event_name":"Shining Light","floor":4,"gold_loss":0,"cards_upgraded":["Strike_B","Doom and Gloom"]},{"damage_healed":0,"gold_gain":0,"player_choice":"CARD ","damage_taken":14,"max_hp_gain":0,"max_hp_loss":0,"event_name":"Knowing Skull","floor":21,"potions_obtained":[],"gold_loss":0,"cards_obtained":["Flash of Steel"]}],"is_beta":false,"boss_relics":[{"not_picked":["Runic Dome","White Beast Statue"],"picked":"FrozenCore"}],"items_purged_floors":[13],"is_endless":false,"potions_floor_spawned":[1,5,10,14,16,18,22],"killed_by":"Snake Plant","ascension_level":0}