{"gold_per_floor":[214,231,156,174,186,220,220,247,301,301,331,362,375,330,330,426,426,442,455,19,19,36,68,68,100,153,188,188,188,222,234,234,333,383,393,194,210,227,244,269,269,297,321,321,353,353,379,379,379,379,379,379,24,24],"floor_reached":54,"playtime":5140,"items_purged":["Strike_R","Strike_R","Rage"],"score":1132,"play_id":"65bb45b9-c9f4-47bc-a024-ccaa552a9af4","local_time":"20190417171041","is_ascension_mode":true,"campfire_choices":[{"data":"Body Slam","floor":7,"key":"SMITH"},{"data":"Barricade","floor":10,"key":"SMITH"},{"data":"Metallicize","floor":15,"key":"SMITH"},{"floor":24,"key":"REST"},{"floor":29,"key":"REST"},{"floor":32,"key":"RECALL"},{"floor":41,"key":"REST"},{"floor":46,"key":"REST"},{"floor":49,"key":"REST"},{"floor":52,"key":"REST"}],"neow_cost":"NONE","seed_source_timestamp":9860135896151,"circlet_count":0,"master_deck":["Strike_R","Strike_R","Strike_R","Defend_R","Defend_R+1","Defend_R","Defend_R","Metallicize+1","Body Slam+1","Pommel Strike","Iron Wave","Barricade+1","Entrench","Shrug It Off","Warcry+1","Body Slam","Warcry+1","Dual Wield+1","Body Slam+1","Impervious","Flash of Steel"],"relics":["Burning Blood","Happy Flower","Mercury Hourglass","Smiling Mask","Fusion Hammer","Mummified Hand","Strawberry","Nloth\u0027s Gift","Pen Nib","Red Mask","Bronze Scales","Paper Frog","MutagenicStrength","Regal Pillow","Tiny House","Bag of Preparation","Prayer Wheel","Bottled Tornado","Bottled Flame","Juzu Bracelet","Art of War"],"potions_floor_usage":[6,8,16,16,23,27,39,40,54],"damage_taken":[{"damage":1,"enemies":"Cultist","floor":1,"turns":3},{"damage":4,"enemies":"Jaw Worm","floor":2,"turns":5},{"damage":10,"enemies":"Small Slimes","floor":4,"turns":4},{"damage":11,"enemies":"Looter","floor":5,"turns":4},{"damage":7,"enemies":"Gremlin Nob","floor":6,"turns":4},{"damage":29,"enemies":"3 Sentries","floor":8,"turns":11},{"damage":17,"enemies":"Gremlin Nob","floor":12,"turns":5},{"damage":16,"enemies":"Red Slaver","floor":13,"turns":5},{"damage":0,"enemies":"The Guardian","floor":16,"turns":10},{"damage":6,"enemies":"Chosen","floor":18,"turns":6},{"damage":6,"enemies":"3 Byrds","floor":19,"turns":5},{"damage":26,"enemies":"Sentry and Sphere","floor":22,"turns":8},{"damage":11,"enemies":"Book of Stabbing","floor":23,"turns":7},{"damage":42,"enemies":"Masked Bandits","floor":25,"turns":6},{"damage":18,"enemies":"Slavers","floor":27,"turns":6},{"damage":0,"enemies":"Gremlin Leader","floor":30,"turns":6},{"damage":3,"enemies":"Chosen and Byrds","floor":31,"turns":5},{"damage":48,"enemies":"Automaton","floor":33,"turns":12},{"damage":0,"enemies":"Orb Walker","floor":35,"turns":4},{"damage":0,"enemies":"3 Darklings","floor":37,"turns":6},{"damage":7,"enemies":"Writhing Mass","floor":38,"turns":6},{"damage":0,"enemies":"4 Shapes","floor":39,"turns":5},{"damage":36,"enemies":"Nemesis","floor":40,"turns":9},{"damage":3,"enemies":"Giant Head","floor":42,"turns":7},{"damage":0,"enemies":"Reptomancer","floor":45,"turns":6},{"damage":0,"enemies":"Giant Head","floor":47,"turns":5},{"damage":0,"enemies":"Time Eater","floor":50,"turns":9},{"damage":121,"enemies":"Shield and Spear","floor":54,"turns":9}],"seed_played":"8381990170058202615","potions_obtained":[{"floor":5,"key":"Regen Potion"},{"floor":8,"key":"Weak Potion"},{"floor":12,"key":"Energy Potion"},{"floor":19,"key":"EssenceOfSteel"},{"floor":25,"key":"Swift Potion"},{"floor":30,"key":"Fire Potion"},{"floor":31,"key":"SmokeBomb"},{"floor":34,"key":"AttackPotion"},{"floor":42,"key":"SkillPotion"},{"floor":45,"key":"Energy Potion"}],"is_trial":false,"path_per_floor":["M","?","?","?","M","?","?","?","?"],"character_chosen":"IRONCLAD","items_purchased":["Pommel Strike","PowerPotion","Mummified Hand","Strawberry","Bag of Preparation","Art of War","LiquidBronze","BloodPotion"],"campfire_rested":6,"item_purchase_floors":[3,3,20,20,36,53,53,53],"current_hp_per_floor":[80,80,80,76,71,70,70,62,62,62,62,51,41,41,41,47,80,80,80,87,87,67,62,87,51,51,39,39,65,71,74,74,32,92,92,92,92,91,92,62,92,92,92,92,92,92,92,92,92,92,92,92,92,0],"gold":24,"neow_bonus":"HUNDRED_GOLD","is_prod":false,"is_daily":false,"chose_seed":false,"campfire_upgraded":3,"win_rate":0,"timestamp":1555513841,"path_taken":["M","M","$","?","M","E","R","E","T","R","?","E","M","?","R","BOSS","M","M","$","?","?","E","R","?","T","E","?","R","E","M","R","BOSS","M","$","M","M","M","E","R","E","T","?","E","R","E","?","R","BOSS","R","$","E"],"build_version":"2019-01-23","purchased_purges":3,"victory":false,"max_hp_per_floor":[80,80,80,80,80,80,80,80,80,80,80,80,80,80,80,80,80,80,80,87,87,87,87,87,87,87,87,87,87,87,87,87,87,92,92,92,92,92,92,92,92,92,92,92,92,92,92,92,92,92,92,92,92,92],"card_choices":[{"not_picked":["Thunderclap","Wild Strike"],"picked":"Metallicize","floor":1},{"not_picked":["Sword Boomerang","Iron Wave"],"picked":"Body Slam","floor":2},{"not_picked":["Flex","Wild Strike","Cleave"],"picked":"SKIP","floor":4},{"not_picked":["Warcry","Pommel Strike","Exhume"],"picked":"SKIP","floor":5},{"not_picked":["Shockwave","Sword Boomerang"],"picked":"Iron Wave","floor":6},{"not_picked":["Warcry","Perfected Strike"],"picked":"Barricade","floor":8},{"not_picked":["Flame Barrier","Wild Strike"],"picked":"Entrench","floor":12},{"not_picked":["Iron Wave","Havoc","Heavy Blade"],"picked":"SKIP","floor":13},{"not_picked":["Anger","Havoc","Sword Boomerang+1"],"picked":"SKIP","floor":18},{"not_picked":["Searing Blow+1","Corruption","Sword Boomerang+1"],"picked":"SKIP","floor":19},{"not_picked":["Clothesline","Twin Strike+1","Double Tap"],"picked":"SKIP","floor":22},{"not_picked":["Barricade","Limit Break"],"picked":"Shrug It Off","floor":23},{"not_picked":["Armaments","Thunderclap"],"picked":"Warcry+1","floor":25},{"not_picked":["Bludgeon","Infernal Blade","Berserk"],"picked":"SKIP","floor":27},{"not_picked":["Twin Strike","Armaments","Clash"],"picked":"SKIP","floor":30},{"not_picked":["Armaments+1","Perfected Strike+1"],"picked":"Body Slam","floor":31},{"not_picked":["Power Through+1","Thunderclap"],"picked":"Warcry+1","floor":35},{"not_picked":["Rupture","Brutality","Sword Boomerang+1"],"picked":"SKIP","floor":37},{"not_picked":["True Grit","Infernal Blade+1"],"picked":"Dual Wield+1","floor":38},{"not_picked":["Corruption","Headbutt+1"],"picked":"Rage","floor":39},{"not_picked":["Headbutt","Berserk"],"picked":"Body Slam+1","floor":40},{"not_picked":["Perfected Strike","Twin Strike"],"picked":"Impervious","floor":42},{"not_picked":["Trip","Metamorphosis"],"picked":"Flash of Steel","floor":44},{"not_picked":["Dual Wield+1","Perfected Strike","Berserk"],"picked":"SKIP","floor":45},{"not_picked":["True Grit","Thunderclap","Hemokinesis+1"],"picked":"SKIP","floor":47}],"player_experience":132772,"relics_obtained":[{"floor":6,"key":"Happy Flower"},{"floor":8,"key":"Mercury Hourglass"},{"floor":9,"key":"Smiling Mask"},{"floor":12,"key":"Dream Catcher"},{"floor":23,"key":"Pen Nib"},{"floor":25,"key":"Red Mask"},{"floor":26,"key":"Bronze Scales"},{"floor":27,"key":"Paper Frog"},{"floor":30,"key":"Regal Pillow"},{"floor":40,"key":"Prayer Wheel"},{"floor":42,"key":"Bottled Tornado"},{"floor":45,"key":"Bottled Flame"},{"floor":47,"key":"Juzu Bracelet"}],"event_choices":[{"damage_healed":0,"gold_gain":30,"player_choice":"Searched \u00272\u0027 times","damage_taken":0,"max_hp_gain":0,"max_hp_loss":0,"event_name":"Dead Adventurer","floor":11,"gold_loss":0},{"damage_healed":0,"gold_gain":0,"player_choice":"Left Gold","damage_taken":0,"max_hp_gain":0,"max_hp_loss":0,"event_name":"World of Goop","floor":14,"gold_loss":45},{"damage_healed":0,"gold_gain":0,"player_choice":"Traded Relic","damage_taken":0,"relics_obtained":["Nloth\u0027s Gift"],"max_hp_gain":0,"max_hp_loss":0,"event_name":"N\u0027loth","floor":21,"relics_lost":["Dream Catcher"],"gold_loss":0},{"damage_healed":0,"gold_gain":0,"player_choice":"Fought Bandits","damage_taken":0,"max_hp_gain":0,"max_hp_loss":0,"event_name":"Masked Bandits","floor":25,"gold_loss":0},{"damage_healed":0,"gold_gain":0,"player_choice":"Inject Mutagens","damage_taken":0,"relics_obtained":["MutagenicStrength"],"max_hp_gain":0,"max_hp_loss":0,"event_name":"Drug Dealer","floor":28,"gold_loss":0},{"damage_healed":0,"gold_gain":0,"player_choice":"Memory 1","damage_taken":0,"max_hp_gain":0,"max_hp_loss":0,"event_name":"SensoryStone","floor":44,"gold_loss":0},{"cards_removed":["Bash"],"damage_healed":0,"gold_gain":0,"player_choice":"Removed Attack","damage_taken":0,"max_hp_gain":0,"max_hp_loss":0,"event_name":"Falling","floor":48,"gold_loss":0}],"is_beta":false,"boss_relics":[{"not_picked":["Philosopher\u0027s Stone","Coffee Dripper"],"picked":"Fusion Hammer"},{"not_picked":["Black Star","Runic Cube"],"picked":"Tiny House"}],"items_purged_floors":[20,36,53],"is_endless":false,"potions_floor_spawned":[5,8,12,19,25,30,31,37,42,45,47],"killed_by":"Shield and Spear","ascension_level":2}