{"gold_per_floor":[112,132,151,151,137,162,162,162,216,234,261,271,290,290,290,393,393,408,216,216,231,246,246,161,13,13,38,56,131,142,171,171,276,276,290,305,324,89,105,105,115,215,239,268,284,107,107,124,124,124],"floor_reached":51,"playtime":7405,"items_purged":["Normality","Decay"],"score":864,"play_id":"7f37c49f-35ad-4223-8954-a4187b9563d1","local_time":"20190415110248","is_ascension_mode":true,"campfire_choices":[{"floor":8.0,"key":"REST"},{"data":"Neutralize","floor":15.0,"key":"SMITH"},{"data":"Poisoned Stab","floor":23.0,"key":"SMITH"},{"data":"Bouncing Flask","floor":32.0,"key":"SMITH"},{"floor":40,"key":"REST"},{"floor":47,"key":"REST"},{"floor":49,"key":"DIG"}],"neow_cost":"NONE","seed_source_timestamp":0,"circlet_count":0,"master_deck":["Defend_G","Defend_G","Defend_G","Defend_G","Defend_G","Survivor","Neutralize+1","Quick Slash","PiercingWail+1","Footwork+1","Backflip+1","Tools of the Trade+1","Slice+1","Footwork+1","Bouncing Flask+1","Finesse","Bite","Bite","Bite","Bite","Bite","Poisoned Stab+1","Endless Agony+1","Envenom+1","Bullet Time","Infinite Blades+1","Deflect","Backstab","A Thousand Cuts+1","Doubt","Prepared+1","Footwork+1","Finesse+1","PiercingWail+1","Prepared+1","PiercingWail+1"],"special_seed":0,"relics":["Ring of the Snake","Frozen Egg 2","Boot","Regal Pillow","Empty Cage","Mummified Hand","Bottled Lightning","Incense Burner","Paper Crane","Calling Bell","Centennial Puzzle","Toxic Egg 2","Shovel","Oddly Smooth Stone","Smiling Mask","Happy Flower"],"potions_floor_usage":[41,45,45,50,50,50],"damage_taken":[{"damage":1.0,"enemies":"Small Slimes","floor":1.0,"turns":4.0},{"damage":0.0,"enemies":"Cultist","floor":2.0,"turns":5.0},{"damage":0.0,"enemies":"2 Louse","floor":3.0,"turns":3.0},{"damage":6.0,"enemies":"Exordium Thugs","floor":5.0,"turns":6.0},{"damage":33.0,"enemies":"Gremlin Nob","floor":6.0,"turns":5.0},{"damage":0.0,"enemies":"2 Fungi Beasts","floor":10.0,"turns":4.0},{"damage":15.0,"enemies":"Lagavulin","floor":11.0,"turns":14.0},{"damage":1.0,"enemies":"Red Slaver","floor":12.0,"turns":7.0},{"damage":0.0,"enemies":"Blue Slaver","floor":13.0,"turns":5.0},{"damage":16.0,"enemies":"The Guardian","floor":16.0,"turns":22.0},{"damage":9.0,"enemies":"3 Byrds","floor":18.0,"turns":8.0},{"damage":10.0,"enemies":"Shell Parasite","floor":21.0,"turns":6.0},{"damage":2.0,"enemies":"Snake Plant","floor":22.0,"turns":6.0},{"damage":0.0,"enemies":"Gremlin Leader","floor":27.0,"turns":7.0},{"damage":16.0,"enemies":"Centurion and Healer","floor":28.0,"turns":10.0},{"damage":11.0,"enemies":"Shelled Parasite and Fungi","floor":30.0,"turns":7.0},{"damage":12.0,"enemies":"Slavers","floor":31.0,"turns":6.0},{"damage":14.0,"enemies":"Collector","floor":33.0,"turns":9.0},{"damage":0.0,"enemies":"3 Shapes","floor":35.0,"turns":5.0},{"damage":29.0,"enemies":"3 Darklings","floor":36.0,"turns":5.0},{"damage":17,"enemies":"Sphere and 2 Shapes","floor":37,"turns":7},{"damage":3,"enemies":"4 Shapes","floor":39,"turns":4},{"damage":2,"enemies":"3 Darklings","floor":41,"turns":5},{"damage":59,"enemies":"Giant Head","floor":44,"turns":8},{"damage":4,"enemies":"Jaw Worm Horde","floor":45,"turns":6},{"damage":6,"enemies":"4 Shapes","floor":48,"turns":6},{"damage":43,"enemies":"Awakened One","floor":50,"turns":18}],"seed_played":"-2938632464039325071","potions_obtained":[{"floor":1.0,"key":"SkillPotion"},{"floor":5.0,"key":"AttackPotion"},{"floor":10.0,"key":"AttackPotion"},{"floor":21.0,"key":"Ancient Potion"},{"floor":28.0,"key":"Strength Potion"},{"floor":30.0,"key":"EntropicBrew"},{"floor":33.0,"key":"GhostInAJar"},{"floor":44,"key":"Fire Potion"},{"floor":45,"key":"SteroidPotion"}],"is_trial":false,"path_per_floor":["?","?","M","M","?","?","?","?","M","?","M"],"character_chosen":"THE_SILENT","items_purchased":["Footwork+1","Bouncing Flask","Finesse","Envenom+1","EssenceOfSteel","Finesse+1","Prepared+1","Regen Potion"],"campfire_rested":3,"item_purchase_floors":[19,19,19,25,38,38,46,46],"current_hp_per_floor":[76,76,76,76,70,37,37,60,60,60,45,44,44,29,29,13,77,68,68,53,53,53,53,53,53,53,53,53,48,49,49,49,53,53,53,28,21,21,26,53,53,53,53,9,21,21,51,53,53,33],"gold":124,"neow_bonus":"TEN_PERCENT_HP_BONUS","is_prod":false,"is_daily":false,"chose_seed":false,"campfire_upgraded":3,"win_rate":0,"timestamp":1555318968,"path_taken":["M","M","M","?","M","E","?","R","T","M","E","?","?","?","R","BOSS","M","$","?","M","M","R","?","$","T","E","M","?","?","E","R","BOSS","M","M","M","$","M","R","M","?","T","E","?","$","R","M","R","BOSS"],"build_version":"2019-01-23","purchased_purges":2,"victory":true,"max_hp_per_floor":[77,77,77,77,77,77,77,77,77,77,77,77,77,77,77,77,77,77,77,53,53,53,53,53,53,53,53,53,53,53,53,53,53,53,53,53,53,53,53,53,53,53,53,53,53,53,53,53,53,53],"card_choices":[{"not_picked":["Flying Knee","Deflect"],"picked":"Quick Slash","floor":1.0},{"not_picked":["Acrobatics","Sucker Punch"],"picked":"PiercingWail","floor":2.0},{"not_picked":["Masterful Stab","Acrobatics","Distraction"],"picked":"SKIP","floor":3.0},{"not_picked":["Backflip","Expertise"],"picked":"PiercingWail","floor":5.0},{"not_picked":["Heel Hook","Flying Knee"],"picked":"Footwork","floor":6.0},{"not_picked":["Outmaneuver","Sucker Punch"],"picked":"Backflip","floor":10.0},{"not_picked":["Heel Hook","Endless Agony","Glass Knife"],"picked":"SKIP","floor":11.0},{"not_picked":["Underhanded Strike","Outmaneuver","Bouncing Flask"],"picked":"SKIP","floor":12.0},{"not_picked":["Dagger Spray","Quick Slash","Masterful Stab"],"picked":"SKIP","floor":13.0},{"not_picked":["Doppelganger","Storm of Steel"],"picked":"Tools of the Trade+1","floor":16.0},{"not_picked":["Catalyst+1","Backflip+1"],"picked":"Slice+1","floor":18.0},{"not_picked":["Dagger Throw","Blade Dance"],"picked":"Poisoned Stab","floor":21.0},{"not_picked":["Poisoned Stab","Prepared"],"picked":"Endless Agony+1","floor":22.0},{"not_picked":["Dagger Throw","Dodge and Roll"],"picked":"Bullet Time","floor":27.0},{"not_picked":["Distraction+1","PiercingWail"],"picked":"Infinite Blades+1","floor":28.0},{"not_picked":["Poisoned Stab","Dagger Spray"],"picked":"Deflect","floor":30.0},{"not_picked":["Dagger Spray","Endless Agony"],"picked":"Backstab","floor":31.0},{"not_picked":["Venomology","Wraith Form v2+1"],"picked":"A Thousand Cuts+1","floor":33.0},{"not_picked":["Tactician+1","Quick Slash+1","Underhanded Strike"],"picked":"SKIP","floor":35.0},{"not_picked":["Dagger Spray","Heel Hook+1"],"picked":"Prepared+1","floor":36},{"not_picked":["Calculated Gamble+1","Catalyst+1"],"picked":"Footwork+1","floor":37},{"not_picked":["Acrobatics+1","Deadly Poison+1","Slice+1"],"picked":"SKIP","floor":39},{"not_picked":["Distraction+1","Unload","Slice"],"picked":"SKIP","floor":41},{"not_picked":["Dagger Throw","Flying Knee","Endless Agony"],"picked":"SKIP","floor":44},{"not_picked":["Cloak And Dagger+1","Distraction+1"],"picked":"PiercingWail+1","floor":45},{"not_picked":["Cloak And Dagger+1","Dagger Spray+1"],"picked":"PiercingWail+1","floor":48}],"player_experience":97814,"relics_obtained":[{"floor":6.0,"key":"Frozen Egg 2"},{"floor":9.0,"key":"Boot"},{"floor":11.0,"key":"Regal Pillow"},{"floor":26.0,"key":"Bottled Lightning"},{"floor":27.0,"key":"Incense Burner"},{"floor":31.0,"key":"Paper Crane"},{"floor":34.0,"key":"Centennial Puzzle"},{"floor":34.0,"key":"Toxic Egg 2"},{"floor":34.0,"key":"Shovel"},{"floor":43,"key":"Oddly Smooth Stone"},{"floor":44,"key":"Smiling Mask"},{"floor":49,"key":"Happy Flower"}],"event_choices":[{"damage_healed":0.0,"max_hp_gain":0.0,"max_hp_loss":0.0,"gold_gain":0.0,"event_name":"Liars Game","player_choice":"Ignored","floor":4.0,"gold_loss":0.0,"damage_taken":0.0},{"cards_removed":["Strike_G"],"damage_healed":0.0,"max_hp_gain":0.0,"max_hp_loss":0.0,"gold_gain":0.0,"event_name":"Purifier","player_choice":"Purged","floor":7.0,"gold_loss":0.0,"damage_taken":0.0},{"damage_healed":0.0,"max_hp_gain":0.0,"max_hp_loss":0.0,"gold_gain":0.0,"event_name":"Shining Light","player_choice":"Entered Light","floor":14.0,"gold_loss":0.0,"damage_taken":15.0,"cards_upgraded":["PiercingWail","Backflip"]},{"damage_healed":0.0,"max_hp_gain":0.0,"max_hp_loss":24.0,"gold_gain":0.0,"event_name":"Vampires","player_choice":"Became a vampire","floor":20.0,"gold_loss":0.0,"damage_taken":0.0,"cards_obtained":["Bite","Bite","Bite","Bite","Bite"]},{"damage_healed":0.0,"max_hp_gain":0.0,"max_hp_loss":0.0,"gold_gain":0.0,"event_name":"Addict","player_choice":"Obtained Relic","floor":24.0,"gold_loss":85.0,"damage_taken":0.0,"relics_obtained":["Mummified Hand"]},{"damage_healed":0.0,"max_hp_gain":0.0,"max_hp_loss":0.0,"gold_gain":75.0,"event_name":"FaceTrader","player_choice":"Touch","floor":29.0,"gold_loss":0.0,"damage_taken":5.0},{"damage_healed":0,"gold_gain":100,"player_choice":"Pray","damage_taken":0,"max_hp_gain":0,"max_hp_loss":0,"event_name":"Golden Shrine","floor":42,"gold_loss":0}],"is_beta":false,"boss_relics":[{"not_picked":["Astrolabe","Snecko Eye"],"picked":"Empty Cage"},{"not_picked":["White Beast Statue","Runic Dome"],"picked":"Calling Bell"}],"items_purged_floors":[38,46],"is_endless":false,"potions_floor_spawned":[1,5,10,21,28,30,33,44,45,48],"ascension_level":3}