{"gold_per_floor":[110,120,120,195,195,230,249,249,275,287,297,316,345,356,356,460,460,476,61,78,93,93,93,93],"floor_reached":24,"playtime":1434,"items_purged":["Defend_G"],"score":260,"play_id":"ff956e62-0d42-4c9f-ae16-d0adf5f25255","local_time":"20181206133141","is_ascension_mode":false,"campfire_choices":[{"data":"Catalyst","floor":8,"key":"SMITH"},{"floor":15,"key":"REST"},{"floor":23,"key":"REST"}],"neow_cost":"NONE","seed_source_timestamp":1185859121951726,"circlet_count":0,"master_deck":["Defend_G","Defend_G","Defend_G+1","Defend_G","Strike_G","Strike_G","Strike_G","Survivor","Neutralize","Blur+1","Poisoned Stab","Catalyst+1","Bane","After Image","Poisoned Stab","Bane","Expertise","Envenom","Poisoned Stab","Sadistic Nature","Backflip","Deadly Poison+1"],"relics":["Ring of the Snake","NeowsBlessing","War Paint","Anchor","Black Star","Juzu Bracelet","Nloth\u0027s Gift"],"potions_floor_usage":[13,13,13,16,24,24],"damage_taken":[{"damage":0,"enemies":"Small Slimes","floor":1,"turns":1},{"damage":0,"enemies":"Jaw Worm","floor":2,"turns":1},{"damage":0,"enemies":"Gremlin Nob","floor":6,"turns":1},{"damage":0,"enemies":"Cultist","floor":7,"turns":4},{"damage":1,"enemies":"Blue Slaver","floor":10,"turns":5},{"damage":10,"enemies":"Exordium Thugs","floor":11,"turns":5},{"damage":3,"enemies":"Large Slime","floor":12,"turns":8},{"damage":0,"enemies":"3 Sentries","floor":13,"turns":7},{"damage":0,"enemies":"2 Fungi Beasts","floor":14,"turns":3},{"damage":11,"enemies":"Hexaghost","floor":16,"turns":8},{"damage":8,"enemies":"Chosen","floor":18,"turns":5},{"damage":8,"enemies":"Shell Parasite","floor":20,"turns":3},{"damage":23,"enemies":"Snecko","floor":21,"turns":5},{"damage":59,"enemies":"Slavers","floor":24,"turns":4}],"seed_played":"3670375388464023887","potions_obtained":[{"floor":1,"key":"Swift Potion"},{"floor":6,"key":"Energy Potion"},{"floor":10,"key":"PowerPotion"},{"floor":14,"key":"Block Potion"},{"floor":16,"key":"Poison Potion"},{"floor":20,"key":"Strength Potion"}],"is_trial":false,"path_per_floor":["M","M","?","?","?","E","M","R","T","M","M","M","E","M","R","B",null,"M","$","M","M","?","R","E"],"character_chosen":"THE_SILENT","items_purchased":["Sadistic Nature","Juzu Bracelet"],"campfire_rested":2,"item_purchase_floors":[19,19],"current_hp_per_floor":[70,70,63,52,52,52,52,52,52,51,41,38,38,38,59,48,70,62,62,54,31,31,52,0],"gold":93,"neow_bonus":"THREE_ENEMY_KILL","is_prod":false,"is_daily":false,"chose_seed":false,"campfire_upgraded":1,"win_rate":0.0,"timestamp":1544131901,"path_taken":["M","M","?","?","?","E","M","R","T","M","M","?","E","M","R","BOSS","M","$","M","M","?","R","E"],"build_version":"2018-11-15","purchased_purges":1,"victory":false,"max_hp_per_floor":[70,70,70,70,70,70,70,70,70,70,70,70,70,70,70,70,70,70,70,70,70,70,70,70],"card_choices":[{"not_picked":["Dodge and Roll","Masterful Stab"],"picked":"Blur","floor":1},{"not_picked":["Footwork","Dash"],"picked":"Poisoned Stab","floor":2},{"not_picked":["Backflip","Tactician"],"picked":"Catalyst","floor":6},{"not_picked":["Terror","Deflect","Heel Hook"],"picked":"SKIP","floor":7},{"not_picked":["All Out Attack","Crippling Poison"],"picked":"Bane","floor":10},{"not_picked":["Quick Slash","Flying Knee"],"picked":"After Image","floor":11},{"not_picked":["Acrobatics","Flying Knee"],"picked":"Poisoned Stab","floor":12},{"not_picked":["Sucker Punch","Infinite Blades"],"picked":"Bane","floor":13},{"not_picked":["Tactician","Deflect"],"picked":"Expertise","floor":14},{"not_picked":["Doppelganger","A Thousand Cuts"],"picked":"Envenom","floor":16},{"not_picked":["Choke","Blade Dance"],"picked":"Poisoned Stab","floor":18},{"not_picked":["Finisher","Flying Knee"],"picked":"Backflip","floor":20},{"not_picked":["Bane+1","Flying Knee+1"],"picked":"Deadly Poison+1","floor":21}],"player_experience":34488,"relics_obtained":[{"floor":6,"key":"War Paint"},{"floor":9,"key":"Bag of Marbles"},{"floor":13,"key":"Anchor"}],"event_choices":[{"cards_removed":["Strike_G"],"damage_healed":0,"gold_gain":0,"player_choice":"Card Removal","damage_taken":7,"max_hp_gain":0,"max_hp_loss":0,"event_name":"Golden Wing","floor":3,"gold_loss":0},{"damage_healed":0,"gold_gain":75,"player_choice":"Gather Gold","damage_taken":11,"max_hp_gain":0,"max_hp_loss":0,"event_name":"World of Goop","floor":4,"gold_loss":0},{"cards_removed":["Strike_G"],"damage_healed":0,"gold_gain":0,"player_choice":"Purged","damage_taken":0,"max_hp_gain":0,"max_hp_loss":0,"event_name":"Purifier","floor":5,"gold_loss":0},{"damage_healed":0,"gold_gain":0,"player_choice":"Traded Relic","damage_taken":0,"relics_obtained":["Nloth\u0027s Gift"],"max_hp_gain":0,"max_hp_loss":0,"event_name":"N\u0027loth","floor":22,"relics_lost":["Bag of Marbles"],"gold_loss":0}],"is_beta":false,"boss_relics":[{"not_picked":["Runic Dome","Tiny House"],"picked":"Black Star"}],"items_purged_floors":[19],"is_endless":false,"potions_floor_spawned":[1,6,10,14,16,20],"killed_by":"Slavers","ascension_level":0}