{"gold_per_floor":[111,111,122,141,154,154,154,170,170,184,197,69,69],"floor_reached":13,"playtime":551,"items_purged":["Strike_R"],"score":83,"play_id":"25c03fef-92a2-47e0-86fb-0ed4da51857e","local_time":"20190417020752","is_ascension_mode":true,"campfire_choices":[{"data":"Seeing Red","floor":6,"key":"SMITH"}],"neow_cost":"NONE","seed_source_timestamp":430768403527100,"circlet_count":0,"master_deck":["Strike_R","Strike_R","Strike_R","Strike_R","Defend_R","Defend_R","Defend_R","Defend_R","Bash","Brutality","Seeing Red+1","Iron Wave","Shrug It Off","Feel No Pain","Limit Break","Combust","Ghostly Armor","True Grit"],"relics":["Burning Blood","Golden Idol","Kunai"],"potions_floor_usage":[3,3,10,13],"damage_taken":[{"damage":2,"enemies":"2 Louse","floor":1,"turns":3},{"damage":3,"enemies":"Cultist","floor":3,"turns":5},{"damage":6,"enemies":"Small Slimes","floor":4,"turns":3},{"damage":26,"enemies":"3 Louse","floor":5,"turns":5},{"damage":14,"enemies":"Large Slime","floor":8,"turns":14},{"damage":3,"enemies":"Lots of Slimes","floor":10,"turns":2},{"damage":7,"enemies":"Blue Slaver","floor":11,"turns":4},{"damage":34,"enemies":"Lagavulin","floor":13,"turns":7}],"seed_played":"6564093140989988247","potions_obtained":[{"floor":1,"key":"Strength Potion"},{"floor":2,"key":"Weak Potion"},{"floor":2,"key":"SmokeBomb"},{"floor":4,"key":"Explosive Potion"},{"floor":10,"key":"PowerPotion"}],"is_trial":false,"path_per_floor":["M","?","M","M","M","R","?","M","T","M","M","$","E"],"character_chosen":"IRONCLAD","items_purchased":["True Grit"],"campfire_rested":0,"item_purchase_floors":[12],"current_hp_per_floor":[80,80,80,80,60,60,40,32,32,35,34,34,0],"gold":69,"neow_bonus":"ONE_RANDOM_RARE_CARD","is_prod":false,"is_daily":false,"chose_seed":false,"campfire_upgraded":1,"win_rate":0,"timestamp":1555492072,"path_taken":["M","?","M","?","M","R","?","M","T","M","M","$","E"],"build_version":"2019-01-23","purchased_purges":1,"victory":false,"max_hp_per_floor":[80,80,80,80,80,80,80,80,80,80,80,80,80],"card_choices":[{"not_picked":["Infernal Blade","Clothesline"],"picked":"Seeing Red","floor":1},{"not_picked":["Havoc","Hemokinesis"],"picked":"Iron Wave","floor":3},{"not_picked":["Clothesline","Bloodletting"],"picked":"Shrug It Off","floor":4},{"not_picked":["Pommel Strike","Havoc"],"picked":"Feel No Pain","floor":5},{"not_picked":["Sword Boomerang","Power Through"],"picked":"Limit Break","floor":8},{"not_picked":["Twin Strike","Blood for Blood"],"picked":"Combust","floor":10},{"not_picked":["Iron Wave","Heavy Blade"],"picked":"Ghostly Armor","floor":11}],"player_experience":136458,"relics_obtained":[{"floor":9,"key":"Kunai"}],"event_choices":[{"damage_healed":0,"gold_gain":0,"player_choice":"Got Potions","damage_taken":0,"max_hp_gain":0,"max_hp_loss":0,"event_name":"Lab","floor":2,"gold_loss":0},{"damage_healed":0,"gold_gain":0,"player_choice":"Take Damage","damage_taken":20,"relics_obtained":["Golden Idol"],"max_hp_gain":0,"max_hp_loss":0,"event_name":"Golden Idol","floor":7,"gold_loss":0}],"is_beta":false,"boss_relics":[],"items_purged_floors":[12],"is_endless":false,"potions_floor_spawned":[1,4,10],"killed_by":"Lagavulin","ascension_level":1}