{"gold_per_floor":[114,89,89,99,116,142,142,169,169,203,203,220,280,295,295,374,374,384,0,0],"floor_reached":20,"playtime":816,"items_purged":[],"score":448,"play_id":"61b57ec2-fc3a-47db-87a6-dd9336d889fc","local_time":"20190401205038","is_ascension_mode":true,"campfire_choices":[{"data":"White Noise","floor":7,"key":"SMITH"},{"floor":11,"key":"REST"},{"data":"Dualcast","floor":15,"key":"SMITH"}],"neow_cost":"NONE","seed_source_timestamp":74223944007086,"circlet_count":0,"master_deck":["AscendersBane","Zap+1","Dualcast+1","Ball Lightning","Conserve Battery","Electrodynamics","White Noise+1","FTL","Storm","Cold Snap","Gash","FTL","All For One","Lockon","Machine Learning","Creative AI","Leap","Hyperbeam","Thunder Strike","Steam Power","Tempest","White Noise+1","Scrape","Loop"],"relics":["Cracked Core","NeowsBlessing","Vajra","Matryoshka","Dream Catcher","Kunai","Dodecahedron","Darkstone Periapt","Pandora\u0027s Box","Chemical X"],"potions_floor_usage":[8,8,13,13,20],"damage_taken":[{"damage":0,"enemies":"2 Louse","floor":1,"turns":1},{"damage":0,"enemies":"Cultist","floor":4,"turns":1},{"damage":0,"enemies":"Jaw Worm","floor":5,"turns":1},{"damage":20,"enemies":"Lagavulin","floor":6,"turns":7},{"damage":18,"enemies":"Gremlin Nob","floor":8,"turns":3},{"damage":8,"enemies":"3 Sentries","floor":10,"turns":3},{"damage":0,"enemies":"Gremlin Gang","floor":12,"turns":2},{"damage":14,"enemies":"Gremlin Nob","floor":13,"turns":3},{"damage":0,"enemies":"Exordium Wildlife","floor":14,"turns":2},{"damage":0,"enemies":"Slime Boss","floor":16,"turns":5},{"damage":3,"enemies":"Chosen","floor":18,"turns":3},{"damage":16,"enemies":"Colosseum Slavers","floor":20,"turns":2},{"damage":66,"enemies":"Colosseum Nobs","floor":20,"turns":3}],"seed_played":"1779816979458248059","potions_obtained":[{"floor":4,"key":"SkillPotion"},{"floor":5,"key":"Regen Potion"},{"floor":6,"key":"Fire Potion"},{"floor":8,"key":"Regen Potion"},{"floor":10,"key":"Poison Potion"},{"floor":18,"key":"SkillPotion"}],"is_trial":false,"path_per_floor":["M","$","?","M","M","E","R","E","T","E","R","M","?","M","R","B",null,"M","$","?"],"character_chosen":"DEFECT","items_purchased":["Ball Lightning","Chemical X","Scrape","Loop"],"campfire_rested":1,"item_purchase_floors":[2,19,19,19],"current_hp_per_floor":[64,64,64,64,64,44,44,35,35,27,48,48,43,43,43,43,64,61,61,0],"gold":0,"neow_bonus":"THREE_ENEMY_KILL","is_prod":false,"is_daily":false,"chose_seed":false,"campfire_upgraded":2,"win_rate":0,"timestamp":1554119438,"path_taken":["M","$","?","?","M","E","R","E","T","E","R","M","?","M","R","BOSS","M","$","?"],"build_version":"2019-01-23","purchased_purges":0,"victory":false,"max_hp_per_floor":[71,71,71,71,71,71,71,71,71,71,71,71,71,71,71,71,71,71,71,71],"card_choices":[{"not_picked":["Turbo","Steam","Sweeping Beam"],"picked":"SKIP","floor":1},{"not_picked":["Doom and Gloom","Skim"],"picked":"Conserve Battery","floor":4},{"not_picked":["Glacier","Barrage"],"picked":"Electrodynamics","floor":5},{"not_picked":["Rebound","Gash"],"picked":"White Noise","floor":6},{"not_picked":["Hyperbeam","Rebound"],"picked":"FTL","floor":8},{"not_picked":["Reprogram","Stack"],"picked":"Storm","floor":10},{"not_picked":["Lockon","Ball Lightning"],"picked":"Cold Snap","floor":11},{"not_picked":["Steam Power","Go for the Eyes"],"picked":"Gash","floor":12},{"not_picked":["Ball Lightning","Scrape"],"picked":"FTL","floor":14},{"not_picked":["Rainbow","Electrodynamics"],"picked":"All For One","floor":16},{"not_picked":["Gash","Streamline"],"picked":"White Noise+1","floor":18}],"player_experience":436206,"relics_obtained":[{"floor":6,"key":"Vajra"},{"floor":8,"key":"Matryoshka"},{"floor":9,"key":"Dream Catcher"},{"floor":9,"key":"Kunai"},{"floor":10,"key":"Dodecahedron"},{"floor":13,"key":"Darkstone Periapt"}],"event_choices":[{"damage_healed":0,"gold_gain":0,"player_choice":"Forge","damage_taken":0,"max_hp_gain":0,"max_hp_loss":0,"event_name":"Accursed Blacksmith","floor":3,"gold_loss":0,"cards_upgraded":["Zap"]},{"damage_healed":0,"gold_gain":0,"player_choice":"Searched \u00272\u0027 times","damage_taken":0,"max_hp_gain":0,"max_hp_loss":0,"event_name":"Dead Adventurer","floor":13,"gold_loss":0},{"damage_healed":0,"gold_gain":0,"player_choice":"Fight","damage_taken":0,"max_hp_gain":0,"max_hp_loss":0,"event_name":"Colosseum","floor":20,"gold_loss":0},{"damage_healed":0,"gold_gain":0,"player_choice":"Fought Nobs","damage_taken":0,"max_hp_gain":0,"max_hp_loss":0,"event_name":"Colosseum","floor":20,"gold_loss":0}],"is_beta":false,"boss_relics":[{"not_picked":["Eternal Feather","FrozenCore"],"picked":"Pandora\u0027s Box"}],"items_purged_floors":[],"is_endless":false,"potions_floor_spawned":[4,5,6,8,10,18,20],"killed_by":"Colosseum Nobs","ascension_level":17}