{"gold_per_floor":[114,114,127,142,142,142,176,188,188,2,29,43,55,71,71,170,170,181,191,208,228,147,179,195,195,244,275,200,216,216,216,216,317,317,327,276,287,0,17,17,52,67,140,153,153,168,168,168,168,168],"floor_reached":51,"playtime":4399,"items_purged":[],"score":808,"play_id":"64a5ca37-a85c-4e0e-adbd-b9183ea7154b","local_time":"20190330224433","is_ascension_mode":false,"campfire_choices":[{"data":"Twin Strike","floor":6,"key":"SMITH"},{"floor":15,"key":"REST"},{"floor":25,"key":"REST"},{"floor":30,"key":"REST"},{"floor":32,"key":"REST"},{"floor":40,"key":"REST"},{"floor":47,"key":"REST"},{"floor":49,"key":"REST"}],"neow_cost":"NONE","seed_source_timestamp":32148148461174,"circlet_count":0,"master_deck":["Strike_R","Strike_R+1","Strike_R","Strike_R","Strike_R","Defend_R","Defend_R+1","Defend_R","Bash","Flex+1","Twin Strike+1","Inflame","Rupture","Pommel Strike","Offering","Blood for Blood+1","Blood for Blood","Bloodletting","Feed","Pommel Strike","Brutality","Infernal Blade","Rage","Power Through","Clash","Hemokinesis","Heavy Blade","Limit Break","Anger","Cleave+1","RitualDagger","Offering+1","Clash+1","Flex","Headbutt","Headbutt+1","Dropkick","Warcry+1","Reckless Charge","Trip","Flex+1"],"relics":["Burning Blood","Meat on the Bone","Dodecahedron","Paper Frog","Fusion Hammer","Whetstone","Pen Nib","Vajra","Runic Cube","Red Mask","Magic Flower","Sundial"],"potions_floor_usage":[11,16,16,16,29,33,39,42,50],"damage_taken":[{"damage":10,"enemies":"Jaw Worm","floor":1,"turns":5},{"damage":4,"enemies":"Cultist","floor":3,"turns":4},{"damage":0,"enemies":"Small Slimes","floor":4,"turns":3},{"damage":24,"enemies":"Gremlin Nob","floor":7,"turns":4},{"damage":12,"enemies":"Blue Slaver","floor":8,"turns":3},{"damage":25,"enemies":"3 Sentries","floor":11,"turns":5},{"damage":26,"enemies":"Exordium Wildlife","floor":12,"turns":4},{"damage":9,"enemies":"2 Fungi Beasts","floor":13,"turns":2},{"damage":8,"enemies":"Lots of Slimes","floor":14,"turns":4},{"damage":49,"enemies":"Hexaghost","floor":16,"turns":4},{"damage":22,"enemies":"2 Thieves","floor":18,"turns":3},{"damage":9,"enemies":"Chosen","floor":19,"turns":3},{"damage":12,"enemies":"Snake Plant","floor":20,"turns":3},{"damage":38,"enemies":"Centurion and Healer","floor":21,"turns":3},{"damage":28,"enemies":"Gremlin Leader","floor":23,"turns":4},{"damage":10,"enemies":"Sentry and Sphere","floor":24,"turns":3},{"damage":13,"enemies":"Book of Stabbing","floor":27,"turns":2},{"damage":33,"enemies":"Shelled Parasite and Fungi","floor":29,"turns":4},{"damage":85,"enemies":"Collector","floor":33,"turns":5},{"damage":15,"enemies":"Orb Walker","floor":35,"turns":2},{"damage":24,"enemies":"3 Shapes","floor":37,"turns":2},{"damage":25,"enemies":"3 Darklings","floor":39,"turns":4},{"damage":15,"enemies":"Reptomancer","floor":41,"turns":3},{"damage":15,"enemies":"Transient","floor":42,"turns":5},{"damage":15,"enemies":"Spire Growth","floor":44,"turns":3},{"damage":23,"enemies":"4 Shapes","floor":46,"turns":2},{"damage":82,"enemies":"Donu and Deca","floor":50,"turns":5}],"seed_played":"-7130377653597362090","potions_obtained":[{"floor":1,"key":"EssenceOfSteel"},{"floor":3,"key":"Ancient Potion"},{"floor":7,"key":"SkillPotion"},{"floor":13,"key":"Strength Potion"},{"floor":14,"key":"EssenceOfSteel"},{"floor":18,"key":"LiquidBronze"},{"floor":21,"key":"Block Potion"},{"floor":24,"key":"BloodPotion"},{"floor":33,"key":"Fruit Juice"},{"floor":39,"key":"BloodPotion"},{"floor":41,"key":"Dexterity Potion"},{"floor":44,"key":"Block Potion"}],"is_trial":false,"path_per_floor":["?","M","?","$","?","?","?","?","?"],"character_chosen":"IRONCLAD","items_purchased":["Offering","Blood for Blood","Hemokinesis","Flex"],"campfire_rested":7,"item_purchase_floors":[10,10,22,36],"current_hp_per_floor":[76,90,90,90,72,72,54,60,60,60,53,45,54,55,82,51,93,77,77,74,57,57,47,58,89,89,82,82,67,98,92,105,38,105,96,96,78,78,64,97,88,82,82,76,76,67,100,100,113,58],"gold":168,"neow_bonus":"ONE_RANDOM_RARE_CARD","is_prod":false,"is_daily":false,"chose_seed":false,"campfire_upgraded":1,"win_rate":0.0,"timestamp":1553982273,"path_taken":["M","?","?","M","?","R","E","M","T","?","E","M","M","M","R","BOSS","M","M","M","M","$","E","M","R","T","E","?","M","R","?","R","BOSS","M","$","M","?","M","R","E","M","T","M","?","M","R","?","R","BOSS"],"build_version":"2019-01-23","purchased_purges":0,"victory":true,"max_hp_per_floor":[80,90,90,90,90,90,90,90,90,90,90,90,90,93,93,93,93,93,96,99,102,102,102,105,105,105,105,105,105,105,105,105,105,105,105,105,105,105,110,110,110,110,110,110,110,113,113,113,113,113],"card_choices":[{"not_picked":["Dropkick","Bloodletting"],"picked":"Flex","floor":1},{"not_picked":["Shrug It Off","Warcry"],"picked":"Twin Strike","floor":3},{"not_picked":["Rampage","Iron Wave"],"picked":"Inflame","floor":4},{"not_picked":["Armaments","Flame Barrier"],"picked":"Rupture","floor":7},{"not_picked":["Blood for Blood","Perfected Strike"],"picked":"Pommel Strike","floor":8},{"not_picked":["Burning Pact","Rage"],"picked":"Blood for Blood","floor":11},{"not_picked":["Feel No Pain","Combust"],"picked":"Bloodletting","floor":12},{"not_picked":["Cleave","Body Slam"],"picked":"Feed","floor":13},{"not_picked":["Seeing Red","Metallicize"],"picked":"Pommel Strike","floor":14},{"not_picked":["Impervious","Juggernaut"],"picked":"Brutality","floor":16},{"not_picked":["Cleave","Armaments"],"picked":"Infernal Blade","floor":18},{"not_picked":["Clash+1","Iron Wave"],"picked":"Rage","floor":19},{"not_picked":["True Grit","Shockwave+1"],"picked":"Power Through","floor":20},{"not_picked":["Searing Blow","Flex"],"picked":"Clash","floor":21},{"not_picked":["Blood for Blood","Twin Strike"],"picked":"Heavy Blade","floor":23},{"not_picked":["Heavy Blade","Clothesline+1"],"picked":"Limit Break","floor":24},{"not_picked":["Dropkick","Disarm+1"],"picked":"Anger","floor":27},{"not_picked":["Seeing Red","Clothesline"],"picked":"Cleave+1","floor":29},{"not_picked":["Brutality","Double Tap"],"picked":"Offering","floor":33},{"not_picked":["Pommel Strike","Shrug It Off+1"],"picked":"Clash+1","floor":35},{"not_picked":["Ghostly Armor","Iron Wave+1"],"picked":"Headbutt","floor":37},{"not_picked":["Cleave","Iron Wave"],"picked":"Headbutt+1","floor":39},{"not_picked":["Ghostly Armor+1","Bloodletting"],"picked":"Dropkick","floor":41},{"not_picked":["Rupture","Dropkick"],"picked":"Warcry+1","floor":42},{"not_picked":["Heavy Blade","Rampage"],"picked":"Reckless Charge","floor":44},{"not_picked":["Thinking Ahead","Impatience"],"picked":"Trip","floor":45},{"not_picked":["True Grit+1","Clash+1"],"picked":"Flex+1","floor":46}],"player_experience":21118,"relics_obtained":[{"floor":7,"key":"Meat on the Bone"},{"floor":9,"key":"Dodecahedron"},{"floor":11,"key":"Paper Frog"},{"floor":23,"key":"Whetstone"},{"floor":26,"key":"Pen Nib"},{"floor":27,"key":"Vajra"},{"floor":41,"key":"Magic Flower"},{"floor":43,"key":"Sundial"}],"event_choices":[{"cards_removed":["Double Tap"],"damage_healed":4,"gold_gain":0,"player_choice":"Offered Rare","damage_taken":0,"max_hp_gain":10,"max_hp_loss":0,"event_name":"Bonfire Elementals","floor":2,"gold_loss":0},{"damage_healed":0,"gold_gain":0,"player_choice":"Entered Light","damage_taken":18,"max_hp_gain":0,"max_hp_loss":0,"event_name":"Shining Light","floor":5,"gold_loss":0,"cards_upgraded":["Flex","Defend_R"]},{"cards_removed":["Defend_R"],"damage_healed":0,"gold_gain":0,"player_choice":"Gave Gold","damage_taken":0,"max_hp_gain":0,"max_hp_loss":0,"event_name":"Beggar","floor":28,"gold_loss":75},{"damage_healed":0,"gold_gain":0,"player_choice":"Joined the Cult","damage_taken":6,"max_hp_gain":0,"max_hp_loss":0,"event_name":"Nest","floor":31,"gold_loss":0,"cards_obtained":["RitualDagger"]},{"damage_healed":0,"gold_gain":0,"player_choice":"Paid","damage_taken":0,"relics_obtained":["Red Mask"],"max_hp_gain":0,"max_hp_loss":0,"event_name":"Tomb of Lord Red Mask","floor":38,"gold_loss":287},{"damage_healed":0,"gold_gain":0,"player_choice":"Memory 1","damage_taken":0,"max_hp_gain":0,"max_hp_loss":0,"event_name":"SensoryStone","floor":45,"gold_loss":0},{"damage_healed":0,"gold_gain":0,"player_choice":"Upgraded","damage_taken":0,"max_hp_gain":0,"max_hp_loss":0,"event_name":"Upgrade Shrine","floor":48,"gold_loss":0,"cards_upgraded":["Offering"]}],"is_beta":false,"boss_relics":[{"not_picked":["Cursed Key","Calling Bell"],"picked":"Fusion Hammer"},{"not_picked":["Snecko Eye","Sozu"],"picked":"Runic Cube"}],"items_purged_floors":[],"is_endless":false,"potions_floor_spawned":[1,3,7,13,14,18,21,24,33,39,41,44],"ascension_level":0}