{"gold_per_floor":[115,115,131,151,165,165,188,223,269,289,301,301,336,347,347,451,451,466,116,135,135,33,33,63,63,118,118,131,144,175,175,175,279,279,297,317,317,334,30,30,56,56,83,83,116,129,142,159,159,159,159,159,59,89,89],"floor_reached":56,"playtime":3966,"items_purged":["Regret","Doubt"],"score":1259,"play_id":"960c4949-24a2-4008-9a23-27dfe7bcf8f2","local_time":"20190413000311","is_ascension_mode":false,"campfire_choices":[{"data":"Perfected Strike","floor":6.0,"key":"SMITH"},{"data":"Clothesline","floor":12.0,"key":"SMITH"},{"data":"Armaments","floor":15.0,"key":"SMITH"},{"data":"Perfected Strike","floor":23.0,"key":"SMITH"},{"data":"Inflame","floor":25.0,"key":"SMITH"},{"data":"Juggernaut","floor":32.0,"key":"SMITH"},{"data":"Barricade","floor":40.0,"key":"SMITH"},{"data":"True Grit","floor":42.0,"key":"SMITH"},{"floor":44,"key":"RECALL"},{"data":"True Grit","floor":49,"key":"SMITH"},{"data":"Battle Trance","floor":52,"key":"SMITH"}],"neow_cost":"NONE","seed_source_timestamp":44540599167800,"circlet_count":0,"master_deck":["Strike_R","Strike_R","Strike_R","Strike_R","Strike_R","Defend_R","Defend_R","Defend_R","Defend_R","Bash+1","Shrug It Off","Inflame+1","Intimidate","Perfected Strike+1","Feed","Clothesline+1","Perfected Strike+1","Armaments+1","Battle Trance+1","Feed","Corruption+1","True Grit+1","Feel No Pain","RitualDagger","Headbutt","Flame Barrier","Juggernaut+1","Feel No Pain","Perfected Strike+1","True Grit+1","Armaments+1","Barricade+1","Disarm","True Grit+1","Headbutt+1"],"special_seed":0,"relics":["Burning Blood","Odd Mushroom","Anchor","Dream Catcher","Cursed Key","Dead Branch","Self Forming Clay","Juzu Bracelet","Blue Candle","Runic Dome","OrangePellets","Bird Faced Urn","Singing Bowl","Strawberry"],"potions_floor_usage":[55,55,55],"damage_taken":[{"damage":0.0,"enemies":"2 Louse","floor":1.0,"turns":3.0},{"damage":0.0,"enemies":"Jaw Worm","floor":3.0,"turns":3.0},{"damage":0.0,"enemies":"Cultist","floor":4.0,"turns":3.0},{"damage":7.0,"enemies":"3 Louse","floor":5.0,"turns":4.0},{"damage":1.0,"enemies":"The Mushroom Lair","floor":7.0,"turns":4.0},{"damage":20.0,"enemies":"3 Sentries","floor":8.0,"turns":10.0},{"damage":9.0,"enemies":"Blue Slaver","floor":10.0,"turns":4.0},{"damage":7.0,"enemies":"Gremlin Gang","floor":11.0,"turns":7.0},{"damage":16.0,"enemies":"Lagavulin","floor":13.0,"turns":7.0},{"damage":6.0,"enemies":"Lots of Slimes","floor":14.0,"turns":4.0},{"damage":41.0,"enemies":"Slime Boss","floor":16.0,"turns":8.0},{"damage":0.0,"enemies":"3 Byrds","floor":18.0,"turns":5.0},{"damage":5.0,"enemies":"Spheric Guardian","floor":20.0,"turns":3.0},{"damage":9.0,"enemies":"Gremlin Leader","floor":24.0,"turns":6.0},{"damage":2.0,"enemies":"Snecko","floor":28.0,"turns":3.0},{"damage":0.0,"enemies":"Snake Plant","floor":29.0,"turns":3.0},{"damage":37.0,"enemies":"Slavers","floor":30.0,"turns":5.0},{"damage":19.0,"enemies":"Automaton","floor":33.0,"turns":8.0},{"damage":3.0,"enemies":"3 Shapes","floor":35.0,"turns":4.0},{"damage":0.0,"enemies":"Orb Walker","floor":36.0,"turns":3.0},{"damage":0.0,"enemies":"Maw","floor":38.0,"turns":9.0},{"damage":19.0,"enemies":"Reptomancer","floor":41.0,"turns":5.0},{"damage":23,"enemies":"Nemesis","floor":45,"turns":8},{"damage":6,"enemies":"4 Shapes","floor":46,"turns":6},{"damage":6,"enemies":"Writhing Mass","floor":47,"turns":4},{"damage":0,"enemies":"Maw","floor":48,"turns":5},{"damage":71,"enemies":"Time Eater","floor":50,"turns":11},{"damage":14,"enemies":"Shield and Spear","floor":54,"turns":6},{"damage":60,"enemies":"The Heart","floor":55,"turns":8}],"seed_played":"-5942079608969519542","potions_obtained":[{"floor":1.0,"key":"SneckoOil"},{"floor":4.0,"key":"EssenceOfSteel"},{"floor":5.0,"key":"AttackPotion"},{"floor":11.0,"key":"Fire Potion"},{"floor":14.0,"key":"AttackPotion"},{"floor":16.0,"key":"SteroidPotion"},{"floor":28.0,"key":"Strength Potion"},{"floor":29.0,"key":"SpeedPotion"},{"floor":45,"key":"Weak Potion"}],"is_trial":false,"path_per_floor":["M","?","M","M","M","R","?","E","T","M","M","R","E","M","R","B",null,"M","$","M","?","$","R","E","R","T","?","M","M","E","?","R","B",null,"M","M","?","M","$","R","E","R","T","R","E","M","M","M","R","B",null,"R","$","E","B",null],"character_chosen":"IRONCLAD","items_purchased":["Dead Branch","True Grit","Headbutt","Flame Barrier","Disarm","OrangePellets"],"campfire_rested":0,"item_purchase_floors":[19,19,22,22,39,39],"current_hp_per_floor":[80,80,80,80,79,79,80,66,66,66,68,68,61,64,64,33,96,104,104,108,102,102,102,99,99,99,99,103,108,80,80,80,67,111,111,111,111,115,115,115,102,102,102,102,105,120,122,124,124,76,127,127,127,140,120],"gold":89,"neow_bonus":"UPGRADE_CARD","is_prod":false,"is_daily":false,"chose_seed":false,"campfire_upgraded":10,"win_rate":1,"timestamp":1555138991,"path_taken":["M","?","M","M","M","R","?","E","T","M","M","R","E","M","R","BOSS","M","$","M","?","$","R","E","R","T","?","M","M","E","?","R","BOSS","M","M","?","M","$","R","E","R","T","R","E","M","M","M","R","BOSS","R","$","E","BOSS"],"build_version":"2019-01-23","purchased_purges":2,"victory":true,"max_hp_per_floor":[80,80,80,80,80,80,80,80,80,83,86,86,89,92,92,96,96,104,104,108,108,108,108,108,108,108,108,108,108,111,111,111,111,111,111,111,111,115,115,115,115,115,115,115,115,120,122,124,124,127,127,127,127,140,144],"card_choices":[{"not_picked":["Intimidate","Flex"],"picked":"Shrug It Off","floor":1.0},{"not_picked":["Headbutt","Havoc"],"picked":"Inflame","floor":3.0},{"not_picked":["Corruption","Warcry"],"picked":"Intimidate","floor":4.0},{"not_picked":["Dark Embrace","Dropkick"],"picked":"Perfected Strike","floor":5.0},{"not_picked":["Juggernaut","Twin Strike"],"picked":"Feed","floor":8.0},{"not_picked":["Rampage","Headbutt"],"picked":"Clothesline","floor":10.0},{"not_picked":["Twin Strike","Thunderclap"],"picked":"Perfected Strike","floor":11.0},{"not_picked":["Uppercut","Clash"],"picked":"Armaments","floor":13.0},{"not_picked":["Headbutt","Body Slam"],"picked":"Battle Trance","floor":14.0},{"not_picked":["Fiend Fire","Berserk"],"picked":"Feed","floor":16.0},{"not_picked":["Cleave+1","Dual Wield"],"picked":"Corruption+1","floor":18.0},{"not_picked":["Heavy Blade","Anger+1"],"picked":"Feel No Pain","floor":20.0},{"not_picked":["Ghostly Armor+1","Pummel+1"],"picked":"Juggernaut","floor":24.0},{"not_picked":["Wild Strike","Armaments"],"picked":"Perfected Strike+1","floor":28.0},{"not_picked":["Heavy Blade","Iron Wave"],"picked":"True Grit","floor":29.0},{"not_picked":["Rampage+1","Corruption"],"picked":"Armaments+1","floor":30.0},{"not_picked":["Double Tap","Impervious"],"picked":"Barricade","floor":33.0},{"not_picked":["Havoc+1","Wild Strike","Intimidate+1"],"picked":"SKIP","floor":35.0},{"not_picked":["Havoc","Sword Boomerang","Dropkick"],"picked":"SKIP","floor":36.0},{"not_picked":["Hemokinesis+1","Combust+1","Twin Strike+1"],"picked":"SKIP","floor":38.0},{"not_picked":["Iron Wave","Dropkick+1"],"picked":"True Grit+1","floor":41.0},{"not_picked":["Brutality","Blood for Blood"],"picked":"Headbutt+1","floor":45},{"not_picked":["Perfected Strike","Iron Wave+1","Thunderclap"],"picked":"Singing Bowl","floor":46},{"not_picked":["Pummel","Combust+1","Infernal Blade+1"],"picked":"Singing Bowl","floor":47},{"not_picked":["Pommel Strike","Evolve+1","Sword Boomerang+1"],"picked":"Singing Bowl","floor":48},{"not_picked":["Rampage","Clash+1","Clothesline"],"picked":"Singing Bowl","floor":54}],"player_experience":326916,"relics_obtained":[{"floor":7.0,"key":"Odd Mushroom"},{"floor":9.0,"key":"Anchor"},{"floor":13.0,"key":"Dream Catcher"},{"floor":24.0,"key":"Self Forming Clay"},{"floor":26.0,"key":"Juzu Bracelet"},{"floor":30.0,"key":"Blue Candle"},{"floor":41.0,"key":"Bird Faced Urn"},{"floor":45,"key":"Singing Bowl"},{"floor":54,"key":"Strawberry"}],"event_choices":[{"damage_healed":0.0,"max_hp_gain":0.0,"max_hp_loss":0.0,"gold_gain":0.0,"event_name":"Liars Game","player_choice":"Ignored","floor":2.0,"gold_loss":0.0,"damage_taken":0.0},{"damage_healed":0.0,"max_hp_gain":0.0,"max_hp_loss":0.0,"gold_gain":0.0,"event_name":"Mushrooms","player_choice":"Fought Mushrooms","floor":7.0,"gold_loss":0.0,"damage_taken":0.0},{"damage_healed":0.0,"max_hp_gain":0.0,"max_hp_loss":0.0,"gold_gain":0.0,"event_name":"Nest","player_choice":"Joined the Cult","floor":21.0,"gold_loss":0.0,"damage_taken":6.0,"cards_obtained":["RitualDagger"]},{"damage_healed":0.0,"max_hp_gain":0.0,"max_hp_loss":0.0,"gold_gain":0.0,"event_name":"Duplicator","player_choice":"Copied","floor":27.0,"gold_loss":0.0,"damage_taken":0.0,"cards_obtained":["Feel No Pain"]},{"damage_healed":0.0,"max_hp_gain":0.0,"max_hp_loss":0.0,"gold_gain":0.0,"event_name":"Vampires","player_choice":"Ignored","floor":31.0,"gold_loss":0.0,"damage_taken":0.0},{"damage_healed":0.0,"max_hp_gain":0.0,"max_hp_loss":0.0,"gold_gain":0.0,"event_name":"Tomb of Lord Red Mask","player_choice":"Ignored","floor":37.0,"gold_loss":0.0,"damage_taken":0.0}],"is_beta":false,"boss_relics":[{"not_picked":["Black Star","Empty Cage"],"picked":"Cursed Key"},{"not_picked":["Runic Pyramid","Eternal Feather"],"picked":"Runic Dome"}],"items_purged_floors":[39,53],"is_endless":false,"potions_floor_spawned":[1,4,5,11,14,16,28,29,35,38,45,47,54],"ascension_level":0}