{"gold_per_floor":[118,118,135,151,81,107,107,135,214,248,248,248,248,262,262,359,359,372,266,254,155,168,168],"floor_reached":23,"playtime":2784,"items_purged":[],"score":219,"play_id":"62ecde82-b9b1-462a-97c4-e51d21639af9","local_time":"20190412165512","is_ascension_mode":true,"campfire_choices":[{"floor":7,"key":"DIG"},{"data":"Body Slam","floor":11,"key":"SMITH"},{"data":"Rage","floor":13,"key":"SMITH"},{"data":"Metallicize","floor":15,"key":"SMITH"}],"neow_cost":"PERCENT_DAMAGE","seed_source_timestamp":6390288454819,"circlet_count":0,"master_deck":["Strike_R","Strike_R","Strike_R","Strike_R","Strike_R","Defend_R","Defend_R","Defend_R","Defend_R","Madness","Body Slam+1","Rage+1","Shrug It Off","Metallicize+1","Entrench+1","Armaments+1","Shrug It Off+1","Entrench+1","Armaments+1","Iron Wave"],"relics":["Burning Blood","Shovel","Boot","Self Forming Clay","Toxic Egg 2","Juzu Bracelet","Philosopher\u0027s Stone"],"potions_floor_usage":[8,16,16,20],"damage_taken":[{"damage":5,"enemies":"Small Slimes","floor":1,"turns":5},{"damage":1,"enemies":"Cultist","floor":3,"turns":4},{"damage":0,"enemies":"2 Louse","floor":4,"turns":3},{"damage":13,"enemies":"3 Sentries","floor":6,"turns":14},{"damage":9,"enemies":"Gremlin Nob","floor":8,"turns":4},{"damage":17,"enemies":"3 Sentries","floor":10,"turns":12},{"damage":0,"enemies":"Lots of Slimes","floor":14,"turns":5},{"damage":57,"enemies":"Slime Boss","floor":16,"turns":17},{"damage":4,"enemies":"Spheric Guardian","floor":18,"turns":8},{"damage":9,"enemies":"2 Thieves","floor":20,"turns":4},{"damage":12,"enemies":"Sentry and Sphere","floor":22,"turns":12},{"damage":79,"enemies":"Gremlin Leader","floor":23,"turns":11}],"seed_played":"-5695203729042256247","potions_obtained":[{"floor":1,"key":"AttackPotion"},{"floor":8,"key":"AttackPotion"},{"floor":10,"key":"Dexterity Potion"},{"floor":18,"key":"AttackPotion"}],"is_trial":false,"path_per_floor":["?","M","?","$"],"character_chosen":"IRONCLAD","items_purchased":["Metallicize","Armaments+1","Shrug It Off+1","Armaments+1","Iron Wave"],"campfire_rested":0,"item_purchase_floors":[5,19,19,21,21],"current_hp_per_floor":[57,80,80,80,80,73,73,70,70,59,59,59,59,65,65,14,80,80,80,77,77,71,0],"gold":168,"neow_bonus":"RANDOM_COLORLESS_2","is_prod":false,"is_daily":false,"chose_seed":false,"campfire_upgraded":3,"win_rate":0,"timestamp":1555080912,"path_taken":["M","?","M","?","$","E","R","E","T","E","R","?","R","M","R","BOSS","M","$","M","?","M","E"],"build_version":"2019-01-23","purchased_purges":0,"victory":false,"max_hp_per_floor":[80,80,80,80,80,80,80,80,80,80,80,80,80,80,80,80,80,80,80,80,80,80,80],"card_choices":[{"not_picked":["Headbutt","Spot Weakness"],"picked":"Body Slam","floor":1},{"not_picked":["Dropkick","True Grit"],"picked":"Rage","floor":3},{"not_picked":["Perfected Strike","Heavy Blade"],"picked":"Shrug It Off","floor":4},{"not_picked":["Pummel","Clothesline","Shockwave"],"picked":"SKIP","floor":6},{"not_picked":["Anger","Spot Weakness","Immolate"],"picked":"SKIP","floor":8},{"not_picked":["Armaments+1","Headbutt"],"picked":"Entrench+1","floor":10},{"not_picked":["Searing Blow","Anger","Sword Boomerang"],"picked":"SKIP","floor":14},{"not_picked":["Power Through+1","Clothesline+1","Dropkick"],"picked":"SKIP","floor":18},{"not_picked":["Warcry+1","Rupture"],"picked":"Entrench+1","floor":20},{"not_picked":["Armaments+1","Combust","Blood for Blood"],"picked":"SKIP","floor":22}],"player_experience":94585,"relics_obtained":[{"floor":6,"key":"Shovel"},{"floor":7,"key":"Boot"},{"floor":8,"key":"Self Forming Clay"},{"floor":9,"key":"Toxic Egg 2"},{"floor":10,"key":"Juzu Bracelet"}],"event_choices":[{"cards_removed":["Purity"],"damage_healed":23,"gold_gain":0,"player_choice":"Offered Uncommon","damage_taken":0,"max_hp_gain":0,"max_hp_loss":0,"event_name":"Bonfire Elementals","floor":2,"gold_loss":0},{"cards_removed":["Bash"],"damage_healed":0,"gold_gain":0,"player_choice":"Purged","damage_taken":0,"max_hp_gain":0,"max_hp_loss":0,"event_name":"Purifier","floor":12,"gold_loss":0}],"is_beta":false,"boss_relics":[{"not_picked":["Mark of Pain","Empty Cage"],"picked":"Philosopher\u0027s Stone"}],"items_purged_floors":[],"is_endless":false,"potions_floor_spawned":[1,8,10,18],"killed_by":"Gremlin Leader","ascension_level":1}