{"gold_per_floor":[110,185,185,198,42,71,71,99,99,12,31,48,48,78,78,157,157,167,177,177,177,188,188,215,215,295,327,30,49,62,79,79,151,151,164,211,14,29,41,72,72,84,109,119,119,145,145,174,174,174,174,174,174,6,41,41],"floor_reached":57,"playtime":3060,"items_purged":["Strike_B","Strike_B"],"score":3075,"play_id":"60f18560-6f37-4724-8fd5-7df88a07722d","local_time":"20190416214842","is_ascension_mode":true,"campfire_choices":[{"data":"Chaos","floor":7,"key":"SMITH"},{"data":"FTL","floor":13,"key":"SMITH"},{"data":"FTL","floor":15,"key":"SMITH"},{"data":"Seek","floor":23,"key":"SMITH"},{"data":"Coolheaded","floor":25,"key":"SMITH"},{"data":"Glacier","floor":32,"key":"SMITH"},{"floor":41,"key":"RECALL"},{"data":"Sweeping Beam","floor":49,"key":"SMITH"},{"data":"Ball Lightning","floor":53,"key":"SMITH"}],"neow_cost":"NONE","seed_source_timestamp":505794390721600,"circlet_count":0,"master_deck":["AscendersBane","Strike_B","Strike_B","Defend_B","Defend_B","Defend_B","Defend_B","Zap+1","Dualcast","Coolheaded+1","Sweeping Beam+1","Seek+1","Chaos+1","FTL+1","Ball Lightning+1","Chill+1","Ball Lightning","FTL+1","Self Repair+1","Biased Cognition+1","Compile Driver","Necronomicurse","Defragment+1","Undo+1","Glacier+1","Self Repair+1","Buffer+1","Steam+1","Creative AI+1","Echo Form+1","Coolheaded+1","Capacitor+1"],"relics":["Cracked Core","NeowsBlessing","Mercury Hourglass","Bag of Preparation","Shuriken","Frozen Egg 2","Coffee Dripper","Necronomicon","Cables","Bottled Flame","The Courier","Omamori","Black Star","Incense Burner","Bronze Scales","Symbiotic Virus","Potion Belt","Mummified Hand","Regal Pillow","Bottled Lightning","Turnip","Happy Flower","Strawberry"],"potions_floor_usage":[8,22,27,29,36,36,46,54,56,56,56,56],"damage_taken":[{"damage":0,"enemies":"Cultist","floor":1,"turns":1},{"damage":0,"enemies":"Jaw Worm","floor":4,"turns":1},{"damage":0,"enemies":"3 Sentries","floor":6,"turns":1},{"damage":15,"enemies":"Lagavulin","floor":8,"turns":7},{"damage":0,"enemies":"2 Louse","floor":11,"turns":2},{"damage":1,"enemies":"Exordium Thugs","floor":12,"turns":2},{"damage":3,"enemies":"3 Sentries","floor":14,"turns":3},{"damage":21,"enemies":"The Guardian","floor":16,"turns":8},{"damage":0,"enemies":"Chosen","floor":18,"turns":3},{"damage":0,"enemies":"Spheric Guardian","floor":19,"turns":3},{"damage":0,"enemies":"Cultist and Chosen","floor":22,"turns":3},{"damage":14,"enemies":"Gremlin Leader","floor":24,"turns":5},{"damage":29,"enemies":"Slavers","floor":27,"turns":3},{"damage":5,"enemies":"Snake Plant","floor":29,"turns":3},{"damage":0,"enemies":"Snecko","floor":30,"turns":4},{"damage":0,"enemies":"3 Cultists","floor":31,"turns":5},{"damage":0,"enemies":"Champ","floor":33,"turns":10},{"damage":0,"enemies":"3 Darklings","floor":35,"turns":7},{"damage":1,"enemies":"2 Orb Walkers","floor":36,"turns":5},{"damage":0,"enemies":"3 Shapes","floor":38,"turns":5},{"damage":0,"enemies":"Transient","floor":39,"turns":6},{"damage":5,"enemies":"Giant Head","floor":40,"turns":9},{"damage":27,"enemies":"Writhing Mass","floor":42,"turns":6},{"damage":21,"enemies":"Spire Growth","floor":44,"turns":5},{"damage":38,"enemies":"Reptomancer","floor":46,"turns":6},{"damage":0,"enemies":"Nemesis","floor":48,"turns":7},{"damage":51,"enemies":"Awakened One","floor":50,"turns":11},{"damage":0,"enemies":"Donu and Deca","floor":51,"turns":10},{"damage":39,"enemies":"Shield and Spear","floor":55,"turns":8},{"damage":40,"enemies":"The Heart","floor":56,"turns":12}],"seed_played":"3901066983504968723","potions_obtained":[{"floor":1,"key":"Swift Potion"},{"floor":8,"key":"Swift Potion"},{"floor":14,"key":"Energy Potion"},{"floor":18,"key":"LiquidBronze"},{"floor":27,"key":"Explosive Potion"},{"floor":29,"key":"Block Potion"},{"floor":36,"key":"Dexterity Potion"},{"floor":39,"key":"Poison Potion"},{"floor":42,"key":"FearPotion"},{"floor":44,"key":"SkillPotion"},{"floor":55,"key":"Weak Potion"}],"is_trial":false,"path_per_floor":["M","?","?","M","$","E","R","E","T","$","M","M","R","E","R","B",null,"M","M","?","T","M","R","E","R","T","E","$","M","M","M","R","B",null,"M","?","$","M","M","E","R","M","T","M","?","E","?","E","R","B","B",null,"R","$","E","B",null],"character_chosen":"DEFECT","items_purchased":["Seek","Ball Lightning","Chill","Self Repair+1","Buffer+1","SkillPotion","Capacitor+1","Bronze Scales","Fruit Juice","Dexterity Potion","AttackPotion"],"campfire_rested":0,"item_purchase_floors":[5,10,10,28,28,28,37,37,54,54,54],"current_hp_per_floor":[64,53,53,53,53,53,53,38,38,38,38,37,37,34,34,23,59,69,71,50,50,60,60,56,56,56,37,37,42,52,71,71,71,71,71,70,70,70,71,71,71,71,71,60,60,42,42,67,67,36,56,64,64,69,57,37],"gold":41,"neow_bonus":"THREE_ENEMY_KILL","is_prod":false,"is_daily":false,"chose_seed":false,"campfire_upgraded":8,"win_rate":0,"timestamp":1555476522,"path_taken":["M","?","?","M","$","E","R","E","T","$","M","M","R","E","R","BOSS","M","M","?","?","M","R","E","R","T","E","?","M","M","?","R","BOSS","M","?","$","M","M","E","R","M","T","M","?","E","?","E","R","BOSS","BOSS","R","$","E","BOSS"],"build_version":"2019-04-04","purchased_purges":2,"victory":true,"max_hp_per_floor":[71,71,71,71,71,71,71,71,71,71,71,71,71,71,71,71,71,71,71,71,71,71,71,71,71,71,71,71,71,71,71,71,71,71,71,71,71,71,71,71,71,71,71,71,67,67,67,67,67,67,67,67,67,72,79,79],"card_choices":[{"not_picked":["Skim","Gash"],"picked":"Coolheaded","floor":1},{"not_picked":["Melter","Chaos"],"picked":"Sweeping Beam","floor":4},{"not_picked":["Coolheaded","Double Energy"],"picked":"Chaos","floor":6},{"not_picked":["Lockon","Conserve Battery"],"picked":"FTL","floor":8},{"not_picked":["Skim","Compile Driver"],"picked":"Ball Lightning","floor":11},{"not_picked":["Steam Power","Ball Lightning"],"picked":"FTL","floor":12},{"not_picked":["Redo","Reboot"],"picked":"Self Repair","floor":14},{"not_picked":["All For One","Reboot"],"picked":"Biased Cognition+1","floor":16},{"not_picked":["Fusion","Force Field","Stack"],"picked":"SKIP","floor":18},{"not_picked":["Leap","Darkness"],"picked":"Compile Driver","floor":19},{"not_picked":["Aggregate","Go for the Eyes"],"picked":"Defragment+1","floor":22},{"not_picked":["Go for the Eyes","Sweeping Beam"],"picked":"Undo+1","floor":24},{"not_picked":["Cold Snap","Scrape+1"],"picked":"Glacier","floor":27},{"not_picked":["Gash","Rebound"],"picked":"Steam+1","floor":29},{"not_picked":["Melter","Compile Driver"],"picked":"Creative AI+1","floor":30},{"not_picked":["Barrage","Compile Driver","Streamline"],"picked":"SKIP","floor":31},{"not_picked":["Meteor Strike","Machine Learning+1"],"picked":"Echo Form+1","floor":33},{"not_picked":["Darkness","Turbo","Auto Shields"],"picked":"SKIP","floor":35},{"not_picked":["Recycle+1","Loop+1"],"picked":"Coolheaded+1","floor":36},{"not_picked":["Barrage","Streamline+1","Go for the Eyes+1"],"picked":"SKIP","floor":38},{"not_picked":["Force Field","Glacier","Redo+1"],"picked":"SKIP","floor":39},{"not_picked":["Conserve Battery","Barrage","Compile Driver"],"picked":"SKIP","floor":40},{"not_picked":["Darkness","Streamline","Steam"],"picked":"SKIP","floor":42},{"not_picked":["Barrage","Hello World+1","Stack"],"picked":"SKIP","floor":44},{"not_picked":["Tempest","Melter+1","Conserve Battery"],"picked":"SKIP","floor":46},{"not_picked":["Rebound+1","Fission","Skim"],"picked":"SKIP","floor":48},{"not_picked":["Rebound+1","Auto Shields","Blizzard"],"picked":"SKIP","floor":55}],"player_experience":2552575,"relics_obtained":[{"floor":6,"key":"Mercury Hourglass"},{"floor":8,"key":"Bag of Preparation"},{"floor":9,"key":"Shuriken"},{"floor":14,"key":"Frozen Egg 2"},{"floor":20,"key":"Necronomicon"},{"floor":21,"key":"Cables"},{"floor":24,"key":"Bottled Flame"},{"floor":26,"key":"The Courier"},{"floor":27,"key":"Omamori"},{"floor":36,"key":"Incense Burner"},{"floor":40,"key":"Symbiotic Virus"},{"floor":40,"key":"Potion Belt"},{"floor":46,"key":"Mummified Hand"},{"floor":46,"key":"Regal Pillow"},{"floor":48,"key":"Bottled Lightning"},{"floor":48,"key":"Turnip"},{"floor":55,"key":"Happy Flower"},{"floor":55,"key":"Strawberry"}],"event_choices":[{"damage_healed":0,"gold_gain":75,"player_choice":"Gather Gold","damage_taken":11,"max_hp_gain":0,"max_hp_loss":0,"event_name":"World of Goop","floor":2,"gold_loss":0},{"damage_healed":0,"gold_gain":0,"player_choice":"Grow","damage_taken":0,"max_hp_gain":0,"max_hp_loss":0,"event_name":"Living Wall","floor":3,"gold_loss":0,"cards_upgraded":["Zap"]},{"damage_healed":0,"gold_gain":0,"player_choice":"Obtained Book","damage_taken":21,"max_hp_gain":0,"max_hp_loss":0,"event_name":"Cursed Tome","floor":20,"gold_loss":0},{"damage_healed":0,"gold_gain":0,"player_choice":"Fight","damage_taken":0,"max_hp_gain":0,"max_hp_loss":0,"event_name":"Mysterious Sphere","floor":36,"gold_loss":0},{"damage_healed":0,"gold_gain":0,"player_choice":"Max HP","damage_taken":0,"max_hp_gain":0,"max_hp_loss":4,"event_name":"Winding Halls","floor":45,"gold_loss":0},{"damage_healed":0,"gold_gain":0,"player_choice":"Upgraded","damage_taken":0,"max_hp_gain":0,"max_hp_loss":0,"event_name":"Upgrade Shrine","floor":47,"gold_loss":0,"cards_upgraded":["Chill"]}],"is_beta":true,"boss_relics":[{"not_picked":["Lizard Tail","Eternal Feather"],"picked":"Coffee Dripper"},{"not_picked":["FrozenCore","Tiny House"],"picked":"Black Star"}],"items_purged_floors":[5,28],"is_endless":false,"potions_floor_spawned":[1,8,14,16,18,27,29,36,39,42,44,55],"ascension_level":20}