{"gold_per_floor":[119,134,134,309,101,101,120,120,120,141,116,116,116,160,160,291,291,315,335,140,140,23,54,54,70,70,70,109,125,143,166,166,292,292,315,328,349,349,362,417,432,432,432,453,471,471,510,534,534,534,534,534,52,96,96],"floor_reached":56,"playtime":3882,"items_purged":["Doubt"],"score":1326,"play_id":"93f8364d-41ba-452d-b7e1-34ca34d4f80a","local_time":"20190408152427","is_ascension_mode":false,"campfire_choices":[{"data":"Uppercut","floor":6.0,"key":"SMITH"},{"data":"Bash","floor":8.0,"key":"SMITH"},{"data":"Perfected Strike","floor":12.0,"key":"SMITH"},{"data":"Bloodletting","floor":15.0,"key":"SMITH"},{"floor":27.0,"key":"REST"},{"floor":32.0,"key":"REST"},{"floor":42.0,"key":"RECALL"},{"floor":49.0,"key":"REST"},{"floor":52.0,"key":"REST"}],"neow_cost":"NONE","seed_source_timestamp":260862615609300,"circlet_count":0,"master_deck":["Strike_R","Strike_R","Strike_R","Strike_R","Strike_R","Defend_R","Defend_R","Defend_R","Bash+1","Anger","Shockwave","Uppercut+1","Perfected Strike+1","Battle Trance","Feed+1","Clothesline+1","Bloodletting+1","Power Through","Feed+1","Feel No Pain","Iron Wave+1","Metallicize","Flame Barrier","Twin Strike+1","Corruption","Spot Weakness","Ghostly Armor","Shrug It Off+1","Rampage+1","Rupture+1","Pommel Strike+1","Heavy Blade+1","Barricade+1","Feel No Pain+1","Iron Wave+1","Magnetism+1","True Grit+1","Flame Barrier","Shrug It Off","Iron Wave+1","Pommel Strike+1","Spot Weakness","True Grit+1","Panacea","Battle Trance","Disarm"],"special_seed":0,"relics":["Burning Blood","Golden Idol","Molten Egg 2","Bronze Scales","Fusion Hammer","Frozen Egg 2","Nilry\u0027s Codex","Darkstone Periapt","Blue Candle","Philosopher\u0027s Stone","Blood Vial","The Courier","Mummified Hand","Centennial Puzzle"],"potions_floor_usage":[55,55,55],"damage_taken":[{"damage":0.0,"enemies":"Small Slimes","floor":1.0,"turns":3.0},{"damage":0.0,"enemies":"2 Louse","floor":2.0,"turns":3.0},{"damage":1.0,"enemies":"Cultist","floor":7.0,"turns":3.0},{"damage":7.0,"enemies":"Looter","floor":10.0,"turns":3.0},{"damage":21.0,"enemies":"3 Sentries","floor":14.0,"turns":4.0},{"damage":50.0,"enemies":"Hexaghost","floor":16.0,"turns":10.0},{"damage":10.0,"enemies":"Spheric Guardian","floor":18.0,"turns":3.0},{"damage":15.0,"enemies":"Shell Parasite","floor":19.0,"turns":4.0},{"damage":15.0,"enemies":"Slavers","floor":23.0,"turns":5.0},{"damage":0.0,"enemies":"Snake Plant","floor":25.0,"turns":4.0},{"damage":23.0,"enemies":"Gremlin Leader","floor":28.0,"turns":6.0},{"damage":9.0,"enemies":"Sentry and Sphere","floor":29.0,"turns":4.0},{"damage":14.0,"enemies":"Centurion and Healer","floor":30.0,"turns":6.0},{"damage":11.0,"enemies":"Snecko","floor":31.0,"turns":3.0},{"damage":41.0,"enemies":"Champ","floor":33.0,"turns":11.0},{"damage":1.0,"enemies":"Orb Walker","floor":35.0,"turns":4.0},{"damage":8.0,"enemies":"3 Shapes","floor":36.0,"turns":6.0},{"damage":12.0,"enemies":"Sphere and 2 Shapes","floor":37.0,"turns":7.0},{"damage":22.0,"enemies":"4 Shapes","floor":39.0,"turns":4.0},{"damage":3.0,"enemies":"Giant Head","floor":40.0,"turns":10.0},{"damage":21.0,"enemies":"Writhing Mass","floor":41.0,"turns":7.0},{"damage":34.0,"enemies":"Maw","floor":44.0,"turns":8.0},{"damage":11.0,"enemies":"4 Shapes","floor":45.0,"turns":8.0},{"damage":55.0,"enemies":"Reptomancer","floor":47.0,"turns":12.0},{"damage":17.0,"enemies":"3 Darklings","floor":48.0,"turns":8.0},{"damage":47.0,"enemies":"Time Eater","floor":50.0,"turns":17.0},{"damage":37.0,"enemies":"Shield and Spear","floor":54.0,"turns":8.0},{"damage":79,"enemies":"The Heart","floor":55,"turns":9}],"seed_played":"3285685057907796439","potions_obtained":[{"floor":0.0,"key":"Strength Potion"},{"floor":0.0,"key":"Regen Potion"},{"floor":0.0,"key":"Fire Potion"},{"floor":31.0,"key":"AttackPotion"},{"floor":33.0,"key":"Fire Potion"},{"floor":39.0,"key":"Swift Potion"},{"floor":40.0,"key":"GamblersBrew"},{"floor":41.0,"key":"Regen Potion"},{"floor":44.0,"key":"Strength Potion"}],"is_trial":false,"path_per_floor":["M","M","?","?","$","R","M","R","T","M","$","R","?","E","R","B",null,"M","M","$","?","$","E","?","M","T","R","E","M","M","M","R","B",null,"M","M","M","?","M","E","M","R","T","M","M","?","E","M","R","B",null,"R","$","E","B",null],"character_chosen":"IRONCLAD","items_purchased":["Uppercut","Perfected Strike","Clothesline+1","Metallicize","Flame Barrier","Twin Strike+1","Spot Weakness","Ghostly Armor","Panacea","SpeedPotion","Mummified Hand","PowerPotion","Battle Trance","Disarm"],"campfire_rested":4,"item_purchase_floors":[5,5,11,20,20,20,22,22,53,53,53,53,53,53],"current_hp_per_floor":[80,80,60,60,60,60,65,65,65,64,64,64,64,53,53,13,88,88,83,83,83,83,78,62,72,72,103,86,87,79,74,106,71,108,108,110,112,102,94,97,84,84,84,58,59,59,70,61,101,62,136,136,136,105,34],"gold":96,"neow_bonus":"THREE_SMALL_POTIONS","is_prod":false,"is_daily":false,"chose_seed":false,"campfire_upgraded":4,"win_rate":1,"timestamp":1554762267,"path_taken":["M","M","?","?","$","R","M","R","T","M","$","R","?","E","R","BOSS","M","?","$","?","$","E","?","M","T","R","E","M","M","M","R","BOSS","M","M","M","?","M","E","M","R","T","M","M","?","E","M","R","BOSS","R","$","E","BOSS"],"build_version":"2019-01-23","purchased_purges":1,"victory":true,"max_hp_per_floor":[80,80,80,80,80,80,80,80,80,80,80,80,80,84,84,88,88,92,96,96,96,96,100,100,104,104,104,104,108,108,108,108,108,108,108,112,120,120,128,128,128,128,128,128,132,132,136,136,136,136,136,136,136,136,136],"card_choices":[{"not_picked":["True Grit","Headbutt"],"picked":"Anger","floor":1.0},{"not_picked":["Second Wind","True Grit"],"picked":"Shockwave","floor":2.0},{"not_picked":["Clash","Wild Strike"],"picked":"Battle Trance","floor":7.0},{"not_picked":["Clothesline+1","Uppercut+1"],"picked":"Feed+1","floor":10.0},{"not_picked":["Clash+1","Fire Breathing"],"picked":"Power Through","floor":14.0},{"not_picked":["Impervious","Limit Break"],"picked":"Feed+1","floor":16.0},{"not_picked":["Flex","Dropkick+1"],"picked":"Feel No Pain","floor":18.0},{"not_picked":["Armaments","Headbutt+1"],"picked":"Iron Wave+1","floor":19.0},{"not_picked":["Exhume","Seeing Red"],"picked":"Shrug It Off+1","floor":23.0},{"not_picked":["Warcry","Body Slam+1"],"picked":"Rampage+1","floor":25.0},{"not_picked":["Flex+1","Intimidate"],"picked":"Rupture+1","floor":28.0},{"not_picked":["Whirlwind+1","Body Slam+1"],"picked":"Pommel Strike+1","floor":29.0},{"not_picked":["Warcry","Wild Strike+1","Twin Strike+1"],"picked":"SKIP","floor":30.0},{"not_picked":["Warcry","Wild Strike+1","Twin Strike+1"],"picked":"SKIP","floor":30.0},{"not_picked":["Iron Wave+1","Wild Strike+1"],"picked":"Heavy Blade+1","floor":31.0},{"not_picked":["Exhume","Double Tap"],"picked":"Barricade+1","floor":33.0},{"not_picked":["Heavy Blade+1","Seeing Red","Body Slam+1"],"picked":"SKIP","floor":35.0},{"not_picked":["Shrug It Off","Thunderclap+1"],"picked":"Feel No Pain+1","floor":36.0},{"not_picked":["Cleave+1","Entrench"],"picked":"Iron Wave+1","floor":37.0},{"not_picked":["Bandage Up","Mind Blast+1"],"picked":"Magnetism+1","floor":38.0},{"not_picked":["Cleave+1","Heavy Blade+1"],"picked":"True Grit+1","floor":39.0},{"not_picked":["Anger+1","Havoc"],"picked":"Flame Barrier","floor":40.0},{"not_picked":["Clothesline+1","Blood for Blood+1"],"picked":"Shrug It Off","floor":41.0},{"not_picked":["Seeing Red+1","Sentinel+1"],"picked":"Iron Wave+1","floor":44.0},{"not_picked":["Uppercut+1","Sword Boomerang+1"],"picked":"Pommel Strike+1","floor":45.0},{"not_picked":["Combust+1","Corruption+1"],"picked":"True Grit+1","floor":47.0},{"not_picked":["Havoc","Pummel+1","Heavy Blade+1"],"picked":"SKIP","floor":48.0},{"not_picked":["Searing Blow+1","Bloodletting+1","Twin Strike+1"],"picked":"SKIP","floor":54.0}],"player_experience":220010,"relics_obtained":[{"floor":9.0,"key":"Molten Egg 2"},{"floor":14.0,"key":"Bronze Scales"},{"floor":23.0,"key":"Frozen Egg 2"},{"floor":24.0,"key":"Nilry\u0027s Codex"},{"floor":26.0,"key":"Darkstone Periapt"},{"floor":28.0,"key":"Blue Candle"},{"floor":40.0,"key":"Blood Vial"},{"floor":47.0,"key":"The Courier"},{"floor":54.0,"key":"Centennial Puzzle"}],"event_choices":[{"damage_healed":0.0,"max_hp_gain":0.0,"max_hp_loss":0.0,"gold_gain":0.0,"event_name":"Golden Idol","player_choice":"Take Damage","floor":3.0,"gold_loss":0.0,"damage_taken":20.0,"relics_obtained":["Golden Idol"]},{"damage_healed":0.0,"max_hp_gain":0.0,"max_hp_loss":0.0,"gold_gain":175.0,"event_name":"Liars Game","player_choice":"AGREE","floor":4.0,"gold_loss":0.0,"damage_taken":0.0,"cards_obtained":["Doubt"]},{"damage_healed":0.0,"max_hp_gain":0.0,"max_hp_loss":0.0,"gold_gain":0.0,"cards_transformed":["Defend_R"],"event_name":"Transmorgrifier","player_choice":"Transformed","floor":13.0,"gold_loss":0.0,"damage_taken":0.0,"cards_obtained":["Bloodletting"]},{"damage_healed":0.0,"max_hp_gain":0.0,"max_hp_loss":0.0,"gold_gain":0.0,"event_name":"The Library","player_choice":"Read","floor":21.0,"gold_loss":0.0,"damage_taken":0.0,"cards_obtained":["Corruption"]},{"damage_healed":0.0,"max_hp_gain":0.0,"max_hp_loss":0.0,"gold_gain":0.0,"event_name":"Cursed Tome","player_choice":"Obtained Book","floor":24.0,"gold_loss":0.0,"damage_taken":16.0},{"damage_healed":0.0,"max_hp_gain":0.0,"max_hp_loss":0.0,"gold_gain":0.0,"event_name":"SensoryStone","player_choice":"Memory 3","floor":38.0,"gold_loss":0.0,"damage_taken":10.0},{"damage_healed":0.0,"max_hp_gain":0.0,"max_hp_loss":0.0,"gold_gain":0.0,"event_name":"Duplicator","player_choice":"Copied","floor":46.0,"gold_loss":0.0,"damage_taken":0.0,"cards_obtained":["Spot Weakness"]}],"is_beta":false,"boss_relics":[{"not_picked":["Empty Cage","Lizard Tail"],"picked":"Fusion Hammer"},{"not_picked":["Eternal Feather","Mark of Pain"],"picked":"Philosopher\u0027s Stone"}],"items_purged_floors":[5],"is_endless":false,"potions_floor_spawned":[1,14,18,19,31,33,39,40,41,44,54],"ascension_level":0}