{"gold_per_floor":[112,112,112,124,134,134,153,153,153,171,187,218,232,247,247,342,342,359,374,394,394,413,442,456,456,456,456,469,469,494,512,512,613,613,631,631,642,657,409,442,442,150,150,163,209,209,226,246,246,246],"floor_reached":51,"playtime":2898,"items_purged":["Defend_R"],"score":782,"play_id":"7f4be69b-42cd-4824-b78c-647413ddd9a7","local_time":"20190418101615","is_ascension_mode":false,"campfire_choices":[{"data":"Shockwave","floor":6,"key":"SMITH"},{"data":"Whirlwind","floor":8,"key":"SMITH"},{"data":"Armaments","floor":15,"key":"SMITH"},{"data":"Disarm","floor":25,"key":"SMITH"},{"floor":27,"key":"REST"},{"floor":32,"key":"REST"},{"data":"Apotheosis","floor":41,"key":"SMITH"},{"floor":49,"key":"REST"}],"neow_cost":"NONE","seed_source_timestamp":514420262286900,"circlet_count":0,"master_deck":["Strike_R","Strike_R","Defend_R","Defend_R","Bash","Shockwave+1","Infernal Blade","Spot Weakness","Anger","Whirlwind+1","Iron Wave","Clothesline","Impervious","Shrug It Off","Armaments+1","Fiend Fire","Body Slam+1","Double Tap+1","Feel No Pain+1","Carnage+1","Reckless Charge+1","Disarm+1","Spot Weakness","Pommel Strike+1","Immolate","Flame Barrier","Disarm+1","Cleave+1","Feed","Jack Of All Trades","Finesse","Apotheosis+1","Entrench+1","Feel No Pain","True Grit","Cleave+1","Pummel+1","Pommel Strike+1","Battle Trance+1"],"relics":["Burning Blood","Strawberry","Gremlin Horn","Letter Opener","Astrolabe","Omamori","Darkstone Periapt","Enchiridion","Art of War","Busted Crown","Paper Frog","ClockworkSouvenir","Red Skull","Pantograph","Unceasing Top"],"potions_floor_usage":[12,23,23,28,40,40,45,50,50],"damage_taken":[{"damage":1,"enemies":"Cultist","floor":1,"turns":3},{"damage":4,"enemies":"Small Slimes","floor":4,"turns":4},{"damage":1,"enemies":"Jaw Worm","floor":5,"turns":3},{"damage":4,"enemies":"Red Slaver","floor":7,"turns":2},{"damage":0,"enemies":"2 Fungi Beasts","floor":10,"turns":1},{"damage":4,"enemies":"Blue Slaver","floor":11,"turns":3},{"damage":22,"enemies":"3 Sentries","floor":12,"turns":3},{"damage":0,"enemies":"Exordium Wildlife","floor":13,"turns":1},{"damage":6,"enemies":"Large Slime","floor":14,"turns":6},{"damage":47,"enemies":"Hexaghost","floor":16,"turns":8},{"damage":22,"enemies":"2 Thieves","floor":18,"turns":4},{"damage":0,"enemies":"3 Byrds","floor":19,"turns":4},{"damage":10,"enemies":"Snake Plant","floor":20,"turns":4},{"damage":23,"enemies":"Shelled Parasite and Fungi","floor":22,"turns":6},{"damage":17,"enemies":"Gremlin Leader","floor":23,"turns":6},{"damage":11,"enemies":"Snecko","floor":24,"turns":5},{"damage":3,"enemies":"Cultist and Chosen","floor":28,"turns":7},{"damage":15,"enemies":"Slavers","floor":30,"turns":3},{"damage":6,"enemies":"Centurion and Healer","floor":31,"turns":5},{"damage":43,"enemies":"Automaton","floor":33,"turns":9},{"damage":7,"enemies":"3 Darklings","floor":35,"turns":2},{"damage":10,"enemies":"Orb Walker","floor":37,"turns":3},{"damage":7,"enemies":"Sphere and 2 Shapes","floor":38,"turns":3},{"damage":4,"enemies":"Giant Head","floor":40,"turns":7},{"damage":0,"enemies":"4 Shapes","floor":44,"turns":3},{"damage":51,"enemies":"Nemesis","floor":45,"turns":5},{"damage":12,"enemies":"Spire Growth","floor":47,"turns":2},{"damage":3,"enemies":"Writhing Mass","floor":48,"turns":5},{"damage":91,"enemies":"Awakened One","floor":50,"turns":11}],"seed_played":"3311761569413553513","potions_obtained":[{"floor":1,"key":"SneckoOil"},{"floor":4,"key":"Strength Potion"},{"floor":11,"key":"LiquidBronze"},{"floor":12,"key":"SpeedPotion"},{"floor":14,"key":"Ancient Potion"},{"floor":18,"key":"FearPotion"},{"floor":31,"key":"Explosive Potion"},{"floor":40,"key":"Fire Potion"},{"floor":45,"key":"SteroidPotion"}],"is_trial":false,"path_per_floor":["M","?","?","M","M","R","M","R","T","M","M","E","M","M","R","B",null,"M","M","M","?","M","E","M","R","T","R","M","?","E","M","R","B",null,"M","?","M","M","$","E","R","$","T","M","E","T","M","M","R","B",null],"character_chosen":"IRONCLAD","items_purchased":["Feel No Pain","Block Potion","SteroidPotion","Weak Potion","ClockworkSouvenir","True Grit"],"campfire_rested":3,"item_purchase_floors":[39,39,39,42,42,42],"current_hp_per_floor":[88,77,77,79,84,84,86,86,86,92,94,78,84,84,84,43,95,79,85,81,81,64,53,48,48,48,76,79,63,54,54,82,45,95,94,84,83,82,82,84,84,84,84,90,45,45,39,46,76,16],"gold":246,"neow_bonus":"TEN_PERCENT_HP_BONUS","is_prod":false,"is_daily":false,"chose_seed":false,"campfire_upgraded":5,"win_rate":1,"timestamp":1555607775,"path_taken":["M","?","?","M","M","R","M","R","T","M","?","E","M","M","R","BOSS","M","M","M","?","M","E","M","R","T","R","?","?","E","M","R","BOSS","M","?","M","M","$","E","R","$","T","M","E","?","M","M","R","BOSS"],"build_version":"2019-01-23","purchased_purges":1,"victory":true,"max_hp_per_floor":[88,95,95,95,95,95,95,95,95,95,95,95,95,95,95,95,95,95,95,95,95,95,95,95,95,95,95,95,95,95,95,95,95,95,95,95,98,98,98,98,98,98,98,98,98,98,98,102,102,102],"card_choices":[{"not_picked":["Anger","Body Slam"],"picked":"Shockwave","floor":1},{"not_picked":["Anger","Heavy Blade"],"picked":"Spot Weakness","floor":4},{"not_picked":["Perfected Strike","Thunderclap"],"picked":"Anger","floor":5},{"not_picked":["Body Slam","Havoc"],"picked":"Whirlwind","floor":7},{"not_picked":["Anger","Feel No Pain"],"picked":"Iron Wave","floor":10},{"not_picked":["Sword Boomerang","Pommel Strike"],"picked":"Clothesline","floor":11},{"not_picked":["Evolve","Sever Soul"],"picked":"Impervious","floor":12},{"not_picked":["Twin Strike","Perfected Strike"],"picked":"Shrug It Off","floor":13},{"not_picked":["Anger","Intimidate"],"picked":"Armaments","floor":14},{"not_picked":["Brutality","Barricade"],"picked":"Fiend Fire","floor":16},{"not_picked":["Clash","Searing Blow"],"picked":"Carnage+1","floor":18},{"not_picked":["Warcry","Pommel Strike"],"picked":"Reckless Charge+1","floor":19},{"not_picked":["Flame Barrier","Armaments"],"picked":"Disarm","floor":20},{"not_picked":["Twin Strike","Sword Boomerang"],"picked":"Pommel Strike+1","floor":22},{"not_picked":["Inflame","Headbutt"],"picked":"Immolate","floor":23},{"not_picked":["Infernal Blade+1","Spot Weakness"],"picked":"Flame Barrier","floor":24},{"not_picked":["Rupture+1","Havoc"],"picked":"Disarm+1","floor":28},{"not_picked":["Twin Strike","Clash+1","Carnage"],"picked":"SKIP","floor":30},{"not_picked":["Perfected Strike","Clothesline"],"picked":"Cleave+1","floor":31},{"not_picked":["Fiend Fire","Berserk"],"picked":"Feed","floor":33},{"not_picked":["Hemokinesis+1"],"picked":"SKIP","floor":35},{"not_picked":[],"picked":"Jack Of All Trades","floor":36},{"not_picked":[],"picked":"Finesse","floor":36},{"not_picked":[],"picked":"Apotheosis","floor":36},{"not_picked":[],"picked":"Entrench+1","floor":37},{"not_picked":["Iron Wave"],"picked":"SKIP","floor":38},{"not_picked":["Bloodletting"],"picked":"SKIP","floor":40},{"not_picked":[],"picked":"Cleave+1","floor":44},{"not_picked":[],"picked":"Pummel+1","floor":45},{"not_picked":[],"picked":"Pommel Strike+1","floor":47},{"not_picked":[],"picked":"Battle Trance+1","floor":48}],"player_experience":428914,"relics_obtained":[{"floor":9,"key":"Gremlin Horn"},{"floor":12,"key":"Letter Opener"},{"floor":23,"key":"Omamori"},{"floor":26,"key":"Darkstone Periapt"},{"floor":29,"key":"Enchiridion"},{"floor":30,"key":"Art of War"},{"floor":40,"key":"Paper Frog"},{"floor":43,"key":"Red Skull"},{"floor":45,"key":"Pantograph"},{"floor":46,"key":"Unceasing Top"}],"event_choices":[{"damage_healed":0,"gold_gain":0,"player_choice":"Success","damage_taken":18,"relics_obtained":["Strawberry"],"max_hp_gain":0,"max_hp_loss":0,"event_name":"Scrap Ooze","floor":2,"gold_loss":0},{"damage_healed":0,"gold_gain":0,"cards_transformed":["Strike_R"],"player_choice":"Transformed","damage_taken":0,"max_hp_gain":0,"max_hp_loss":0,"event_name":"Transmorgrifier","floor":3,"gold_loss":0,"cards_obtained":["Infernal Blade"]},{"damage_healed":0,"gold_gain":0,"player_choice":"Copied","damage_taken":0,"max_hp_gain":0,"max_hp_loss":0,"event_name":"Duplicator","floor":21,"gold_loss":0,"cards_obtained":["Spot Weakness"]},{"damage_healed":0,"gold_gain":0,"player_choice":"Obtained Book","damage_taken":16,"max_hp_gain":0,"max_hp_loss":0,"event_name":"Cursed Tome","floor":29,"gold_loss":0},{"damage_healed":0,"gold_gain":0,"player_choice":"Memory 3","damage_taken":10,"max_hp_gain":0,"max_hp_loss":0,"event_name":"SensoryStone","floor":36,"gold_loss":0}],"is_beta":false,"boss_relics":[{"not_picked":["Pandora\u0027s Box","Orrery"],"picked":"Astrolabe"},{"not_picked":["Coffee Dripper","Runic Cube"],"picked":"Busted Crown"}],"items_purged_floors":[39],"is_endless":false,"potions_floor_spawned":[1,4,11,12,14,16,18,19,31,40,45,47],"ascension_level":0}