{"gold_per_floor":[213,136,154,164,164,164,194,28,79,113,173,200,220,247,247,326,326,343,343,362,285,295,325,325,250,250,72,106,206,206,222,222,298,298,309,328,328,117,130,130,143,157,203,218,218,253,253,143,143,143,143,143,143,168,168],"floor_reached":55,"playtime":4177,"items_purged":["Strike_B"],"score":1553,"play_id":"1ef3fecd-d8c8-4de5-8d33-29c4a506b8d1","local_time":"20190331184430","is_ascension_mode":true,"campfire_choices":[{"data":"Buffer","floor":6,"key":"SMITH"},{"data":"Loop","floor":15,"key":"SMITH"},{"data":"Defragment","floor":24,"key":"SMITH"},{"data":"Seek","floor":30,"key":"SMITH"},{"data":"Capacitor","floor":32,"key":"SMITH"},{"floor":40,"key":"RECALL"},{"floor":47,"key":"REST"},{"floor":49,"key":"REST"},{"floor":52,"key":"REST"}],"neow_cost":"NONE","seed_source_timestamp":60744336169846,"circlet_count":0,"master_deck":["AscendersBane","Strike_B+1","Strike_B+1","Defend_B+1","Defend_B+1","Defend_B+1","Defend_B+1","Zap+1","Coolheaded+1","Loop+1","Buffer+1","Cold Snap+1","Self Repair+1","Cold Snap+1","Capacitor+1","Barrage+1","Seek+1","Defragment+1","Force Field+1","Blizzard+1","Capacitor+1","FTL+1","Blizzard+1","Ball Lightning+1","Reinforced Body+1","Biased Cognition+1","Tempest+1"],"relics":["Cracked Core","Orichalcum","DataDisk","Regal Pillow","Incense Burner","Pen Nib","War Paint","Darkstone Periapt","Busted Crown","Emotion Chip","Bronze Scales","Bottled Flame","Unceasing Top","Bottled Lightning","Runic Pyramid","Mark of the Bloom","Sling","Letter Opener","Bottled Tornado"],"potions_floor_usage":[7,7,10,16,23,23,29,31,33,42,50,55],"damage_taken":[{"damage":2,"enemies":"Jaw Worm","floor":1,"turns":3},{"damage":0,"enemies":"Cultist","floor":3,"turns":3},{"damage":2,"enemies":"2 Louse","floor":4,"turns":3},{"damage":0,"enemies":"Lagavulin","floor":7,"turns":7},{"damage":10,"enemies":"3 Sentries","floor":10,"turns":7},{"damage":0,"enemies":"Lagavulin Event","floor":11,"turns":6},{"damage":0,"enemies":"Lagavulin","floor":12,"turns":7},{"damage":8,"enemies":"Exordium Thugs","floor":13,"turns":6},{"damage":4,"enemies":"Gremlin Nob","floor":14,"turns":5},{"damage":0,"enemies":"Slime Boss","floor":16,"turns":11},{"damage":10,"enemies":"Shell Parasite","floor":18,"turns":6},{"damage":0,"enemies":"Chosen","floor":20,"turns":5},{"damage":1,"enemies":"Shelled Parasite and Fungi","floor":22,"turns":6},{"damage":0,"enemies":"Book of Stabbing","floor":23,"turns":5},{"damage":20,"enemies":"Slavers","floor":28,"turns":6},{"damage":10,"enemies":"Colosseum Slavers","floor":29,"turns":3},{"damage":5,"enemies":"Colosseum Nobs","floor":29,"turns":5},{"damage":0,"enemies":"Centurion and Healer","floor":31,"turns":6},{"damage":5,"enemies":"Collector","floor":33,"turns":10},{"damage":0,"enemies":"3 Darklings","floor":35,"turns":5},{"damage":0,"enemies":"Orb Walker","floor":36,"turns":3},{"damage":10,"enemies":"Jaw Worm Horde","floor":39,"turns":4},{"damage":2,"enemies":"4 Shapes","floor":41,"turns":5},{"damage":0,"enemies":"Sphere and 2 Shapes","floor":42,"turns":4},{"damage":0,"enemies":"Spire Growth","floor":44,"turns":5},{"damage":0,"enemies":"Giant Head","floor":46,"turns":6},{"damage":7,"enemies":"Time Eater","floor":50,"turns":9},{"damage":39,"enemies":"Shield and Spear","floor":54,"turns":8},{"damage":13,"enemies":"The Heart","floor":55,"turns":5}],"seed_played":"7806286672512292779","potions_obtained":[{"floor":1,"key":"SkillPotion"},{"floor":3,"key":"FearPotion"},{"floor":7,"key":"FocusPotion"},{"floor":12,"key":"Dexterity Potion"},{"floor":14,"key":"Poison Potion"},{"floor":16,"key":"Swift Potion"},{"floor":22,"key":"Strength Potion"},{"floor":28,"key":"Regen Potion"},{"floor":29,"key":"PowerPotion"},{"floor":31,"key":"PowerPotion"},{"floor":33,"key":"PowerPotion"},{"floor":41,"key":"Block Potion"},{"floor":44,"key":"SpeedPotion"},{"floor":46,"key":"Weak Potion"},{"floor":54,"key":"Dexterity Potion"}],"is_trial":false,"path_per_floor":["M","$","M","M","?","R","E","$","T","E","?","E","M","E","R","B",null,"M","?","M","$","M","E","R","$","T","$","E","?","R","M","R","B",null,"M","M","?","$","M","R","M","M","T","M","?","E","R","?","R","B",null,"R","$","E","B"],"character_chosen":"DEFECT","items_purchased":["Loop","DataDisk","Defragment","Capacitor","FTL","Sling"],"campfire_rested":3,"item_purchase_floors":[2,8,21,27,27,38],"current_hp_per_floor":[62,62,62,60,60,60,60,60,60,57,64,71,63,66,66,71,71,68,68,71,71,71,71,71,71,71,71,58,64,64,71,71,71,71,71,71,71,71,61,61,59,59,59,59,59,59,59,59,59,52,52,52,52,13,0],"gold":168,"neow_bonus":"HUNDRED_GOLD","is_prod":false,"is_daily":false,"chose_seed":false,"campfire_upgraded":5,"win_rate":0,"timestamp":1554025470,"path_taken":["M","$","M","M","?","R","E","?","T","E","?","E","M","E","R","BOSS","M","?","?","$","M","E","R","$","T","$","E","?","R","M","R","BOSS","M","M","?","$","M","R","M","M","T","M","?","E","R","?","R","BOSS","R","$","E","BOSS"],"build_version":"2019-01-23","purchased_purges":1,"victory":false,"max_hp_per_floor":[71,71,71,71,71,71,71,71,71,71,71,71,71,71,71,71,71,71,71,71,71,71,71,71,71,71,71,71,71,71,71,71,71,71,71,71,71,71,71,71,71,71,71,71,71,71,71,71,71,71,71,71,71,71,71],"card_choices":[{"not_picked":["Rip and Tear","Rebound"],"picked":"Coolheaded","floor":1},{"not_picked":["Conserve Battery","Sweeping Beam"],"picked":"Buffer","floor":3},{"not_picked":["Coolheaded","Skim"],"picked":"Cold Snap","floor":4},{"not_picked":["Steam","Coolheaded"],"picked":"Self Repair","floor":7},{"not_picked":["Leap","Gash"],"picked":"Cold Snap","floor":10},{"not_picked":["Ball Lightning","Redo"],"picked":"Capacitor","floor":11},{"not_picked":["Thunder Strike","Heatsinks","Static Discharge"],"picked":"SKIP","floor":12},{"not_picked":["Beam Cell","Gash","Heatsinks"],"picked":"SKIP","floor":13},{"not_picked":["Stack","Turbo"],"picked":"Barrage","floor":14},{"not_picked":["Creative AI","All For One"],"picked":"Seek","floor":16},{"not_picked":["Undo"],"picked":"SKIP","floor":18},{"not_picked":["Compile Driver"],"picked":"SKIP","floor":20},{"not_picked":[],"picked":"Force Field","floor":22},{"not_picked":[],"picked":"Blizzard+1","floor":23},{"not_picked":[],"picked":"Blizzard+1","floor":28},{"not_picked":[],"picked":"Ball Lightning","floor":29},{"not_picked":[],"picked":"Reinforced Body+1","floor":31},{"not_picked":[],"picked":"Biased Cognition","floor":33},{"not_picked":["Barrage"],"picked":"SKIP","floor":35},{"not_picked":["Barrage"],"picked":"SKIP","floor":36},{"not_picked":["Sunder+1"],"picked":"SKIP","floor":39},{"not_picked":[],"picked":"Tempest+1","floor":41},{"not_picked":["Conserve Battery"],"picked":"SKIP","floor":42},{"not_picked":["Steam"],"picked":"SKIP","floor":44},{"not_picked":["Core Surge"],"picked":"SKIP","floor":46},{"not_picked":["Self Repair"],"picked":"SKIP","floor":54}],"player_experience":428394,"relics_obtained":[{"floor":7,"key":"Orichalcum"},{"floor":9,"key":"Regal Pillow"},{"floor":10,"key":"Incense Burner"},{"floor":12,"key":"War Paint"},{"floor":14,"key":"Darkstone Periapt"},{"floor":23,"key":"Emotion Chip"},{"floor":26,"key":"Bronze Scales"},{"floor":28,"key":"Bottled Flame"},{"floor":29,"key":"Unceasing Top"},{"floor":29,"key":"Bottled Lightning"},{"floor":46,"key":"Letter Opener"},{"floor":54,"key":"Bottled Tornado"}],"event_choices":[{"damage_healed":0,"gold_gain":0,"player_choice":"Forge","damage_taken":0,"max_hp_gain":0,"max_hp_loss":0,"event_name":"Accursed Blacksmith","floor":5,"gold_loss":0,"cards_upgraded":["Zap"]},{"damage_healed":0,"gold_gain":0,"player_choice":"Searched \u00273\u0027 times","damage_taken":0,"relics_obtained":["Pen Nib"],"max_hp_gain":0,"max_hp_loss":0,"event_name":"Dead Adventurer","floor":11,"gold_loss":0},{"damage_healed":0,"gold_gain":0,"player_choice":"Upgraded","damage_taken":0,"max_hp_gain":0,"max_hp_loss":0,"event_name":"Upgrade Shrine","floor":19,"gold_loss":0,"cards_upgraded":["Barrage"]},{"damage_healed":0,"gold_gain":0,"player_choice":"Fight","damage_taken":0,"max_hp_gain":0,"max_hp_loss":0,"event_name":"Colosseum","floor":29,"gold_loss":0},{"damage_healed":0,"gold_gain":0,"player_choice":"Fought Nobs","damage_taken":0,"max_hp_gain":0,"max_hp_loss":0,"event_name":"Colosseum","floor":29,"gold_loss":0},{"damage_healed":0,"gold_gain":0,"player_choice":"Upgrade","damage_taken":0,"relics_obtained":["Mark of the Bloom"],"max_hp_gain":0,"max_hp_loss":0,"event_name":"MindBloom","floor":37,"gold_loss":0,"cards_upgraded":["Strike_B","Strike_B","Strike_B","Defend_B","Defend_B","Dualcast","Coolheaded","Cold Snap","Self Repair","Cold Snap","Force Field","Capacitor","FTL","Ball Lightning","Biased Cognition"]},{"cards_removed":["Dualcast"],"damage_healed":0,"gold_gain":0,"player_choice":"Removed Skill","damage_taken":0,"max_hp_gain":0,"max_hp_loss":0,"event_name":"Falling","floor":45,"gold_loss":0},{"cards_removed":["Strike_B"],"damage_healed":0,"gold_gain":0,"player_choice":"Removal","damage_taken":0,"max_hp_gain":0,"max_hp_loss":0,"event_name":"Designer","floor":48,"gold_loss":110}],"is_beta":false,"boss_relics":[{"not_picked":["Calling Bell","FrozenCore"],"picked":"Busted Crown"},{"not_picked":["Eternal Feather","Orrery"],"picked":"Runic Pyramid"}],"items_purged_floors":[25],"is_endless":false,"potions_floor_spawned":[1,3,7,12,14,16,22,28,29,31,33,41,44,46,54],"killed_by":"The Heart","ascension_level":16}