{"gold_per_floor":[217,228,228,228,27,27,68,68,95,110,128,151,167,185,185,316,316,336,336,356,356,372,372,408,422,470,9,9,9,9,22,22,152,152,168,168,6,20,40,40,76,76,76,99,25,60,84,105,105,105],"floor_reached":51,"playtime":2296,"items_purged":["Defend_R"],"score":831,"play_id":"e5ca15c3-8567-4141-a4e4-eb14ce80c781","local_time":"20190409222938","is_ascension_mode":false,"campfire_choices":[{"data":"Armaments","floor":6,"key":"SMITH"},{"data":"Perfected Strike","floor":8,"key":"SMITH"},{"data":"Shockwave","floor":15,"key":"SMITH"},{"data":"Shockwave","floor":23,"key":"SMITH"},{"data":"Perfected Strike","floor":28,"key":"SMITH"},{"data":"Inflame","floor":30,"key":"SMITH"},{"data":"Inflame","floor":32,"key":"SMITH"},{"data":"True Grit","floor":40,"key":"SMITH"},{"data":"Double Tap","floor":42,"key":"SMITH"},{"floor":49,"key":"REST"}],"neow_cost":"NONE","seed_source_timestamp":374563608818800,"circlet_count":0,"master_deck":["Strike_R","Strike_R","Strike_R","Strike_R","Strike_R","Bash+1","Inflame+1","Shrug It Off","Feed","Armaments+1","Metallicize","Perfected Strike+1","Headbutt","Shockwave+1","Inflame+1","Impervious","Shockwave+1","Perfected Strike+1","Necronomicurse","True Grit+1","True Grit+1","Shrug It Off+1","Perfected Strike+1","Shrug It Off","Whirlwind+1","Exhume","Sentinel+1","Bludgeon+1","Heavy Blade+1","Inflame+1","Spot Weakness","Feel No Pain","True Grit+1","Sword Boomerang+1","Double Tap+1","Pommel Strike+1","Metallicize","Disarm+1"],"relics":["Burning Blood","Golden Idol","Letter Opener","Happy Flower","Velvet Choker","MutagenicStrength","Necronomicon","Anchor","Oddly Smooth Stone","Dead Branch","Astrolabe","Gambling Chip","Bronze Scales","Ancient Tea Set"],"potions_floor_usage":[24,31,33,50,50,50],"damage_taken":[{"damage":0,"enemies":"Small Slimes","floor":1,"turns":3},{"damage":0,"enemies":"2 Louse","floor":2,"turns":3},{"damage":22,"enemies":"Lagavulin","floor":7,"turns":8},{"damage":1,"enemies":"Jaw Worm","floor":10,"turns":5},{"damage":0,"enemies":"3 Louse","floor":11,"turns":4},{"damage":7,"enemies":"Looter","floor":12,"turns":3},{"damage":15,"enemies":"Exordium Thugs","floor":13,"turns":5},{"damage":0,"enemies":"3 Louse","floor":14,"turns":2},{"damage":24,"enemies":"The Guardian","floor":16,"turns":10},{"damage":10,"enemies":"2 Thieves","floor":18,"turns":4},{"damage":1,"enemies":"Chosen","floor":20,"turns":4},{"damage":11,"enemies":"Snecko","floor":22,"turns":4},{"damage":23,"enemies":"Slavers","floor":24,"turns":5},{"damage":6,"enemies":"Snake Plant","floor":25,"turns":2},{"damage":0,"enemies":"Centurion and Healer","floor":31,"turns":4},{"damage":41,"enemies":"Collector","floor":33,"turns":8},{"damage":5,"enemies":"3 Darklings","floor":35,"turns":4},{"damage":0,"enemies":"Orb Walker","floor":38,"turns":3},{"damage":10,"enemies":"Maw","floor":39,"turns":6},{"damage":0,"enemies":"Nemesis","floor":41,"turns":3},{"damage":0,"enemies":"Writhing Mass","floor":44,"turns":4},{"damage":30,"enemies":"Reptomancer","floor":46,"turns":4},{"damage":2,"enemies":"Spire Growth","floor":47,"turns":3},{"damage":0,"enemies":"Jaw Worm Horde","floor":48,"turns":3},{"damage":28,"enemies":"Time Eater","floor":50,"turns":8}],"seed_played":"7624156313833112642","potions_obtained":[{"floor":2,"key":"Weak Potion"},{"floor":11,"key":"Dexterity Potion"},{"floor":13,"key":"EssenceOfSteel"},{"floor":14,"key":"Strength Potion"},{"floor":22,"key":"Explosive Potion"},{"floor":31,"key":"GamblersBrew"},{"floor":39,"key":"Block Potion"},{"floor":46,"key":"Strength Potion"},{"floor":47,"key":"Swift Potion"}],"is_trial":false,"path_per_floor":["M","M","?","?","$","R","E","R","T","M","M","M","M","M","R","B",null,"M","?","M","?","M","R","E","M","T","$","R","?","R","M","R","B",null,"M","?","$","M","M","R","E","R","T","M","$","E","M","M","R","B",null],"character_chosen":"IRONCLAD","items_purchased":["Feed","Armaments","Metallicize","Dead Branch","Perfected Strike","Shrug It Off","Spot Weakness","Feel No Pain","True Grit","Metallicize"],"campfire_rested":1,"item_purchase_floors":[5,5,5,27,27,27,37,37,37,45],"current_hp_per_floor":[80,80,60,60,60,60,48,48,48,56,65,64,58,68,68,50,97,96,96,100,84,79,79,62,62,62,62,62,62,62,71,71,39,106,106,106,106,110,109,109,113,113,113,116,116,92,99,108,122,103],"gold":105,"neow_bonus":"HUNDRED_GOLD","is_prod":false,"is_daily":false,"chose_seed":false,"campfire_upgraded":9,"win_rate":1,"timestamp":1554874178,"path_taken":["M","M","?","?","$","R","E","R","T","M","M","M","M","M","R","BOSS","M","?","M","?","M","R","E","M","T","$","R","?","R","M","R","BOSS","M","?","$","M","M","R","E","R","T","M","?","E","M","M","R","BOSS"],"build_version":"2019-01-23","purchased_purges":1,"victory":true,"max_hp_per_floor":[80,80,80,80,80,80,84,84,84,87,90,90,93,97,97,97,97,100,100,100,100,100,100,100,100,100,100,100,100,100,103,103,106,106,106,106,106,110,113,113,113,113,113,116,116,116,119,122,122,125],"card_choices":[{"not_picked":["Havoc","Wild Strike"],"picked":"Inflame","floor":1},{"not_picked":["Thunderclap","Infernal Blade"],"picked":"Shrug It Off","floor":2},{"not_picked":["Thunderclap","Bloodletting"],"picked":"Perfected Strike","floor":7},{"not_picked":["Entrench","Wild Strike","Body Slam"],"picked":"SKIP","floor":10},{"not_picked":["Warcry","Thunderclap"],"picked":"Headbutt","floor":11},{"not_picked":["Evolve","Iron Wave"],"picked":"Shockwave","floor":12},{"not_picked":["Iron Wave","Fiend Fire"],"picked":"Inflame","floor":13},{"not_picked":["Dropkick","Thunderclap","Dual Wield"],"picked":"SKIP","floor":14},{"not_picked":["Brutality","Double Tap"],"picked":"Impervious","floor":16},{"not_picked":["Perfected Strike","Burning Pact"],"picked":"Shockwave","floor":18},{"not_picked":["Headbutt","Warcry"],"picked":"Perfected Strike+1","floor":20},{"not_picked":["Bloodletting","Cleave"],"picked":"True Grit+1","floor":22},{"not_picked":["Havoc+1","Thunderclap+1"],"picked":"True Grit+1","floor":24},{"not_picked":["Clash","Burning Pact+1"],"picked":"Shrug It Off+1","floor":25},{"not_picked":["Rage","Cleave+1"],"picked":"Whirlwind+1","floor":31},{"not_picked":["Reaper","Double Tap"],"picked":"Exhume","floor":33},{"not_picked":["Carnage","Rampage+1","Whirlwind"],"picked":"SKIP","floor":35},{"not_picked":["Body Slam","True Grit","Sword Boomerang+1"],"picked":"SKIP","floor":38},{"not_picked":["Infernal Blade","Thunderclap+1"],"picked":"Sword Boomerang+1","floor":39},{"not_picked":["Clothesline+1","Sword Boomerang+1"],"picked":"Double Tap","floor":41},{"not_picked":["Armaments+1","Searing Blow+1"],"picked":"Pommel Strike+1","floor":44},{"not_picked":["Cleave+1","Clothesline+1"],"picked":"Disarm+1","floor":46},{"not_picked":["Intimidate","Rampage","Rupture"],"picked":"SKIP","floor":47},{"not_picked":["Perfected Strike","Warcry","Cleave+1"],"picked":"SKIP","floor":48},{"not_picked":["Perfected Strike","Warcry","Cleave+1"],"picked":"SKIP","floor":48}],"player_experience":252801,"relics_obtained":[{"floor":7,"key":"Letter Opener"},{"floor":9,"key":"Happy Flower"},{"floor":21,"key":"Necronomicon"},{"floor":24,"key":"Anchor"},{"floor":26,"key":"Oddly Smooth Stone"},{"floor":41,"key":"Gambling Chip"},{"floor":43,"key":"Bronze Scales"},{"floor":46,"key":"Ancient Tea Set"}],"event_choices":[{"damage_healed":0,"gold_gain":0,"player_choice":"Take Damage","damage_taken":20,"relics_obtained":["Golden Idol"],"max_hp_gain":0,"max_hp_loss":0,"event_name":"Golden Idol","floor":3,"gold_loss":0},{"damage_healed":0,"gold_gain":0,"player_choice":"Grow","damage_taken":0,"max_hp_gain":0,"max_hp_loss":0,"event_name":"Living Wall","floor":4,"gold_loss":0,"cards_upgraded":["Bash"]},{"damage_healed":0,"gold_gain":0,"player_choice":"Inject Mutagens","damage_taken":0,"relics_obtained":["MutagenicStrength"],"max_hp_gain":0,"max_hp_loss":0,"event_name":"Drug Dealer","floor":19,"gold_loss":0},{"damage_healed":0,"gold_gain":0,"player_choice":"Obtained Book","damage_taken":16,"max_hp_gain":0,"max_hp_loss":0,"event_name":"Cursed Tome","floor":21,"gold_loss":0},{"damage_healed":0,"gold_gain":0,"player_choice":"Ignored","damage_taken":0,"max_hp_gain":0,"max_hp_loss":0,"event_name":"Beggar","floor":29,"gold_loss":0},{"damage_healed":0,"gold_gain":0,"player_choice":"Copied","damage_taken":0,"max_hp_gain":0,"max_hp_loss":0,"event_name":"Duplicator","floor":36,"gold_loss":0,"cards_obtained":["Inflame"]}],"is_beta":false,"boss_relics":[{"not_picked":["Runic Cube","Black Blood"],"picked":"Velvet Choker"},{"not_picked":["Calling Bell","Orrery"],"picked":"Astrolabe"}],"items_purged_floors":[27],"is_endless":false,"potions_floor_spawned":[2,11,13,14,20,22,31,39,46,47,48],"ascension_level":0}