{"gold_per_floor":[119,137,137,162,177,177,11,36,111,111,111,136,149,184,184,184],"floor_reached":16,"playtime":624,"items_purged":[],"score":203,"play_id":"cde6fde6-2d1d-4cff-aeec-1240d9b83f4d","local_time":"20190406111007","is_ascension_mode":true,"campfire_choices":[{"floor":6,"key":"REST"},{"data":"Hologram","floor":11,"key":"SMITH"},{"data":"Coolheaded","floor":15,"key":"SMITH"}],"neow_cost":"NONE","seed_source_timestamp":145949394727395,"circlet_count":0,"master_deck":["AscendersBane","Strike_B","Strike_B","Strike_B","Strike_B","Defend_B","Defend_B","Defend_B","Defend_B","Zap+1","Dualcast","Hologram+1","Skim","Cold Snap","BootSequence","Coolheaded+1","Undo"],"relics":["Cracked Core","Art of War","Golden Idol","Bronze Scales","Mercury Hourglass","Du-Vu Doll"],"potions_floor_usage":[14,14],"damage_taken":[{"damage":2,"enemies":"Cultist","floor":1,"turns":4},{"damage":4,"enemies":"Jaw Worm","floor":2,"turns":5},{"damage":0,"enemies":"2 Louse","floor":4,"turns":1},{"damage":3,"enemies":"Blue Slaver","floor":5,"turns":5},{"damage":15,"enemies":"Exordium Wildlife","floor":8,"turns":4},{"damage":5,"enemies":"Red Slaver","floor":12,"turns":2},{"damage":0,"enemies":"2 Fungi Beasts","floor":13,"turns":3},{"damage":6,"enemies":"Lagavulin","floor":14,"turns":6},{"damage":44,"enemies":"Hexaghost","floor":16,"turns":11}],"seed_played":"-443958045565840277","potions_obtained":[{"floor":1,"key":"PowerPotion"},{"floor":2,"key":"SpeedPotion"},{"floor":8,"key":"Regen Potion"}],"is_trial":false,"path_per_floor":["M","M","?","M","M","R","$","M","T","?","R","M","M","E","R","B"],"character_chosen":"DEFECT","items_purchased":["Bronze Scales"],"campfire_rested":1,"item_purchase_floors":[7],"current_hp_per_floor":[62,58,34,34,31,52,52,37,37,37,37,32,32,41,41,0],"gold":184,"neow_bonus":"RANDOM_COMMON_RELIC","is_prod":false,"is_daily":false,"chose_seed":false,"campfire_upgraded":2,"win_rate":0,"timestamp":1554516607,"path_taken":["M","M","?","M","M","R","$","M","T","?","R","M","?","E","R","BOSS"],"build_version":"2019-01-23","purchased_purges":0,"victory":false,"max_hp_per_floor":[71,71,71,71,71,71,71,71,71,71,71,71,71,71,71,71],"card_choices":[{"not_picked":["Heatsinks","Stack","Blizzard"],"picked":"SKIP","floor":1},{"not_picked":["Steam","Leap"],"picked":"Hologram","floor":2},{"not_picked":["Rebound","Fission"],"picked":"Skim","floor":4},{"not_picked":["Go for the Eyes","Streamline"],"picked":"Cold Snap","floor":5},{"not_picked":["Barrage","Redo","Streamline"],"picked":"SKIP","floor":8},{"not_picked":["Chaos","Sunder"],"picked":"BootSequence","floor":12},{"not_picked":["Leap","Compile Driver"],"picked":"Coolheaded","floor":13},{"not_picked":["Cold Snap","Sweeping Beam"],"picked":"Undo","floor":14}],"player_experience":482684,"relics_obtained":[{"floor":9,"key":"Mercury Hourglass"},{"floor":14,"key":"Du-Vu Doll"}],"event_choices":[{"damage_healed":0,"gold_gain":0,"player_choice":"Take Damage","damage_taken":24,"relics_obtained":["Golden Idol"],"max_hp_gain":0,"max_hp_loss":0,"event_name":"Golden Idol","floor":3,"gold_loss":0},{"damage_healed":0,"gold_gain":0,"player_choice":"Forge","damage_taken":0,"max_hp_gain":0,"max_hp_loss":0,"event_name":"Accursed Blacksmith","floor":10,"gold_loss":0,"cards_upgraded":["Zap"]}],"is_beta":false,"boss_relics":[],"items_purged_floors":[],"is_endless":false,"potions_floor_spawned":[1,2,4,8],"killed_by":"Hexaghost","ascension_level":19}