{"gold_per_floor":[118,118,118,134,147,147,72,92,92,123,138,38,53,84,84,180,180,193,29,29,49,49,65,75,0,0,0,15,15,15,15,15,15],"floor_reached":33,"playtime":1418,"items_purged":["Defend_R","Strike_R","Defend_R"],"score":257,"play_id":"4504da58-e9b6-4f98-886b-97e9da6f7a8f","local_time":"20190412004133","is_ascension_mode":false,"campfire_choices":[{"data":"Clash","floor":6.0,"key":"SMITH"},{"floor":15.0,"key":"REST"},{"data":"Shrug It Off","floor":27,"key":"SMITH"},{"floor":32,"key":"REST"}],"neow_cost":"NONE","seed_source_timestamp":0,"circlet_count":0,"master_deck":["Strike_R","Strike_R","Defend_R","Defend_R","Bash+1","Clash+1","Shrug It Off+1","Dropkick"],"special_seed":0,"relics":["Burning Blood","Charon\u0027s Ashes","Bird Faced Urn","Sundial","Cursed Key","Nilry\u0027s Codex","MutagenicStrength"],"potions_floor_usage":[24,33],"damage_taken":[{"damage":2.0,"enemies":"2 Louse","floor":1.0,"turns":3.0},{"damage":8.0,"enemies":"Small Slimes","floor":4.0,"turns":4.0},{"damage":1.0,"enemies":"Cultist","floor":5.0,"turns":3.0},{"damage":9.0,"enemies":"Blue Slaver","floor":8.0,"turns":3.0},{"damage":39.0,"enemies":"Lagavulin","floor":10.0,"turns":6.0},{"damage":13.0,"enemies":"Lots of Slimes","floor":11.0,"turns":4.0},{"damage":3.0,"enemies":"3 Louse","floor":13.0,"turns":2.0},{"damage":17.0,"enemies":"3 Sentries","floor":14.0,"turns":8.0},{"damage":63.0,"enemies":"Hexaghost","floor":16.0,"turns":10.0},{"damage":15.0,"enemies":"2 Thieves","floor":18.0,"turns":4.0},{"damage":5.0,"enemies":"3 Byrds","floor":21.0,"turns":5.0},{"damage":11,"enemies":"Centurion and Healer","floor":23,"turns":5},{"damage":34,"enemies":"Sentry and Sphere","floor":24,"turns":6},{"damage":5,"enemies":"Snecko","floor":28,"turns":4},{"damage":57,"enemies":"Champ","floor":33,"turns":7}],"seed_played":"-3280442733886761204","potions_obtained":[{"floor":1.0,"key":"Dexterity Potion"},{"floor":3.0,"key":"SneckoOil"},{"floor":3.0,"key":"AttackPotion"},{"floor":3.0,"key":"Regen Potion"},{"floor":11.0,"key":"FearPotion"},{"floor":18.0,"key":"PowerPotion"},{"floor":21,"key":"Poison Potion"}],"is_trial":false,"path_per_floor":["M","?","?","M","M","R","$","M","T","E","M","$","M","E","R","B",null,"M","$","?","M","$","M","M","?","T","R","M","T","?","?","R","B"],"character_chosen":"IRONCLAD","items_purchased":["Dropkick"],"campfire_rested":2,"item_purchase_floors":[19],"current_hp_per_floor":[80,73,73,71,76,76,76,73,73,40,33,33,36,40,64,7,80,71,71,71,72,72,67,41,41,41,41,42,42,26,26,50,0],"gold":15,"neow_bonus":"UPGRADE_CARD","is_prod":false,"is_daily":false,"chose_seed":false,"campfire_upgraded":2,"win_rate":0,"timestamp":1555054893,"path_taken":["M","?","?","M","?","R","$","M","T","E","M","$","M","E","R","BOSS","M","$","?","?","$","M","M","?","T","R","M","?","?","?","R","BOSS"],"build_version":"2019-01-23","purchased_purges":3,"victory":false,"max_hp_per_floor":[80,80,80,80,80,80,80,80,80,80,80,80,80,80,80,80,80,80,80,80,80,80,80,80,80,80,80,80,80,80,80,80,80],"card_choices":[{"not_picked":["Warcry","Clothesline","Wild Strike"],"picked":"SKIP","floor":1.0},{"not_picked":["Warcry","Headbutt"],"picked":"Clash","floor":4.0},{"not_picked":["Second Wind","Anger","Fiend Fire"],"picked":"SKIP","floor":5.0},{"not_picked":["True Grit","Clash","Wild Strike"],"picked":"SKIP","floor":8.0},{"not_picked":["Ghostly Armor","Immolate","Spot Weakness"],"picked":"SKIP","floor":10.0},{"not_picked":["Body Slam","Anger","Perfected Strike"],"picked":"SKIP","floor":11.0},{"not_picked":["Flame Barrier","Warcry","Body Slam"],"picked":"SKIP","floor":13.0},{"not_picked":["Thunderclap","Second Wind","Feel No Pain"],"picked":"SKIP","floor":14.0},{"not_picked":["Clash+1","True Grit"],"picked":"Shrug It Off","floor":18.0},{"not_picked":["Thunderclap","Blood for Blood","Second Wind"],"picked":"SKIP","floor":21},{"not_picked":["Thunderclap","Blood for Blood","Second Wind"],"picked":"SKIP","floor":21},{"not_picked":["Perfected Strike","Entrench","Wild Strike"],"picked":"SKIP","floor":23},{"not_picked":["Anger","Burning Pact","Flex"],"picked":"SKIP","floor":24},{"not_picked":["Clothesline","Sentinel+1","Wild Strike"],"picked":"SKIP","floor":28}],"player_experience":548945,"relics_obtained":[{"floor":9.0,"key":"Charon\u0027s Ashes"},{"floor":10.0,"key":"Bird Faced Urn"},{"floor":14.0,"key":"Sundial"},{"floor":30,"key":"Nilry\u0027s Codex"}],"event_choices":[{"cards_removed":["Strike_R"],"damage_healed":0.0,"max_hp_gain":0.0,"max_hp_loss":0.0,"gold_gain":0.0,"event_name":"Golden Wing","player_choice":"Card Removal","floor":2.0,"gold_loss":0.0,"damage_taken":7.0},{"damage_healed":0.0,"max_hp_gain":0.0,"max_hp_loss":0.0,"gold_gain":0.0,"event_name":"Lab","player_choice":"Got Potions","floor":3.0,"gold_loss":0.0,"damage_taken":0.0},{"damage_healed":0.0,"max_hp_gain":0.0,"max_hp_loss":0.0,"gold_gain":0.0,"event_name":"Match and Keep!","player_choice":"0 cards matched","floor":20.0,"gold_loss":0.0,"damage_taken":0.0,"cards_obtained":[]},{"cards_removed":["Strike_R"],"damage_healed":0,"gold_gain":0,"player_choice":"Gave Gold","damage_taken":0,"max_hp_gain":0,"max_hp_loss":0,"event_name":"Beggar","floor":25,"gold_loss":75},{"damage_healed":0,"gold_gain":0,"player_choice":"Obtained Book","damage_taken":16,"max_hp_gain":0,"max_hp_loss":0,"event_name":"Cursed Tome","floor":30,"gold_loss":0},{"damage_healed":0,"gold_gain":0,"player_choice":"Inject Mutagens","damage_taken":0,"relics_obtained":["MutagenicStrength"],"max_hp_gain":0,"max_hp_loss":0,"event_name":"Drug Dealer","floor":31,"gold_loss":0}],"is_beta":false,"boss_relics":[{"not_picked":["Eternal Feather","White Beast Statue"],"picked":"Cursed Key"}],"items_purged_floors":[7,12,19],"is_endless":false,"potions_floor_spawned":[1,5,11,18,21],"killed_by":"Champ","ascension_level":0}