{"gold_per_floor":[118,134,134,134,145,170,182,182,206,206,239,251,264,283,283,378,378,390,409,409],"floor_reached":20,"playtime":1885,"items_purged":[],"score":226,"play_id":"29e5c699-9713-41ac-a845-879bd78cca61","local_time":"20190417180701","is_ascension_mode":true,"campfire_choices":[{"floor":8,"key":"REST"},{"floor":15,"key":"REST"}],"neow_cost":"CURSE","seed_source_timestamp":16501180546687,"circlet_count":0,"master_deck":["Strike_B","Strike_B","Strike_B","Strike_B","Defend_B","Defend_B","Defend_B","Defend_B","Zap","Dualcast","Chill","Steam","White Noise","Chill","Pain","Cold Snap","Steam","BootSequence","Seek","Self Repair"],"relics":["Cracked Core","Torii","Orichalcum","Bag of Marbles","WarpedTongs","DataDisk","Runic Pyramid"],"potions_floor_usage":[6,6,14,16,20],"damage_taken":[{"damage":8,"enemies":"Cultist","floor":1,"turns":3},{"damage":11,"enemies":"Small Slimes","floor":2,"turns":5},{"damage":0,"enemies":"Jaw Worm","floor":5,"turns":4},{"damage":14,"enemies":"Lagavulin","floor":6,"turns":7},{"damage":6,"enemies":"Exordium Wildlife","floor":7,"turns":4},{"damage":8,"enemies":"3 Sentries","floor":11,"turns":9},{"damage":3,"enemies":"Looter","floor":12,"turns":2},{"damage":4,"enemies":"3 Louse","floor":13,"turns":3},{"damage":9,"enemies":"Large Slime","floor":14,"turns":4},{"damage":15,"enemies":"Hexaghost","floor":16,"turns":12},{"damage":31,"enemies":"3 Byrds","floor":18,"turns":7},{"damage":6,"enemies":"Chosen","floor":19,"turns":5},{"damage":46,"enemies":"Masked Bandits","floor":20,"turns":5}],"seed_played":"-7726871043009866936","potions_obtained":[{"floor":1,"key":"FearPotion"},{"floor":2,"key":"SteroidPotion"},{"floor":6,"key":"LiquidBronze"},{"floor":13,"key":"Fire Potion"},{"floor":18,"key":"EssenceOfSteel"}],"is_trial":false,"path_per_floor":["?","?","M","?"],"character_chosen":"DEFECT","items_purchased":[],"campfire_rested":2,"item_purchase_floors":[],"current_hp_per_floor":[67,56,49,49,49,35,29,51,51,51,43,40,36,27,49,34,75,44,38,0],"gold":409,"neow_bonus":"ONE_RARE_RELIC","is_prod":false,"is_daily":false,"chose_seed":false,"campfire_upgraded":0,"win_rate":0,"timestamp":1555517221,"path_taken":["M","M","?","$","M","E","M","R","T","?","E","M","M","?","R","BOSS","M","M","?"],"build_version":"2019-01-23","purchased_purges":0,"victory":false,"max_hp_per_floor":[75,75,75,75,75,75,75,75,75,75,75,75,75,75,75,75,75,75,75,75],"card_choices":[{"not_picked":["Conserve Battery","Double Energy"],"picked":"Chill","floor":1},{"not_picked":["Rebound","Stack"],"picked":"Steam","floor":2},{"not_picked":["Biased Cognition","Fusion","Gash"],"picked":"SKIP","floor":5},{"not_picked":["Darkness","Compile Driver"],"picked":"White Noise","floor":6},{"not_picked":["Melter","Force Field"],"picked":"Chill","floor":7},{"not_picked":["Core Surge","Steam Power"],"picked":"Cold Snap","floor":11},{"not_picked":["Undo","Static Discharge"],"picked":"Steam","floor":12},{"not_picked":["Barrage","Hologram","Redo"],"picked":"SKIP","floor":13},{"not_picked":["Barrage","Sweeping Beam"],"picked":"BootSequence","floor":14},{"not_picked":["Rainbow","Multi-Cast"],"picked":"Seek","floor":16},{"not_picked":["Turbo","Barrage","Compile Driver"],"picked":"SKIP","floor":18},{"not_picked":["Reinforced Body","Compile Driver"],"picked":"Self Repair","floor":19}],"player_experience":138445,"relics_obtained":[{"floor":6,"key":"Orichalcum"},{"floor":9,"key":"Bag of Marbles"},{"floor":11,"key":"DataDisk"}],"event_choices":[{"cards_removed":["Regret"],"damage_healed":0,"gold_gain":0,"player_choice":"Card Removal","damage_taken":7,"max_hp_gain":0,"max_hp_loss":0,"event_name":"Golden Wing","floor":3,"gold_loss":0},{"damage_healed":0,"gold_gain":0,"player_choice":"Rummage","damage_taken":0,"relics_obtained":["WarpedTongs"],"max_hp_gain":0,"max_hp_loss":0,"event_name":"Accursed Blacksmith","floor":10,"gold_loss":0,"cards_obtained":["Pain"]},{"damage_healed":0,"gold_gain":0,"player_choice":"Fought Bandits","damage_taken":0,"max_hp_gain":0,"max_hp_loss":0,"event_name":"Masked Bandits","floor":20,"gold_loss":0}],"is_beta":false,"boss_relics":[{"not_picked":["Tiny House","Snecko Eye"],"picked":"Runic Pyramid"}],"items_purged_floors":[],"is_endless":false,"potions_floor_spawned":[1,2,6,13,18],"killed_by":"Masked Bandits","ascension_level":4}