{"gold_per_floor":[111,129,146,123,123,123,123,136,193,225,239,239],"floor_reached":12,"playtime":330,"items_purged":[],"score":156,"play_id":"a3e4cc17-d2af-47ef-a4e6-7fbc495e553a","local_time":"20190403200129","is_ascension_mode":true,"campfire_choices":[{"data":"Zap","floor":6,"key":"SMITH"}],"neow_cost":"NONE","seed_source_timestamp":107881938316718,"circlet_count":0,"master_deck":["AscendersBane","Strike_B+1","Strike_B+1","Strike_B","Strike_B","Defend_B","Defend_B","Defend_B","Defend_B","Zap+1","Cold Snap","Loop","BootSequence","Streamline","Consume","Hologram"],"relics":["Cracked Core","NeowsBlessing","Tiny Chest","Dream Catcher"],"potions_floor_usage":[10,10,11],"damage_taken":[{"damage":0,"enemies":"2 Louse","floor":1,"turns":1},{"damage":0,"enemies":"Jaw Worm","floor":2,"turns":1},{"damage":0,"enemies":"Cultist","floor":3,"turns":1},{"damage":14,"enemies":"Exordium Thugs","floor":4,"turns":4},{"damage":1,"enemies":"Looter","floor":8,"turns":3},{"damage":20,"enemies":"Gremlin Nob","floor":10,"turns":4},{"damage":1,"enemies":"3 Louse","floor":11,"turns":2},{"damage":7,"enemies":"3 Sentries","floor":12,"turns":2}],"seed_played":"7824417553982468100","potions_obtained":[{"floor":2,"key":"PowerPotion"},{"floor":4,"key":"Weak Potion"},{"floor":8,"key":"Fire Potion"},{"floor":10,"key":"Fire Potion"},{"floor":11,"key":"Weak Potion"}],"is_trial":false,"path_per_floor":["M","M","M","M","?","R","?","M","T","E","M","E"],"character_chosen":"DEFECT","items_purchased":[],"campfire_rested":0,"item_purchase_floors":[],"current_hp_per_floor":[64,64,64,50,50,50,29,28,28,8,7,0],"gold":239,"neow_bonus":"THREE_ENEMY_KILL","is_prod":false,"is_daily":false,"chose_seed":false,"campfire_upgraded":1,"win_rate":0,"timestamp":1554289289,"path_taken":["M","M","M","M","?","R","?","M","T","E","M","E"],"build_version":"2019-01-23","purchased_purges":0,"victory":false,"max_hp_per_floor":[71,71,71,71,71,71,71,71,71,71,71,71],"card_choices":[{"not_picked":["Rebound","Genetic Algorithm"],"picked":"Cold Snap","floor":1},{"not_picked":["Scrape","Ball Lightning"],"picked":"Loop","floor":2},{"not_picked":["Melter","Gash","Steam"],"picked":"SKIP","floor":3},{"not_picked":["Beam Cell","Lockon"],"picked":"BootSequence","floor":4},{"not_picked":["Scrape","Gash"],"picked":"Streamline","floor":8},{"not_picked":["BootSequence","Fission"],"picked":"Consume","floor":10},{"not_picked":["BootSequence","Sweeping Beam"],"picked":"Hologram","floor":11}],"player_experience":464251,"relics_obtained":[{"floor":9,"key":"Tiny Chest"},{"floor":10,"key":"Dream Catcher"}],"event_choices":[{"cards_removed":["Dualcast"],"damage_healed":0,"gold_gain":0,"player_choice":"Forget","damage_taken":0,"max_hp_gain":0,"max_hp_loss":0,"event_name":"Living Wall","floor":5,"gold_loss":0},{"damage_healed":0,"gold_gain":0,"player_choice":"Entered Light","damage_taken":21,"max_hp_gain":0,"max_hp_loss":0,"event_name":"Shining Light","floor":7,"gold_loss":0,"cards_upgraded":["Strike_B","Strike_B"]}],"is_beta":false,"boss_relics":[],"items_purged_floors":[],"is_endless":false,"potions_floor_spawned":[2,4,8,10,11],"killed_by":"3 Sentries","ascension_level":18}