{"gold_per_floor":[111,125,125,151,77,106,106,134,181,193,210,210,240,250,250,250],"floor_reached":16,"playtime":720,"items_purged":[],"score":126,"play_id":"79bdc9a6-95fc-45f0-bac9-f7c637c1f53c","local_time":"20190305025459","is_ascension_mode":true,"campfire_choices":[{"data":"Acrobatics","floor":7,"key":"SMITH"},{"floor":12,"key":"REST"},{"floor":15,"key":"REST"}],"neow_cost":"NONE","seed_source_timestamp":302630617582300,"circlet_count":0,"master_deck":["Defend_G","Defend_G","Defend_G","Defend_G","Defend_G","Strike_G","Strike_G","Strike_G","Strike_G","Survivor","Neutralize","Quick Slash","Acrobatics+1","Deadly Poison","Die Die Die","Deadly Poison","Leg Sweep","Flying Knee","Cloak And Dagger","PiercingWail","Envenom"],"relics":["Ring of the Snake","Singing Bowl","Darkstone Periapt","Anchor","Gremlin Horn"],"potions_floor_usage":[13],"damage_taken":[{"damage":9,"enemies":"Jaw Worm","floor":1,"turns":4},{"damage":1,"enemies":"2 Louse","floor":2,"turns":4},{"damage":28,"enemies":"Gremlin Nob","floor":6,"turns":5},{"damage":31,"enemies":"3 Sentries","floor":8,"turns":9},{"damage":0,"enemies":"Small Slimes","floor":10,"turns":2},{"damage":0,"enemies":"Red Slaver","floor":11,"turns":4},{"damage":6,"enemies":"Lagavulin","floor":13,"turns":6},{"damage":12,"enemies":"Exordium Thugs","floor":14,"turns":5},{"damage":35,"enemies":"Slime Boss","floor":16,"turns":3}],"seed_played":"-5780193933119207026","potions_obtained":[{"floor":10,"key":"SneckoOil"},{"floor":11,"key":"Weak Potion"},{"floor":14,"key":"Swift Potion"}],"is_trial":false,"path_per_floor":["M","M","?","T","$","E","R","E","T","M","M","R","E","M","R","B"],"character_chosen":"THE_SILENT","items_purchased":["Die Die Die"],"campfire_rested":2,"item_purchase_floors":[5],"current_hp_per_floor":[61,60,60,60,60,32,32,1,1,1,1,22,16,4,25,0],"gold":250,"neow_bonus":"THREE_CARDS","is_prod":false,"is_daily":false,"chose_seed":false,"campfire_upgraded":1,"win_rate":0,"timestamp":1551783299,"path_taken":["M","M","?","?","?","E","R","E","T","M","M","R","E","M","R","BOSS"],"build_version":"2019-01-23","purchased_purges":0,"victory":false,"max_hp_per_floor":[70,70,70,70,70,70,70,70,70,70,70,70,70,70,70,70],"card_choices":[{"not_picked":["Blur","Eviscerate"],"picked":"Quick Slash","floor":0},{"not_picked":["Dagger Throw","Finisher"],"picked":"Acrobatics","floor":1},{"not_picked":["Deflect","Underhanded Strike"],"picked":"Deadly Poison","floor":2},{"not_picked":["Blade Dance","Outmaneuver"],"picked":"Deadly Poison","floor":6},{"not_picked":["Cloak And Dagger","Distraction"],"picked":"Leg Sweep","floor":8},{"not_picked":["Deadly Poison","Acrobatics"],"picked":"Flying Knee","floor":10},{"not_picked":["Deadly Poison","Eviscerate"],"picked":"Cloak And Dagger","floor":11},{"not_picked":["Predator","Cloak And Dagger"],"picked":"PiercingWail","floor":13},{"not_picked":["Cloak And Dagger","Flying Knee"],"picked":"Envenom","floor":14}],"player_experience":99914,"relics_obtained":[{"floor":6,"key":"Singing Bowl"},{"floor":8,"key":"Darkstone Periapt"},{"floor":9,"key":"Anchor"},{"floor":13,"key":"Gremlin Horn"}],"event_choices":[{"cards_removed":["Strike_G"],"damage_healed":0,"gold_gain":0,"player_choice":"Forget","damage_taken":0,"max_hp_gain":0,"max_hp_loss":0,"event_name":"Living Wall","floor":3,"gold_loss":0}],"is_beta":false,"boss_relics":[],"items_purged_floors":[],"is_endless":false,"potions_floor_spawned":[10,11,14],"killed_by":"Slime Boss","ascension_level":1}