{"gold_per_floor":[112,62,62,78,105,105,131,142,168,168,184,29,47,67,67,162,162,173,173,185,185,185,185,197,197,273,273,673,698,710,511,511,609,609,619,619,632,648,648,648,667,351,351,378,275,293,303,314,314,314],"floor_reached":50,"playtime":1940,"items_purged":[],"score":569,"play_id":"075f89d1-9611-432a-bd97-15d4bf2e74ed","local_time":"20190406220220","is_ascension_mode":false,"campfire_choices":[{"data":"Bash","floor":6.0,"key":"SMITH"},{"data":"Wild Strike","floor":10.0,"key":"SMITH"},{"data":"Clash","floor":15.0,"key":"SMITH"},{"data":"Perfected Strike","floor":23.0,"key":"SMITH"},{"floor":27.0,"key":"REST"},{"floor":32.0,"key":"REST"},{"floor":40.0,"key":"RECALL"},{"floor":49.0,"key":"REST"}],"neow_cost":"NONE","seed_source_timestamp":0,"circlet_count":0,"master_deck":["Strike_R","Strike_R","Strike_R+1","Strike_R","Defend_R","Defend_R","Defend_R","Bash+1","Clash+1","Wild Strike+1","Clash+1","Iron Wave+1","Perfected Strike+1","Perfected Strike+1","Shrug It Off","Clash","Perfected Strike","Wild Strike","Perfected Strike+1","Wild Strike"],"special_seed":0,"relics":["Burning Blood","NeowsBlessing","Ancient Tea Set","Turnip","Orichalcum","Red Skull","Runic Cube","Enchiridion","Bottled Lightning","Old Coin","Matryoshka","Ice Cream","Lantern","Busted Crown","Gambling Chip","Juzu Bracelet","Art of War"],"potions_floor_usage":[50],"damage_taken":[{"damage":0.0,"enemies":"2 Louse","floor":1.0,"turns":1.0},{"damage":0.0,"enemies":"Jaw Worm","floor":4.0,"turns":1.0},{"damage":0.0,"enemies":"Lagavulin","floor":7.0,"turns":1.0},{"damage":5.0,"enemies":"Small Slimes","floor":8.0,"turns":2.0},{"damage":0.0,"enemies":"3 Louse","floor":11.0,"turns":2.0},{"damage":1.0,"enemies":"Exordium Wildlife","floor":13.0,"turns":3.0},{"damage":0.0,"enemies":"2 Fungi Beasts","floor":14.0,"turns":2.0},{"damage":75.0,"enemies":"Hexaghost","floor":16.0,"turns":11.0},{"damage":15.0,"enemies":"Spheric Guardian","floor":18.0,"turns":4.0},{"damage":23.0,"enemies":"3 Byrds","floor":20.0,"turns":5.0},{"damage":16.0,"enemies":"Snake Plant","floor":24.0,"turns":3.0},{"damage":3.0,"enemies":"Colosseum Slavers","floor":28.0,"turns":3.0},{"damage":2.0,"enemies":"Colosseum Nobs","floor":28.0,"turns":3.0},{"damage":27.0,"enemies":"Book of Stabbing","floor":29.0,"turns":6.0},{"damage":10.0,"enemies":"Shelled Parasite and Fungi","floor":30.0,"turns":4.0},{"damage":28.0,"enemies":"Collector","floor":33.0,"turns":7.0},{"damage":27.0,"enemies":"Orb Walker","floor":35.0,"turns":4.0},{"damage":12.0,"enemies":"3 Darklings","floor":37.0,"turns":3.0},{"damage":0.0,"enemies":"4 Shapes","floor":38.0,"turns":3.0},{"damage":22.0,"enemies":"Maw","floor":41.0,"turns":5.0},{"damage":38.0,"enemies":"Nemesis","floor":44.0,"turns":5.0},{"damage":11.0,"enemies":"Spire Growth","floor":46.0,"turns":2.0},{"damage":6.0,"enemies":"3 Darklings","floor":47.0,"turns":3.0},{"damage":0.0,"enemies":"Transient","floor":48.0,"turns":5.0},{"damage":49,"enemies":"Time Eater","floor":50,"turns":3}],"seed_played":"-2349572085368574978","potions_obtained":[{"floor":1.0,"key":"BloodPotion"},{"floor":7.0,"key":"PowerPotion"},{"floor":11.0,"key":"Weak Potion"},{"floor":20.0,"key":"Ancient Potion"},{"floor":30.0,"key":"FearPotion"},{"floor":33.0,"key":"Strength Potion"},{"floor":35.0,"key":"PowerPotion"},{"floor":41.0,"key":"Ancient Potion"},{"floor":46.0,"key":"Weak Potion"}],"is_trial":false,"path_per_floor":["M","?","?","M","T","R","E","M","T","R","M","$","M","M","R","B",null,"M","$","M","?","?","R","M","?","T","R","?","E","M","$","R","B",null,"M","?","M","M","?","R","M","$","T","E","$","M","M","M","R","B"],"character_chosen":"IRONCLAD","items_purchased":["Red Skull","Lantern","Fire Potion","Gambling Chip","Wild Strike","Fruit Juice"],"campfire_rested":3,"item_purchase_floors":[12,31,31,42,42,45],"current_hp_per_floor":[80,80,64,70,70,70,76,77,77,77,80,80,80,80,80,11,80,71,71,54,54,39,39,29,13,13,38,45,24,28,28,53,31,85,64,64,58,64,64,64,48,48,48,16,21,16,16,22,47,0],"gold":314,"neow_bonus":"THREE_ENEMY_KILL","is_prod":false,"is_daily":false,"chose_seed":false,"campfire_upgraded":4,"win_rate":0,"timestamp":1554613340,"path_taken":["M","?","?","M","?","R","E","?","T","R","M","$","M","M","R","BOSS","M","$","M","?","?","R","?","?","T","R","?","E","M","$","R","BOSS","M","?","M","M","?","R","M","?","T","E","$","M","M","M","R","BOSS"],"build_version":"2019-01-23","purchased_purges":0,"victory":false,"max_hp_per_floor":[80,80,80,80,80,80,80,80,80,80,80,80,80,80,80,80,80,80,80,80,80,85,85,85,85,85,85,85,85,85,85,85,85,85,85,85,85,85,81,81,81,81,81,81,86,86,86,86,86,86],"card_choices":[{"not_picked":["Evolve","Wild Strike"],"picked":"Clash","floor":1.0},{"not_picked":["Armaments","Feel No Pain","Bloodletting"],"picked":"SKIP","floor":4.0},{"not_picked":["Heavy Blade","Iron Wave"],"picked":"Wild Strike","floor":7.0},{"not_picked":["Barricade","Power Through"],"picked":"Clash","floor":8.0},{"not_picked":["Flex","True Grit","Rupture"],"picked":"SKIP","floor":11.0},{"not_picked":["True Grit","Anger","Disarm"],"picked":"SKIP","floor":13.0},{"not_picked":["Juggernaut","Twin Strike","Combust"],"picked":"SKIP","floor":14.0},{"not_picked":["Shockwave+1","Clothesline"],"picked":"Iron Wave+1","floor":18.0},{"not_picked":["Flex","True Grit"],"picked":"Perfected Strike+1","floor":20.0},{"not_picked":["Anger","Warcry"],"picked":"Shrug It Off","floor":24.0},{"not_picked":["Thunderclap","Headbutt"],"picked":"Clash","floor":28.0},{"not_picked":["Warcry+1","Sever Soul","Pommel Strike+1"],"picked":"SKIP","floor":29.0},{"not_picked":["Armaments","Juggernaut"],"picked":"Perfected Strike","floor":30.0},{"not_picked":["Anger+1"],"picked":"SKIP","floor":35.0},{"not_picked":["Shrug It Off"],"picked":"SKIP","floor":37.0},{"not_picked":["Warcry"],"picked":"SKIP","floor":38.0},{"not_picked":["Power Through"],"picked":"SKIP","floor":41.0},{"not_picked":["Power Through"],"picked":"SKIP","floor":41.0},{"not_picked":[],"picked":"Perfected Strike+1","floor":44.0},{"not_picked":[],"picked":"Wild Strike","floor":46.0},{"not_picked":["Metallicize"],"picked":"SKIP","floor":47.0},{"not_picked":["Spot Weakness+1"],"picked":"SKIP","floor":48.0}],"player_experience":512305,"relics_obtained":[{"floor":5.0,"key":"Ancient Tea Set"},{"floor":7.0,"key":"Turnip"},{"floor":9.0,"key":"Orichalcum"},{"floor":25.0,"key":"Enchiridion"},{"floor":26.0,"key":"Bottled Lightning"},{"floor":28.0,"key":"Old Coin"},{"floor":28.0,"key":"Matryoshka"},{"floor":29.0,"key":"Ice Cream"},{"floor":43.0,"key":"Juzu Bracelet"},{"floor":44.0,"key":"Art of War"}],"event_choices":[{"cards_removed":["Strike_R"],"damage_healed":0.0,"max_hp_gain":0.0,"max_hp_loss":0.0,"gold_gain":0.0,"event_name":"The Cleric","player_choice":"Card Removal","floor":2.0,"gold_loss":50.0,"damage_taken":0.0},{"damage_healed":0.0,"max_hp_gain":0.0,"max_hp_loss":0.0,"gold_gain":0.0,"event_name":"Shining Light","player_choice":"Entered Light","floor":3.0,"gold_loss":0.0,"damage_taken":16.0,"cards_upgraded":["Strike_R","Clash"]},{"damage_healed":0.0,"max_hp_gain":0.0,"max_hp_loss":0.0,"gold_gain":0.0,"event_name":"The Library","player_choice":"Read","floor":21.0,"gold_loss":0.0,"damage_taken":0.0,"cards_obtained":["Perfected Strike"]},{"damage_healed":0.0,"max_hp_gain":5.0,"max_hp_loss":0.0,"gold_gain":0.0,"event_name":"Forgotten Altar","player_choice":"Shed Blood","floor":22.0,"gold_loss":0.0,"damage_taken":20.0},{"damage_healed":0.0,"max_hp_gain":0.0,"max_hp_loss":0.0,"gold_gain":0.0,"event_name":"Cursed Tome","player_choice":"Obtained Book","floor":25.0,"gold_loss":0.0,"damage_taken":16.0},{"damage_healed":0.0,"max_hp_gain":0.0,"max_hp_loss":0.0,"gold_gain":0.0,"event_name":"Colosseum","player_choice":"Fight","floor":28.0,"gold_loss":0.0,"damage_taken":0.0},{"damage_healed":0.0,"max_hp_gain":0.0,"max_hp_loss":0.0,"gold_gain":0.0,"event_name":"Colosseum","player_choice":"Fought Nobs","floor":28.0,"gold_loss":0.0,"damage_taken":0.0},{"cards_removed":["Defend_R"],"damage_healed":0.0,"max_hp_gain":0.0,"max_hp_loss":0.0,"gold_gain":0.0,"event_name":"Falling","player_choice":"Removed Skill","floor":36.0,"gold_loss":0.0,"damage_taken":0.0},{"damage_healed":0.0,"max_hp_gain":0.0,"max_hp_loss":4.0,"gold_gain":0.0,"event_name":"Winding Halls","player_choice":"Max HP","floor":39.0,"gold_loss":0.0,"damage_taken":0.0}],"is_beta":false,"boss_relics":[{"not_picked":["Runic Pyramid","Lizard Tail"],"picked":"Runic Cube"},{"not_picked":["Snecko Eye","Empty Cage"],"picked":"Busted Crown"}],"items_purged_floors":[],"is_endless":false,"potions_floor_spawned":[1,7,11,13,14,18,20,28,30,33,35,41,46],"killed_by":"Time Eater","ascension_level":0}