{"gold_per_floor":[114,133,145,163,163,163,163,198,224,19,49,65,65,82,82,178,178,189,189,208,227,227,255,255,255,255,269,269,289,289,24,24,127,127,144,163,263,275,293,293,318,318,368,384,397,397,431,76,76,76],"floor_reached":51,"playtime":2450,"items_purged":["Strike_R","Strike_R+1"],"score":764,"play_id":"a179aee8-b480-4d08-a70b-09afb3054188","local_time":"20190409194505","is_ascension_mode":false,"campfire_choices":[{"data":"Bash","floor":6.0,"key":"SMITH"},{"data":"Rampage","floor":13.0,"key":"SMITH"},{"data":"Uppercut","floor":15.0,"key":"SMITH"},{"data":"Immolate","floor":25,"key":"SMITH"},{"data":"Immolate","floor":28,"key":"SMITH"},{"data":"Shockwave","floor":30,"key":"SMITH"},{"floor":32,"key":"REST"},{"data":"Demon Form","floor":40,"key":"SMITH"},{"data":"Offering","floor":46,"key":"SMITH"},{"data":"Battle Trance","floor":49,"key":"SMITH"}],"neow_cost":"NONE","seed_source_timestamp":364505612223200,"circlet_count":0,"master_deck":["Strike_R+1","Strike_R+1","Strike_R+1","Defend_R+1","Defend_R+1","Defend_R+1","Defend_R+1","Bash+1","Intimidate","Battle Trance+1","Cleave","Headbutt","Rampage+1","Metallicize","Headbutt","Uppercut+1","Immolate+1","Anger","Disarm+1","Reaper","Clothesline+1","Immolate+1","Armaments+1","Shockwave+1","True Grit","Offering+1","Demon Form+1","Pummel+1","Shrug It Off","Power Through","Rage+1","True Grit+1","Iron Wave+1","Spot Weakness+1","Shrug It Off"],"special_seed":0,"relics":["Burning Blood","Omamori","Happy Flower","Centennial Puzzle","Bronze Scales","Mark of Pain","Sundial","Paper Frog","Philosopher\u0027s Stone","WingedGreaves","Lantern","Anchor","Dream Catcher","ClockworkSouvenir"],"potions_floor_usage":[33,36,38,50,50],"damage_taken":[{"damage":2.0,"enemies":"2 Louse","floor":1.0,"turns":4.0},{"damage":1.0,"enemies":"Jaw Worm","floor":2.0,"turns":4.0},{"damage":0.0,"enemies":"Small Slimes","floor":3.0,"turns":3.0},{"damage":5.0,"enemies":"Red Slaver","floor":4.0,"turns":4.0},{"damage":12.0,"enemies":"3 Sentries","floor":8.0,"turns":5.0},{"damage":11.0,"enemies":"Gremlin Nob","floor":11.0,"turns":3.0},{"damage":0.0,"enemies":"Large Slime","floor":12.0,"turns":5.0},{"damage":2.0,"enemies":"Blue Slaver","floor":14.0,"turns":2.0},{"damage":11.0,"enemies":"Hexaghost","floor":16.0,"turns":6.0},{"damage":15.0,"enemies":"2 Thieves","floor":18.0,"turns":2.0},{"damage":0.0,"enemies":"3 Byrds","floor":20.0,"turns":2.0},{"damage":15.0,"enemies":"Centurion and Healer","floor":21.0,"turns":3.0},{"damage":32.0,"enemies":"Slavers","floor":23.0,"turns":5.0},{"damage":3,"enemies":"Snecko","floor":27,"turns":3},{"damage":3,"enemies":"Snake Plant","floor":29,"turns":3},{"damage":40,"enemies":"Automaton","floor":33,"turns":7},{"damage":6,"enemies":"Orb Walker","floor":35,"turns":3},{"damage":10,"enemies":"3 Darklings","floor":36,"turns":3},{"damage":42,"enemies":"Mind Bloom Boss Battle","floor":37,"turns":5},{"damage":10,"enemies":"Writhing Mass","floor":38,"turns":6},{"damage":6,"enemies":"Sphere and 2 Shapes","floor":39,"turns":3},{"damage":6,"enemies":"Nemesis","floor":41,"turns":9},{"damage":7,"enemies":"4 Shapes","floor":44,"turns":5},{"damage":10,"enemies":"Maw","floor":45,"turns":8},{"damage":21,"enemies":"Giant Head","floor":47,"turns":7},{"damage":20,"enemies":"Donu and Deca","floor":50,"turns":5}],"seed_played":"3529108394102887516","potions_obtained":[{"floor":1.0,"key":"Explosive Potion"},{"floor":4.0,"key":"Poison Potion"},{"floor":8.0,"key":"Swift Potion"},{"floor":18.0,"key":"SteroidPotion"},{"floor":23.0,"key":"Weak Potion"},{"floor":33,"key":"SteroidPotion"},{"floor":36,"key":"Block Potion"},{"floor":39,"key":"Poison Potion"},{"floor":41,"key":"Ancient Potion"}],"is_trial":false,"path_per_floor":["M","M","M","M","?","R","?","E","T","$","E","M","R","M","R","B",null,"M","?","M","M","?","E","?","R","T","M","R","M","R","$","R","B",null,"M","M","?","M","M","R","E","?","T","M","M","R","E","$","R","B",null],"character_chosen":"IRONCLAD","items_purchased":["PowerPotion","Metallicize","True Grit","Offering","Fire Potion","ClockworkSouvenir","Shrug It Off"],"campfire_rested":1,"item_purchase_floors":[10,10,31,31,31,48,48],"current_hp_per_floor":[88,88,88,88,63,63,45,39,39,39,34,40,40,44,44,39,88,79,79,85,76,76,54,54,54,54,57,57,63,63,63,88,54,88,88,84,63,59,63,63,63,63,63,76,88,88,73,73,73,59],"gold":76,"neow_bonus":"TEN_PERCENT_HP_BONUS","is_prod":false,"is_daily":false,"chose_seed":false,"campfire_upgraded":9,"win_rate":1,"timestamp":1554864305,"path_taken":["M","M","M","M","?","R","?","E","T","$","E","?","R","M","R","BOSS","M","?","M","M","?","E","?","R","T","M","R","M","R","$","R","BOSS","M","M","?","M","M","R","E","?","T","M","M","R","E","$","R","BOSS"],"build_version":"2019-01-23","purchased_purges":2,"victory":true,"max_hp_per_floor":[88,88,88,88,88,88,88,88,88,88,88,88,88,88,88,88,88,88,88,88,88,88,88,88,88,88,88,88,88,88,88,88,88,88,88,88,88,88,88,88,88,88,88,88,88,88,88,88,88,88],"card_choices":[{"not_picked":["Sword Boomerang","Havoc"],"picked":"Intimidate","floor":1.0},{"not_picked":["Havoc","Intimidate"],"picked":"Battle Trance","floor":2.0},{"not_picked":["Clash","Thunderclap"],"picked":"Cleave","floor":3.0},{"not_picked":["Thunderclap","Wild Strike"],"picked":"Headbutt","floor":4.0},{"not_picked":["Sever Soul","Brutality"],"picked":"Rampage","floor":8.0},{"not_picked":["Corruption","Rampage","Intimidate"],"picked":"SKIP","floor":11.0},{"not_picked":["Corruption","Rampage","Intimidate"],"picked":"SKIP","floor":11.0},{"not_picked":["Rage","Sword Boomerang"],"picked":"Headbutt","floor":12.0},{"not_picked":["Perfected Strike","Whirlwind"],"picked":"Uppercut","floor":14.0},{"not_picked":["Reaper","Barricade"],"picked":"Immolate","floor":16.0},{"not_picked":["Burning Pact","Intimidate"],"picked":"Anger","floor":18.0},{"not_picked":["Thunderclap+1","Intimidate+1"],"picked":"Disarm+1","floor":20.0},{"not_picked":["Heavy Blade","Perfected Strike"],"picked":"Reaper","floor":21.0},{"not_picked":["Dual Wield+1","Iron Wave"],"picked":"Clothesline+1","floor":23.0},{"not_picked":["Dual Wield","Dropkick"],"picked":"Armaments+1","floor":27},{"not_picked":["Havoc","Perfected Strike"],"picked":"Shockwave","floor":29},{"not_picked":["Double Tap","Brutality"],"picked":"Demon Form","floor":33},{"not_picked":["Twin Strike","Havoc+1"],"picked":"Pummel+1","floor":35},{"not_picked":["Intimidate+1","Ghostly Armor"],"picked":"Shrug It Off","floor":36},{"not_picked":["Sever Soul","Thunderclap"],"picked":"Power Through","floor":37},{"not_picked":["Thunderclap","Blood for Blood"],"picked":"Rage+1","floor":38},{"not_picked":["Sentinel","Clothesline+1","Rampage"],"picked":"SKIP","floor":39},{"not_picked":["Headbutt+1","Sword Boomerang"],"picked":"True Grit+1","floor":41},{"not_picked":["Sword Boomerang","Reckless Charge","Cleave"],"picked":"SKIP","floor":44},{"not_picked":["Sword Boomerang","Reckless Charge","Cleave"],"picked":"SKIP","floor":44},{"not_picked":["Juggernaut","Headbutt+1"],"picked":"Iron Wave+1","floor":45},{"not_picked":["Pommel Strike","Twin Strike"],"picked":"Spot Weakness+1","floor":47}],"player_experience":247574,"relics_obtained":[{"floor":8.0,"key":"Happy Flower"},{"floor":9.0,"key":"Centennial Puzzle"},{"floor":11.0,"key":"Bronze Scales"},{"floor":23.0,"key":"Sundial"},{"floor":26,"key":"Paper Frog"},{"floor":37,"key":"WingedGreaves"},{"floor":41,"key":"Lantern"},{"floor":43,"key":"Anchor"},{"floor":47,"key":"Dream Catcher"}],"event_choices":[{"damage_healed":0.0,"max_hp_gain":0.0,"max_hp_loss":0.0,"gold_gain":0.0,"event_name":"Scrap Ooze","player_choice":"Success","floor":5.0,"gold_loss":0.0,"damage_taken":25.0,"relics_obtained":["Omamori"]},{"damage_healed":0.0,"max_hp_gain":0.0,"max_hp_loss":0.0,"gold_gain":0.0,"event_name":"Shining Light","player_choice":"Entered Light","floor":7.0,"gold_loss":0.0,"damage_taken":18.0,"cards_upgraded":["Strike_R","Strike_R"]},{"damage_healed":0.0,"max_hp_gain":0.0,"max_hp_loss":0.0,"gold_gain":0.0,"event_name":"The Library","player_choice":"Read","floor":19.0,"gold_loss":0.0,"damage_taken":0.0,"cards_obtained":["Battle Trance"]},{"damage_healed":0.0,"max_hp_gain":0.0,"max_hp_loss":0.0,"gold_gain":0.0,"event_name":"Back to Basics","player_choice":"Simplicity","floor":22.0,"gold_loss":0.0,"damage_taken":0.0,"cards_upgraded":["Strike_R","Strike_R","Defend_R","Defend_R","Defend_R","Defend_R"]},{"damage_healed":0,"gold_gain":0,"player_choice":"Copied","damage_taken":0,"max_hp_gain":0,"max_hp_loss":0,"event_name":"Duplicator","floor":24,"gold_loss":0,"cards_obtained":["Immolate"]},{"damage_healed":0,"gold_gain":0,"player_choice":"Fight","damage_taken":0,"max_hp_gain":0,"max_hp_loss":0,"event_name":"MindBloom","floor":37,"gold_loss":0},{"cards_removed":["Battle Trance"],"damage_healed":0,"gold_gain":0,"player_choice":"Removed Skill","damage_taken":0,"max_hp_gain":0,"max_hp_loss":0,"event_name":"Falling","floor":42,"gold_loss":0}],"is_beta":false,"boss_relics":[{"not_picked":["Sozu","Runic Cube"],"picked":"Mark of Pain"},{"not_picked":["Black Blood","Runic Pyramid"],"picked":"Philosopher\u0027s Stone"}],"items_purged_floors":[10,48],"is_endless":false,"potions_floor_spawned":[1,4,8,18,23,33,36,37,39,41],"ascension_level":0}