{"gold_per_floor":[116,41,57,67,67,102,102,114,114,125,140,105,122,147,147,251,251,225,28,28,127,137,137,164,29,85,85,104,122,122,141,141,239,239,255,307,325,325,61,61,71,71,71,83,93,108,108],"floor_reached":47,"playtime":6125,"items_purged":[],"score":536,"play_id":"972823a3-5c65-4445-9a5d-c4790b05c738","local_time":"20190330190044","is_ascension_mode":false,"campfire_choices":[{"data":"Conserve Battery","floor":7,"key":"SMITH"},{"data":"Conserve Battery","floor":15,"key":"SMITH"},{"data":"Gash","floor":23,"key":"SMITH"},{"data":"Gash","floor":27,"key":"SMITH"},{"data":"Conserve Battery","floor":30,"key":"SMITH"},{"data":"Conserve Battery","floor":32,"key":"SMITH"},{"floor":40,"key":"REST"},{"floor":42,"key":"REST"}],"neow_cost":"NONE","seed_source_timestamp":17011590314419,"circlet_count":0,"master_deck":["Strike_B","Strike_B","Strike_B+1","Defend_B","Defend_B","Defend_B+1","Defend_B","Zap","Go for the Eyes","Gash","Stack","Conserve Battery+1","Ball Lightning","Conserve Battery+1","Genetic Algorithm","Conserve Battery+1","Gash+1","Go for the Eyes","Reboot","Gash","Gash+1","Conserve Battery+1","Conserve Battery","Conserve Battery","Conserve Battery","Scrape","Steam Power","Hologram","Hologram","All For One","Gash","Leap","Machine Learning","Static Discharge+1","Redo+1","Sweeping Beam+1","Conserve Battery","Conserve Battery+1","Sweeping Beam+1","Writhe","Master of Strategy","Discovery","Stack","Buffer","Sweeping Beam","Parasite","Cold Snap+1"],"relics":["Cracked Core","Bottled Flame","Mummified Hand","Boot","Orrery","Pen Nib","Tiny Chest","Astrolabe","Thread and Needle","Smiling Mask"],"potions_floor_usage":[16,16,16,24,33,33,33,37,46,46],"damage_taken":[{"damage":8,"enemies":"2 Louse","floor":1,"turns":3},{"damage":1,"enemies":"Jaw Worm","floor":3,"turns":4},{"damage":0,"enemies":"Small Slimes","floor":4,"turns":3},{"damage":23,"enemies":"Gremlin Nob","floor":6,"turns":4},{"damage":0,"enemies":"Looter","floor":8,"turns":3},{"damage":0,"enemies":"Blue Slaver","floor":10,"turns":2},{"damage":13,"enemies":"Exordium Wildlife","floor":11,"turns":5},{"damage":0,"enemies":"Large Slime","floor":13,"turns":5},{"damage":10,"enemies":"3 Sentries","floor":14,"turns":6},{"damage":23,"enemies":"Slime Boss","floor":16,"turns":9},{"damage":10,"enemies":"2 Thieves","floor":18,"turns":5},{"damage":0,"enemies":"Spheric Guardian","floor":22,"turns":5},{"damage":8,"enemies":"Book of Stabbing","floor":24,"turns":4},{"damage":7,"enemies":"Chosen and Byrds","floor":28,"turns":3},{"damage":4,"enemies":"Shelled Parasite and Fungi","floor":29,"turns":6},{"damage":10,"enemies":"Snake Plant","floor":31,"turns":4},{"damage":42,"enemies":"Automaton","floor":33,"turns":10},{"damage":21,"enemies":"3 Darklings","floor":35,"turns":5},{"damage":55,"enemies":"2 Orb Walkers","floor":36,"turns":6},{"damage":3,"enemies":"3 Shapes","floor":37,"turns":6},{"damage":11,"enemies":"Writhing Mass","floor":41,"turns":8},{"damage":15,"enemies":"4 Shapes","floor":44,"turns":5},{"damage":30,"enemies":"Sphere and 2 Shapes","floor":45,"turns":6},{"damage":14,"enemies":"Writhing Mass","floor":46,"turns":7},{"damage":5,"enemies":"4 Shapes","floor":47,"turns":2}],"seed_played":"-7355445108553627947","potions_obtained":[{"floor":6,"key":"Explosive Potion"},{"floor":8,"key":"SkillPotion"},{"floor":10,"key":"SteroidPotion"},{"floor":22,"key":"Fire Potion"},{"floor":24,"key":"AttackPotion"},{"floor":29,"key":"Fire Potion"},{"floor":31,"key":"Swift Potion"},{"floor":35,"key":"SkillPotion"},{"floor":36,"key":"Energy Potion"},{"floor":45,"key":"Energy Potion"}],"is_trial":false,"path_per_floor":["?","?","?","?","$","?","?","$"],"character_chosen":"DEFECT","items_purchased":["Gash","Stack","Scrape","Steam Power","Hologram","All For One","Master of Strategy","Discovery"],"campfire_rested":2,"item_purchase_floors":[2,2,19,19,19,25,39,39],"current_hp_per_floor":[74,74,73,73,57,34,34,34,34,34,21,41,41,31,31,8,82,72,72,72,72,72,72,64,64,64,64,57,53,53,43,43,1,82,61,6,3,24,24,48,37,61,61,46,16,2,0],"gold":108,"neow_bonus":"TEN_PERCENT_HP_BONUS","is_prod":false,"is_daily":false,"chose_seed":false,"campfire_upgraded":6,"win_rate":0.0,"timestamp":1553968844,"path_taken":["M","$","M","M","?","E","R","M","T","M","M","?","M","E","R","BOSS","M","$","?","?","M","R","E","?","T","R","M","M","R","M","R","BOSS","M","?","M","?","?","R","M","R","T","M","M","M","M"],"build_version":"2019-01-23","purchased_purges":0,"victory":false,"max_hp_per_floor":[82,82,82,82,82,82,82,82,82,82,82,82,82,82,82,82,82,82,82,82,82,82,82,82,82,82,82,82,82,82,82,82,82,82,82,82,82,82,82,82,82,82,82,82,82,82,82],"card_choices":[{"not_picked":["Darkness","Coolheaded"],"picked":"Go for the Eyes","floor":1},{"not_picked":["Hologram","Storm"],"picked":"Conserve Battery","floor":3},{"not_picked":["Chaos","Hologram"],"picked":"Ball Lightning","floor":4},{"not_picked":["Stack","Gash"],"picked":"Conserve Battery","floor":6},{"not_picked":["Compile Driver","Skim"],"picked":"Darkness","floor":8},{"not_picked":["Gash","White Noise"],"picked":"Genetic Algorithm","floor":10},{"not_picked":["Streamline","Blizzard"],"picked":"Conserve Battery","floor":11},{"not_picked":["Go for the Eyes","Loop"],"picked":"Gash","floor":13},{"not_picked":["Seek","Leap"],"picked":"Go for the Eyes","floor":14},{"not_picked":["Multi-Cast","Seek"],"picked":"Reboot","floor":16},{"not_picked":["Tempest","Lockon"],"picked":"Gash","floor":17},{"not_picked":["Storm","Steam"],"picked":"Gash","floor":17},{"not_picked":["Glacier","Compile Driver"],"picked":"Conserve Battery","floor":17},{"not_picked":["Fusion","Stack"],"picked":"Conserve Battery","floor":17},{"not_picked":["Stack","Force Field"],"picked":"Conserve Battery","floor":17},{"not_picked":["Fusion","Hologram"],"picked":"Conserve Battery","floor":18},{"not_picked":["Heatsinks","Loop","Coolheaded+1"],"picked":"SKIP","floor":22},{"not_picked":["Melter","Reprogram"],"picked":"Hologram","floor":24},{"not_picked":["Biased Cognition","Stack","Streamline"],"picked":"SKIP","floor":28},{"not_picked":["Loop","Go for the Eyes"],"picked":"Gash","floor":29},{"not_picked":["Barrage","White Noise+1"],"picked":"Leap","floor":31},{"not_picked":["Buffer","Seek"],"picked":"Machine Learning","floor":33},{"not_picked":["Defragment+1","Heatsinks+1"],"picked":"Conserve Battery","floor":35},{"not_picked":["Cold Snap","Leap+1"],"picked":"Conserve Battery+1","floor":36},{"not_picked":["Barrage+1","Static Discharge"],"picked":"Sweeping Beam+1","floor":37},{"not_picked":["Steam","Coolheaded"],"picked":"Stack","floor":41},{"not_picked":["Chaos+1","Conserve Battery"],"picked":"Buffer","floor":44},{"not_picked":["Compile Driver","Force Field"],"picked":"Sweeping Beam","floor":45},{"not_picked":["Leap","Redo"],"picked":"Cold Snap+1","floor":46}],"player_experience":8428,"relics_obtained":[{"floor":6,"key":"Bottled Flame"},{"floor":9,"key":"Mummified Hand"},{"floor":14,"key":"Boot"},{"floor":24,"key":"Pen Nib"},{"floor":26,"key":"Tiny Chest"},{"floor":36,"key":"Thread and Needle"},{"floor":43,"key":"Smiling Mask"}],"event_choices":[{"damage_healed":0,"gold_gain":0,"player_choice":"Entered Light","damage_taken":16,"max_hp_gain":0,"max_hp_loss":0,"event_name":"Shining Light","floor":5,"gold_loss":0,"cards_upgraded":["Strike_B","Defend_B"]},{"damage_healed":20,"gold_gain":0,"player_choice":"Healed","damage_taken":0,"max_hp_gain":0,"max_hp_loss":0,"event_name":"The Cleric","floor":12,"gold_loss":35},{"damage_healed":0,"gold_gain":99,"player_choice":"Stole From Cult","damage_taken":0,"max_hp_gain":0,"max_hp_loss":0,"event_name":"Nest","floor":21,"gold_loss":0},{"damage_healed":0,"gold_gain":0,"player_choice":"Fight","damage_taken":0,"max_hp_gain":0,"max_hp_loss":0,"event_name":"Mysterious Sphere","floor":36,"gold_loss":0},{"damage_healed":21,"gold_gain":0,"player_choice":"Writhe","damage_taken":0,"max_hp_gain":0,"max_hp_loss":0,"event_name":"Winding Halls","floor":38,"gold_loss":0,"cards_obtained":["Writhe"]}],"is_beta":false,"boss_relics":[{"not_picked":["Tiny House","FrozenCore"],"picked":"Orrery"},{"not_picked":["Runic Dome","Empty Cage"],"picked":"Astrolabe"}],"items_purged_floors":[],"is_endless":false,"potions_floor_spawned":[6,8,10,11,13,22,24,29,31,35,36,45],"killed_by":"4 Shapes","ascension_level":0}