{"gold_per_floor":[113,113,133,147,147,178,192,162,236,236,236],"floor_reached":11,"playtime":283,"items_purged":[],"score":84,"play_id":"250921e2-58b3-4abd-9389-3e0fb518ecb4","local_time":"20190414235524","is_ascension_mode":true,"campfire_choices":[{"floor":10,"key":"REST"}],"neow_cost":"NONE","seed_source_timestamp":276289192791430,"circlet_count":0,"master_deck":["Strike_B","Strike_B","Defend_B","Defend_B","Defend_B","Defend_B","Zap","Dualcast","Darkness","Skim","Steam","Machine Learning","Coolheaded","Darkness"],"relics":["Cracked Core","NeowsBlessing","Mango","Bottled Tornado"],"potions_floor_usage":[],"damage_taken":[{"damage":0,"enemies":"Jaw Worm","floor":1,"turns":1},{"damage":0,"enemies":"Cultist","floor":3,"turns":1},{"damage":0,"enemies":"2 Louse","floor":4,"turns":1},{"damage":33,"enemies":"Lagavulin","floor":6,"turns":6},{"damage":11,"enemies":"Large Slime","floor":7,"turns":5},{"damage":4,"enemies":"Looter","floor":8,"turns":4},{"damage":68,"enemies":"Gremlin Nob","floor":11,"turns":5}],"seed_played":"8794843524895130761","potions_obtained":[{"floor":3,"key":"EntropicBrew"},{"floor":4,"key":"Explosive Potion"},{"floor":6,"key":"Weak Potion"}],"is_trial":false,"path_per_floor":["M","?","M","M","?","E","M","M","T","R","E"],"character_chosen":"DEFECT","items_purchased":[],"campfire_rested":1,"item_purchase_floors":[],"current_hp_per_floor":[75,75,75,75,68,49,38,34,34,60,0],"gold":236,"neow_bonus":"THREE_ENEMY_KILL","is_prod":false,"is_daily":false,"chose_seed":false,"campfire_upgraded":0,"win_rate":0,"timestamp":1555304124,"path_taken":["M","?","M","?","?","E","M","M","T","R","E"],"build_version":"2019-01-23","purchased_purges":0,"victory":false,"max_hp_per_floor":[75,75,75,75,75,89,89,89,89,89,89],"card_choices":[{"not_picked":["Compile Driver","Turbo"],"picked":"Darkness","floor":1},{"not_picked":["Auto Shields","Barrage"],"picked":"Skim","floor":3},{"not_picked":["Conserve Battery","Redo"],"picked":"Steam","floor":4},{"not_picked":["Skim","Stack"],"picked":"Machine Learning","floor":6},{"not_picked":["Static Discharge","Sweeping Beam"],"picked":"Coolheaded","floor":7},{"not_picked":["Barrage","Turbo"],"picked":"Darkness","floor":8}],"player_experience":182794,"relics_obtained":[{"floor":6,"key":"Mango"},{"floor":9,"key":"Bottled Tornado"}],"event_choices":[{"cards_removed":["Strike_B"],"damage_healed":0,"gold_gain":0,"player_choice":"Offered Basic","damage_taken":0,"max_hp_gain":0,"max_hp_loss":0,"event_name":"Bonfire Elementals","floor":2,"gold_loss":0},{"cards_removed":["Strike_B"],"damage_healed":0,"gold_gain":0,"player_choice":"Card Removal","damage_taken":7,"max_hp_gain":0,"max_hp_loss":0,"event_name":"Golden Wing","floor":5,"gold_loss":0}],"is_beta":false,"boss_relics":[],"items_purged_floors":[],"is_endless":false,"potions_floor_spawned":[3,4,6,7],"killed_by":"Gremlin Nob","ascension_level":3}