{"gold_per_floor":[110,59,59,3,16,16,45,45,45,65,77,104,104,173,173,250,250,268,278,8,27,38,38,38,52,52,68,86,86,116,132,132,206,206,226,226],"floor_reached":36,"playtime":2118,"items_purged":[],"score":800,"play_id":"9421e091-994d-48e0-a3b8-a7e0cbfafcc0","local_time":"20190403194212","is_ascension_mode":true,"campfire_choices":[{"data":"Zap","floor":6,"key":"SMITH"},{"data":"Consume","floor":8,"key":"SMITH"},{"data":"Coolheaded","floor":15,"key":"SMITH"},{"data":"Buffer","floor":23,"key":"SMITH"},{"floor":29,"key":"REST"},{"floor":32,"key":"REST"}],"neow_cost":"NONE","seed_source_timestamp":104935787068726,"circlet_count":0,"master_deck":["AscendersBane","Strike_B","Strike_B","Strike_B","Strike_B","Defend_B","Defend_B","Defend_B","Defend_B","Zap+1","Dualcast","Cold Snap","Coolheaded+1","Consume+1","Undo+1","All For One","Cold Snap","Buffer+1","Chill+1","Redo+1","Loop","Tempest+1","Stack+1","Cold Snap+1","Genetic Algorithm+1","Force Field+1","Hologram+1","Doom and Gloom+1","Echo Form","Ball Lightning+1"],"relics":["Cracked Core","NeowsBlessing","Centennial Puzzle","Toxic Egg 2","Turnip","Dream Catcher","Bottled Lightning","Velvet Choker","Runic Capacitor","Darkstone Periapt","Ginger","Eternal Feather"],"potions_floor_usage":[16,16,30,33,33,36],"damage_taken":[{"damage":0,"enemies":"Small Slimes","floor":1,"turns":1},{"damage":0,"enemies":"2 Louse","floor":5,"turns":1},{"damage":0,"enemies":"3 Sentries","floor":7,"turns":1},{"damage":1,"enemies":"Cultist","floor":10,"turns":3},{"damage":4,"enemies":"Red Slaver","floor":11,"turns":4},{"damage":8,"enemies":"Lagavulin","floor":12,"turns":9},{"damage":26,"enemies":"Hexaghost","floor":16,"turns":13},{"damage":1,"enemies":"Spheric Guardian","floor":18,"turns":6},{"damage":5,"enemies":"Chosen","floor":19,"turns":6},{"damage":2,"enemies":"Snecko","floor":21,"turns":5},{"damage":13,"enemies":"Centurion and Healer","floor":22,"turns":14},{"damage":0,"enemies":"Cultist and Chosen","floor":25,"turns":7},{"damage":6,"enemies":"3 Cultists","floor":27,"turns":5},{"damage":8,"enemies":"Snake Plant","floor":28,"turns":3},{"damage":30,"enemies":"Gremlin Leader","floor":30,"turns":9},{"damage":0,"enemies":"Centurion and Healer","floor":31,"turns":8},{"damage":5,"enemies":"Collector","floor":33,"turns":14},{"damage":5,"enemies":"3 Shapes","floor":35,"turns":5},{"damage":56,"enemies":"2 Orb Walkers","floor":36,"turns":4}],"seed_played":"-5516587180640297473","potions_obtained":[{"floor":10,"key":"SteroidPotion"},{"floor":11,"key":"Weak Potion"},{"floor":12,"key":"PowerPotion"},{"floor":18,"key":"SpeedPotion"},{"floor":21,"key":"LiquidBronze"},{"floor":30,"key":"SpeedPotion"},{"floor":33,"key":"SteroidPotion"},{"floor":35,"key":"Dexterity Potion"}],"is_trial":false,"path_per_floor":["M","$","?","?","M","R","E","R","T","M","M","E","$","T","R","B",null,"M","M","$","M","M","R","$","M","T","M","M","R","E","M","R","B",null,"M","?"],"character_chosen":"DEFECT","items_purchased":["Coolheaded","Runic Capacitor","Redo+1"],"campfire_rested":2,"item_purchase_floors":[2,20,20],"current_hp_per_floor":[64,64,64,64,64,64,64,64,64,63,59,51,51,51,51,25,60,59,54,54,52,39,39,39,39,39,33,25,46,16,16,37,32,61,56,0],"gold":226,"neow_bonus":"THREE_ENEMY_KILL","is_prod":false,"is_daily":false,"chose_seed":false,"campfire_upgraded":4,"win_rate":0,"timestamp":1554288132,"path_taken":["M","$","?","?","?","R","E","R","T","M","M","E","?","?","R","BOSS","M","M","$","M","M","R","$","M","T","M","M","R","E","?","R","BOSS","M","?"],"build_version":"2019-01-23","purchased_purges":0,"victory":false,"max_hp_per_floor":[71,71,71,71,71,71,71,71,71,71,71,71,71,71,71,71,71,71,71,71,71,71,71,71,71,71,71,71,71,71,71,71,71,71,71,71],"card_choices":[{"not_picked":["Stack","Beam Cell"],"picked":"Cold Snap","floor":1},{"not_picked":["Rip and Tear","Hello World"],"picked":"Consume","floor":5},{"not_picked":["Tempest","Fusion"],"picked":"Undo","floor":7},{"not_picked":["Gash","Barrage","Rebound"],"picked":"SKIP","floor":10},{"not_picked":["Recycle+1","Compile Driver"],"picked":"All For One","floor":11},{"not_picked":["Steam+1","Gash"],"picked":"Cold Snap","floor":12},{"not_picked":["Thunder Strike","Reboot+1"],"picked":"Buffer","floor":16},{"not_picked":["Redo+1","Barrage","Streamline+1"],"picked":"SKIP","floor":18},{"not_picked":["Sweeping Beam","Self Repair"],"picked":"Chill+1","floor":19},{"not_picked":["Tempest+1","Blizzard"],"picked":"Loop","floor":21},{"not_picked":["Gash","Leap+1","Compile Driver"],"picked":"SKIP","floor":22},{"not_picked":["Hologram+1","Gash"],"picked":"Tempest+1","floor":25},{"not_picked":["Ball Lightning","Streamline"],"picked":"Stack+1","floor":27},{"not_picked":["Coolheaded+1","Heatsinks"],"picked":"Cold Snap+1","floor":28},{"not_picked":["Scrape","Lockon"],"picked":"Genetic Algorithm+1","floor":29},{"not_picked":["Multi-Cast+1","Hello World"],"picked":"Force Field+1","floor":30},{"not_picked":["Rip and Tear","Cold Snap"],"picked":"Hologram+1","floor":31},{"not_picked":["Go for the Eyes","Double Energy+1"],"picked":"Doom and Gloom+1","floor":32},{"not_picked":["Biased Cognition","Reboot+1"],"picked":"Echo Form","floor":33},{"not_picked":["Beam Cell+1","Steam+1"],"picked":"Ball Lightning+1","floor":35}],"player_experience":461328,"relics_obtained":[{"floor":7,"key":"Toxic Egg 2"},{"floor":9,"key":"Turnip"},{"floor":12,"key":"Dream Catcher"},{"floor":14,"key":"Bottled Lightning"},{"floor":26,"key":"Darkstone Periapt"},{"floor":30,"key":"Ginger"}],"event_choices":[{"damage_healed":0,"gold_gain":0,"player_choice":"Ignored","damage_taken":0,"max_hp_gain":0,"max_hp_loss":0,"event_name":"Liars Game","floor":3,"gold_loss":0},{"damage_healed":0,"gold_gain":0,"player_choice":"Paid Gold","damage_taken":0,"relics_obtained":["Centennial Puzzle"],"max_hp_gain":0,"max_hp_loss":0,"event_name":"WeMeetAgain","floor":4,"gold_loss":56},{"damage_healed":0,"gold_gain":0,"player_choice":"Fight","damage_taken":0,"max_hp_gain":0,"max_hp_loss":0,"event_name":"Mysterious Sphere","floor":36,"gold_loss":0}],"is_beta":false,"boss_relics":[{"not_picked":["FrozenCore","Runic Dome"],"picked":"Velvet Choker"},{"not_picked":["Nuclear Battery","Empty Cage"],"picked":"Eternal Feather"}],"items_purged_floors":[],"is_endless":false,"potions_floor_spawned":[10,11,12,18,21,30,31,33,35],"killed_by":"2 Orb Walkers","ascension_level":18}