{"gold_per_floor":[109,109,124,138,138,170,170,195,195,215,215,60,60,80,80,203,203,218,12,12,12,37,37,62,62,144,144,162,178,78,102,102,231,231,250,250,74,87,87,87,103,117,117,138,471,487,487,497,497,497],"floor_reached":50,"playtime":4200,"items_purged":["Fission","Reboot","Strike_B"],"score":481,"play_id":"3ac31fc4-5fe1-4ae6-ac00-0635cb727eca","local_time":"20190405010305","is_ascension_mode":false,"campfire_choices":[{"floor":7,"key":"REST"},{"floor":15,"key":"REST"},{"floor":23,"key":"REST"},{"floor":27,"key":"REST"},{"floor":32,"key":"REST"},{"floor":40,"key":"REST"},{"floor":47,"key":"REST"},{"floor":49,"key":"REST"}],"neow_cost":"NONE","seed_source_timestamp":51557332156714,"circlet_count":0,"master_deck":["Strike_B","Strike_B","Strike_B","Defend_B","Defend_B","Defend_B","Defend_B","Zap","Dualcast","Defragment","Cold Snap","Rebound","Turbo","Turbo","Rebound","Rip and Tear","Electrodynamics","Sunder","Streamline","Streamline+1","Compile Driver","Glacier","Meteor Strike","Leap","Streamline","Capacitor","Defragment+1","Rebound+1","Hologram","Seek"],"relics":["FrozenCore","Calipers","Bag of Marbles","Vajra","Bottled Lightning","Snecko Eye","Bottled Flame","Shuriken","Juzu Bracelet","Sundial"],"potions_floor_usage":[8,16,16,33,33,33,41,50,50],"damage_taken":[{"damage":9,"enemies":"2 Louse","floor":1,"turns":3},{"damage":8,"enemies":"Jaw Worm","floor":3,"turns":3},{"damage":0,"enemies":"Cultist","floor":4,"turns":3},{"damage":25,"enemies":"3 Sentries","floor":6,"turns":8},{"damage":16,"enemies":"Lagavulin","floor":8,"turns":7},{"damage":7,"enemies":"2 Fungi Beasts","floor":10,"turns":3},{"damage":7,"enemies":"Exordium Thugs","floor":14,"turns":3},{"damage":18,"enemies":"The Guardian","floor":16,"turns":10},{"damage":22,"enemies":"Spheric Guardian","floor":18,"turns":5},{"damage":12,"enemies":"Shell Parasite","floor":22,"turns":3},{"damage":41,"enemies":"Shelled Parasite and Fungi","floor":24,"turns":6},{"damage":10,"enemies":"Chosen and Byrds","floor":28,"turns":4},{"damage":0,"enemies":"Snake Plant","floor":29,"turns":2},{"damage":12,"enemies":"Centurion and Healer","floor":31,"turns":2},{"damage":26,"enemies":"Champ","floor":33,"turns":11},{"damage":31,"enemies":"3 Darklings","floor":35,"turns":4},{"damage":0,"enemies":"Orb Walker","floor":38,"turns":1},{"damage":14,"enemies":"Spire Growth","floor":41,"turns":5},{"damage":21,"enemies":"Jaw Worm Horde","floor":42,"turns":4},{"damage":0,"enemies":"Maw","floor":44,"turns":6},{"damage":0,"enemies":"Transient","floor":46,"turns":5},{"damage":17,"enemies":"3 Darklings","floor":48,"turns":5},{"damage":73,"enemies":"Donu and Deca","floor":50,"turns":7}],"seed_played":"5908910410535268992","potions_obtained":[{"floor":1,"key":"Weak Potion"},{"floor":6,"key":"Fire Potion"},{"floor":8,"key":"Strength Potion"},{"floor":14,"key":"Ancient Potion"},{"floor":16,"key":"Strength Potion"},{"floor":18,"key":"SkillPotion"},{"floor":25,"key":"Regen Potion"},{"floor":25,"key":"Poison Potion"},{"floor":33,"key":"Dexterity Potion"},{"floor":35,"key":"FearPotion"},{"floor":38,"key":"Block Potion"}],"is_trial":false,"path_per_floor":["?","T","?","?","?","T","M","?","?","$","?","?"],"character_chosen":"DEFECT","items_purchased":["Reboot","Sunder","Streamline","Streamline"],"campfire_rested":8,"item_purchase_floors":[12,19,19,37],"current_hp_per_floor":[66,66,58,58,58,33,55,39,39,32,14,14,14,7,29,11,75,53,53,53,53,41,63,22,22,22,44,34,34,34,22,44,33,75,44,44,44,44,44,66,52,31,31,31,31,31,53,36,58,0],"gold":497,"neow_bonus":"THREE_CARDS","is_prod":false,"is_daily":false,"chose_seed":false,"campfire_upgraded":0,"win_rate":0.0,"timestamp":1554418985,"path_taken":["M","?","M","M","?","E","R","E","T","M","?","$","?","M","R","BOSS","M","$","?","?","?","R","M","?","T","R","M","M","$","M","R","BOSS","M","?","?","M","?","R","M","M","T","M","?","M","R","M","R","BOSS"],"build_version":"2019-01-23","purchased_purges":3,"victory":false,"max_hp_per_floor":[75,75,75,75,75,75,75,75,75,75,75,75,75,75,75,75,75,75,75,75,75,75,75,75,75,75,75,75,75,75,75,75,75,75,75,75,75,75,75,75,75,75,75,75,75,75,75,75,75,75],"card_choices":[{"not_picked":["Steam","Undo"],"picked":"Defragment","floor":0},{"not_picked":["Compile Driver","Streamline"],"picked":"Recycle","floor":1},{"not_picked":["Undo","Conserve Battery"],"picked":"Cold Snap","floor":3},{"not_picked":["Sweeping Beam","Melter"],"picked":"Rebound","floor":4},{"not_picked":["Hologram","Streamline"],"picked":"Turbo","floor":6},{"not_picked":["Heatsinks","Conserve Battery"],"picked":"Turbo","floor":8},{"not_picked":["Go for the Eyes","Stack"],"picked":"Rebound","floor":10},{"not_picked":["Redo","Coolheaded"],"picked":"Rip and Tear","floor":14},{"not_picked":["Creative AI","Meteor Strike"],"picked":"Electrodynamics","floor":16},{"not_picked":["Rebound","FTL","Sweeping Beam"],"picked":"SKIP","floor":18},{"not_picked":["Steam","Ball Lightning","Rebound"],"picked":"SKIP","floor":22},{"not_picked":["Hologram","Melter+1","Static Discharge"],"picked":"SKIP","floor":24},{"not_picked":["Rebound+1","Aggregate"],"picked":"Streamline+1","floor":28},{"not_picked":["Gash","Turbo+1"],"picked":"Compile Driver","floor":29},{"not_picked":["Barrage","Redo"],"picked":"Glacier","floor":31},{"not_picked":["Machine Learning","Echo Form"],"picked":"Meteor Strike","floor":33},{"not_picked":["Go for the Eyes","Genetic Algorithm"],"picked":"Leap","floor":35},{"not_picked":["Ball Lightning","Sweeping Beam+1"],"picked":"Capacitor","floor":38},{"not_picked":["Turbo","Hologram"],"picked":"Defragment+1","floor":41},{"not_picked":["Leap+1","Cold Snap"],"picked":"Rebound+1","floor":42},{"not_picked":["Steam Power+1","Self Repair"],"picked":"Hologram","floor":44},{"not_picked":["Turbo","Coolheaded"],"picked":"Seek","floor":46},{"not_picked":["Ball Lightning+1","Sweeping Beam+1","Conserve Battery"],"picked":"SKIP","floor":48}],"player_experience":46054,"relics_obtained":[{"floor":5,"key":"Calipers"},{"floor":6,"key":"Bag of Marbles"},{"floor":8,"key":"Vajra"},{"floor":9,"key":"Bottled Lightning"},{"floor":21,"key":"Bottled Flame"},{"floor":26,"key":"Shuriken"},{"floor":36,"key":"Juzu Bracelet"},{"floor":43,"key":"Sundial"}],"event_choices":[{"damage_healed":0,"gold_gain":0,"cards_transformed":["Recycle"],"player_choice":"Change","damage_taken":0,"max_hp_gain":0,"max_hp_loss":0,"event_name":"Living Wall","floor":2,"gold_loss":0,"cards_obtained":["Fission"]},{"damage_healed":0,"gold_gain":0,"player_choice":"Take Damage","damage_taken":18,"relics_obtained":["Golden Idol"],"max_hp_gain":0,"max_hp_loss":0,"event_name":"Golden Idol","floor":11,"gold_loss":0},{"damage_healed":0,"gold_gain":0,"player_choice":"Searched \u00270\u0027 times","damage_taken":0,"max_hp_gain":0,"max_hp_loss":0,"event_name":"Dead Adventurer","floor":13,"gold_loss":0},{"damage_healed":0,"gold_gain":0,"player_choice":"Ignored","damage_taken":0,"max_hp_gain":0,"max_hp_loss":0,"event_name":"Ghosts","floor":20,"gold_loss":0},{"damage_healed":0,"gold_gain":0,"player_choice":"Got Potions","damage_taken":0,"max_hp_gain":0,"max_hp_loss":0,"event_name":"Lab","floor":25,"gold_loss":0},{"damage_healed":0,"gold_gain":0,"player_choice":"Relic","damage_taken":0,"max_hp_gain":0,"max_hp_loss":0,"event_name":"Wheel of Change","floor":36,"gold_loss":0},{"damage_healed":0,"gold_gain":0,"player_choice":"Ignored","damage_taken":0,"max_hp_gain":0,"max_hp_loss":0,"event_name":"Mysterious Sphere","floor":39,"gold_loss":0},{"damage_healed":0,"gold_gain":333,"player_choice":"Gave Idol","damage_taken":0,"max_hp_gain":0,"max_hp_loss":0,"event_name":"The Moai Head","floor":45,"relics_lost":["Golden Idol"],"gold_loss":0}],"is_beta":false,"boss_relics":[{"not_picked":["Eternal Feather","Tiny House"],"picked":"Snecko Eye"},{"not_picked":["Coffee Dripper","Lizard Tail"],"picked":"FrozenCore"}],"items_purged_floors":[19,30,37],"is_endless":false,"potions_floor_spawned":[1,6,8,14,16,18,28,29,33,35,38],"killed_by":"Donu and Deca","ascension_level":0}