{"gold_per_floor":[115,127,52,69,84,117,117,143,213,224,224,286,66,66,66,66],"floor_reached":16,"playtime":421,"items_purged":[],"score":263,"play_id":"b2f776ad-d6cf-40b6-80a0-881ca8d4f32d","local_time":"20190405220339","is_ascension_mode":true,"campfire_choices":[{"data":"Streamline","floor":7,"key":"SMITH"},{"floor":11,"key":"REST"},{"floor":15,"key":"REST"}],"neow_cost":"NONE","seed_source_timestamp":142382864653863,"circlet_count":0,"master_deck":["AscendersBane","Strike_B","Strike_B","Strike_B","Strike_B","Defend_B","Defend_B","Defend_B","Defend_B","Zap","Sunder","Cold Snap","Ball Lightning","Streamline+1","Consume"],"relics":["Cracked Core","Anchor","Question Card","Nunchaku","Letter Opener","MealTicket","Regal Pillow"],"potions_floor_usage":[2,6,6],"damage_taken":[{"damage":10,"enemies":"Small Slimes","floor":1,"turns":4},{"damage":0,"enemies":"Jaw Worm","floor":2,"turns":3},{"damage":0,"enemies":"2 Louse","floor":4,"turns":3},{"damage":2,"enemies":"Blue Slaver","floor":5,"turns":3},{"damage":0,"enemies":"Gremlin Nob","floor":6,"turns":2},{"damage":25,"enemies":"Lagavulin","floor":8,"turns":6},{"damage":1,"enemies":"Looter","floor":10,"turns":2},{"damage":58,"enemies":"Hexaghost","floor":16,"turns":9}],"seed_played":"6194246868541197695","potions_obtained":[{"floor":1,"key":"EntropicBrew"},{"floor":4,"key":"Fire Potion"},{"floor":5,"key":"Fire Potion"}],"is_trial":false,"path_per_floor":["M","M","?","M","M","E","R","E","T","M","R","?","$","?","R","B"],"character_chosen":"DEFECT","items_purchased":["MealTicket"],"campfire_rested":2,"item_purchase_floors":[13],"current_hp_per_floor":[54,54,54,54,52,52,52,27,27,26,47,47,47,21,57,0],"gold":66,"neow_bonus":"RANDOM_COMMON_RELIC","is_prod":false,"is_daily":false,"chose_seed":false,"campfire_upgraded":1,"win_rate":0,"timestamp":1554469419,"path_taken":["M","M","?","M","M","E","R","E","T","M","R","?","$","?","R","BOSS"],"build_version":"2019-01-23","purchased_purges":0,"victory":false,"max_hp_per_floor":[71,71,71,71,71,71,71,71,71,71,71,71,71,71,71,71],"card_choices":[{"not_picked":["Ball Lightning","Sweeping Beam"],"picked":"Sunder","floor":1},{"not_picked":["Conserve Battery","Chaos"],"picked":"Cold Snap","floor":2},{"not_picked":["Barrage","Steam"],"picked":"Ball Lightning","floor":4},{"not_picked":["Tempest","BootSequence"],"picked":"Streamline","floor":5},{"not_picked":["Gash","Beam Cell","Fission"],"picked":"SKIP","floor":6},{"not_picked":["Stack","Barrage","Cold Snap"],"picked":"Consume","floor":8},{"not_picked":["Turbo","Reprogram","Hologram","Static Discharge"],"picked":"SKIP","floor":10}],"player_experience":478253,"relics_obtained":[{"floor":6,"key":"Question Card"},{"floor":8,"key":"Nunchaku"},{"floor":9,"key":"Letter Opener"}],"event_choices":[{"cards_removed":["Dualcast"],"damage_healed":0,"gold_gain":0,"player_choice":"Card Removal","damage_taken":0,"max_hp_gain":0,"max_hp_loss":0,"event_name":"The Cleric","floor":3,"gold_loss":75},{"damage_healed":0,"gold_gain":62,"player_choice":"Gained Gold","damage_taken":0,"max_hp_gain":0,"max_hp_loss":0,"event_name":"Golden Wing","floor":12,"gold_loss":0},{"damage_healed":0,"gold_gain":0,"player_choice":"Success","damage_taken":26,"relics_obtained":["Regal Pillow"],"max_hp_gain":0,"max_hp_loss":0,"event_name":"Scrap Ooze","floor":14,"gold_loss":0}],"is_beta":false,"boss_relics":[],"items_purged_floors":[],"is_endless":false,"potions_floor_spawned":[1,4,5],"killed_by":"Hexaghost","ascension_level":19}