{"gold_per_floor":[117,134,144,144,162,162,8,20,46,66,78,92,104,130,130,232,232,251,232,251,251,26,53,73,93,148,247,247,262,262,280,280,280],"floor_reached":33,"playtime":1486,"items_purged":["Defend_B"],"score":277,"play_id":"9f440bc9-2488-47d6-885c-867c7afc49c5","local_time":"20181124000706","is_ascension_mode":false,"campfire_choices":[{"floor":6,"key":"REST"},{"floor":15,"key":"REST"},{"floor":28,"key":"REST"},{"floor":30,"key":"REST"},{"floor":32,"key":"REST"}],"neow_cost":"NONE","seed_source_timestamp":603579852874993,"circlet_count":0,"master_deck":["Strike_B","Strike_B","Strike_B","Strike_B","Defend_B","Defend_B","Defend_B","Zap","Dualcast+1","FTL","Gash","Steam+1","Mind Blast","Self Repair","Cold Snap","Steam Power","Seek","Storm","Steam","Ball Lightning","Electrodynamics","Leap","Cold Snap+1","Capacitor+1","Amplify","Conserve Battery","Go for the Eyes","Capacitor+1","Gash","Ball Lightning+1","Barrage","Tempest"],"relics":["Cracked Core","Lantern","PreservedInsect","War Paint","Inserter","Orichalcum","Dream Catcher"],"potions_floor_usage":[25,25],"damage_taken":[{"damage":6,"enemies":"Jaw Worm","floor":1,"turns":4},{"damage":6,"enemies":"Cultist","floor":2,"turns":3},{"damage":2,"enemies":"2 Louse","floor":3,"turns":3},{"damage":37,"enemies":"Exordium Thugs","floor":5,"turns":6},{"damage":1,"enemies":"Exordium Wildlife","floor":8,"turns":3},{"damage":3,"enemies":"2 Fungi Beasts","floor":10,"turns":4},{"damage":5,"enemies":"Large Slime","floor":11,"turns":6},{"damage":11,"enemies":"3 Louse","floor":12,"turns":4},{"damage":11,"enemies":"Exordium Wildlife","floor":13,"turns":4},{"damage":30,"enemies":"Lagavulin","floor":14,"turns":6},{"damage":28,"enemies":"Slime Boss","floor":16,"turns":8},{"damage":2,"enemies":"Chosen","floor":18,"turns":4},{"damage":22,"enemies":"2 Thieves","floor":19,"turns":4},{"damage":9,"enemies":"Chosen and Byrds","floor":20,"turns":5},{"damage":50,"enemies":"Slavers","floor":23,"turns":4},{"damage":4,"enemies":"Cultist and Chosen","floor":24,"turns":4},{"damage":17,"enemies":"Centurion and Healer","floor":25,"turns":6},{"damage":40,"enemies":"Snake Plant","floor":29,"turns":6},{"damage":18,"enemies":"Cultist and Chosen","floor":31,"turns":5},{"damage":78,"enemies":"Automaton","floor":33,"turns":6}],"seed_played":"3688087248415163458","potions_obtained":[{"floor":1,"key":"FocusPotion"},{"floor":5,"key":"Block Potion"},{"floor":8,"key":"LiquidBronze"},{"floor":21,"key":"FairyPotion"},{"floor":21,"key":"Fruit Juice"},{"floor":25,"key":"Fire Potion"},{"floor":31,"key":"SteroidPotion"}],"is_trial":false,"path_per_floor":["M","M","M","?","M","R","$","M","T","M","M","M","M","E","R","B",null,"M","M","M","?","$","E","M","M","T","?","R","M","R","M","R","B"],"character_chosen":"DEFECT","items_purchased":["Lantern","Amplify"],"campfire_rested":5,"item_purchase_floors":[7,22],"current_hp_per_floor":[76,70,68,68,38,62,62,68,68,72,74,70,66,43,67,46,82,82,67,65,65,65,22,18,13,13,13,39,15,41,30,56,0],"gold":280,"neow_bonus":"TEN_PERCENT_HP_BONUS","is_prod":false,"is_daily":false,"chose_seed":false,"campfire_upgraded":0,"win_rate":0.0,"timestamp":1543039626,"path_taken":["M","M","M","?","M","R","$","M","T","?","M","M","M","E","R","BOSS","M","M","M","?","?","E","?","M","T","?","R","M","R","M","R","BOSS"],"build_version":"2018-11-15","purchased_purges":1,"victory":false,"max_hp_per_floor":[82,82,82,82,82,82,82,82,82,82,82,82,82,82,82,82,82,82,82,82,82,82,82,82,87,87,87,87,87,87,87,87,87],"card_choices":[{"not_picked":["Aggregate","Coolheaded"],"picked":"FTL","floor":1},{"not_picked":["Coolheaded","Go for the Eyes"],"picked":"Gash","floor":2},{"not_picked":["Auto Shields","Go for the Eyes"],"picked":"Steam","floor":3},{"not_picked":["Barrage","Compile Driver"],"picked":"Cold Snap","floor":5},{"not_picked":["Rip and Tear","Stack"],"picked":"Steam Power","floor":8},{"not_picked":["Beam Cell","Streamline"],"picked":"Seek","floor":10},{"not_picked":["Beam Cell","Consume"],"picked":"Storm","floor":11},{"not_picked":["Double Energy","Sweeping Beam"],"picked":"Steam","floor":12},{"not_picked":["Scrape","Lockon","Self Repair"],"picked":"SKIP","floor":13},{"not_picked":["Machine Learning","Beam Cell"],"picked":"Ball Lightning","floor":14},{"not_picked":["Rainbow","Seek"],"picked":"Electrodynamics","floor":16},{"not_picked":["Stack+1","Go for the Eyes+1"],"picked":"Leap","floor":18},{"not_picked":["Blizzard","Leap"],"picked":"Cold Snap+1","floor":19},{"not_picked":["Hologram","Cold Snap"],"picked":"Capacitor+1","floor":20},{"not_picked":["All For One","Hello World+1"],"picked":"Conserve Battery","floor":23},{"not_picked":["Barrage","Beam Cell+1","Lockon+1"],"picked":"SKIP","floor":24},{"not_picked":["Blizzard","Rip and Tear+1"],"picked":"Go for the Eyes","floor":25},{"not_picked":["Compile Driver+1","Beam Cell"],"picked":"Capacitor+1","floor":28},{"not_picked":["Coolheaded","Force Field"],"picked":"Gash","floor":29},{"not_picked":["Self Repair","Hello World"],"picked":"Ball Lightning+1","floor":30},{"not_picked":["Sweeping Beam","Compile Driver"],"picked":"Barrage","floor":31},{"not_picked":["Reinforced Body+1","Double Energy"],"picked":"Tempest","floor":32}],"player_experience":15847,"relics_obtained":[{"floor":9,"key":"PreservedInsect"},{"floor":14,"key":"War Paint"},{"floor":23,"key":"Orichalcum"},{"floor":26,"key":"Dream Catcher"}],"event_choices":[{"damage_healed":0,"gold_gain":0,"player_choice":"2 cards matched","damage_taken":0,"max_hp_gain":0,"max_hp_loss":0,"event_name":"Match and Keep!","floor":4,"gold_loss":0,"cards_obtained":["Mind Blast","Self Repair"]},{"damage_healed":0,"gold_gain":0,"player_choice":"Got Potions","damage_taken":0,"max_hp_gain":0,"max_hp_loss":0,"event_name":"Lab","floor":21,"gold_loss":0},{"damage_healed":0,"gold_gain":99,"player_choice":"Stole From Cult","damage_taken":0,"max_hp_gain":0,"max_hp_loss":0,"event_name":"Nest","floor":27,"gold_loss":0}],"is_beta":false,"boss_relics":[{"not_picked":["FrozenCore","Orrery"],"picked":"Inserter"}],"items_purged_floors":[22],"is_endless":false,"potions_floor_spawned":[1,5,8,11,16,23,25,31],"killed_by":"Automaton","ascension_level":0}