{"gold_per_floor":[361,261,261,274,288,322,322,247,327,327,327,414,425,454,454,454],"floor_reached":16,"playtime":799,"items_purged":[],"score":200,"play_id":"8f488df4-be46-4868-b0ee-cb532ba624cb","local_time":"20190403104552","is_ascension_mode":true,"campfire_choices":[{"data":"Buffer","floor":7,"key":"SMITH"},{"data":"Zap","floor":10,"key":"SMITH"},{"data":"Consume","floor":15,"key":"SMITH"}],"neow_cost":"TEN_PERCENT_HP_LOSS","seed_source_timestamp":95471514593767,"circlet_count":0,"master_deck":["AscendersBane","Strike_B","Strike_B","Strike_B","Defend_B","Defend_B","Defend_B","Defend_B","Zap+1","Dualcast","White Noise","Ball Lightning","Genetic Algorithm","Hologram","Buffer+1","Self Repair","Consume+1","Conserve Battery"],"relics":["Cracked Core","Potion Belt","Dodecahedron","Tiny Chest","Mango"],"potions_floor_usage":[14],"damage_taken":[{"damage":4,"enemies":"2 Louse","floor":1,"turns":3},{"damage":0,"enemies":"Small Slimes","floor":4,"turns":3},{"damage":1,"enemies":"Cultist","floor":5,"turns":4},{"damage":20,"enemies":"Gremlin Nob","floor":6,"turns":4},{"damage":0,"enemies":"3 Sentries","floor":12,"turns":4},{"damage":7,"enemies":"2 Fungi Beasts","floor":13,"turns":4},{"damage":10,"enemies":"Lagavulin","floor":14,"turns":8},{"damage":78,"enemies":"Hexaghost","floor":16,"turns":11}],"seed_played":"-2236058283172275783","potions_obtained":[{"floor":6,"key":"Ancient Potion"},{"floor":12,"key":"Poison Potion"}],"is_trial":false,"path_per_floor":["M","$","?","M","M","E","R","$","T","R","?","?","M","E","R","B"],"character_chosen":"DEFECT","items_purchased":["White Noise","Ball Lightning","Self Repair"],"campfire_rested":0,"item_purchase_floors":[2,2,8],"current_hp_per_floor":[60,60,53,53,52,32,32,32,32,32,53,60,60,71,71,0],"gold":454,"neow_bonus":"TWO_FIFTY_GOLD","is_prod":false,"is_daily":false,"chose_seed":false,"campfire_upgraded":3,"win_rate":0,"timestamp":1554255952,"path_taken":["M","$","?","M","M","E","R","$","T","R","?","?","M","E","R","BOSS"],"build_version":"2019-01-23","purchased_purges":0,"victory":false,"max_hp_per_floor":[64,64,64,64,64,64,64,64,64,64,64,64,64,78,78,78],"card_choices":[{"not_picked":["Stack","Turbo","Beam Cell"],"picked":"SKIP","floor":1},{"not_picked":["Double Energy","Redo"],"picked":"Genetic Algorithm","floor":4},{"not_picked":["Lockon","Tempest"],"picked":"Hologram","floor":5},{"not_picked":["Doom and Gloom","Hologram"],"picked":"Buffer","floor":6},{"not_picked":["Sweeping Beam","Stack"],"picked":"Consume","floor":12},{"not_picked":["Darkness","Ball Lightning"],"picked":"Conserve Battery","floor":13},{"not_picked":["Gash","Barrage","Blizzard"],"picked":"SKIP","floor":14}],"player_experience":452098,"relics_obtained":[{"floor":6,"key":"Potion Belt"},{"floor":9,"key":"Dodecahedron"},{"floor":14,"key":"Mango"}],"event_choices":[{"cards_removed":["Strike_B"],"damage_healed":0,"gold_gain":0,"player_choice":"Card Removal","damage_taken":7,"max_hp_gain":0,"max_hp_loss":0,"event_name":"Golden Wing","floor":3,"gold_loss":0},{"damage_healed":21,"gold_gain":0,"player_choice":"Banana","damage_taken":0,"max_hp_gain":0,"max_hp_loss":0,"event_name":"Big Fish","floor":11,"gold_loss":0},{"damage_healed":0,"gold_gain":0,"player_choice":"Searched \u00272\u0027 times","damage_taken":0,"relics_obtained":["Tiny Chest"],"max_hp_gain":0,"max_hp_loss":0,"event_name":"Dead Adventurer","floor":12,"gold_loss":0}],"is_beta":false,"boss_relics":[],"items_purged_floors":[],"is_endless":false,"potions_floor_spawned":[6,12],"killed_by":"Hexaghost","ascension_level":17}