{"gold_per_floor":[361,379,304,404,424,424,424,424,450,250,267,294,310,326,326,326],"floor_reached":16,"playtime":656,"items_purged":["Strike_R","Strike_R"],"score":102,"play_id":"961c2426-69ca-49cc-9d58-1dabaeb2bfca","local_time":"20190410015919","is_ascension_mode":false,"campfire_choices":[{"data":"Bash","floor":6,"key":"SMITH"},{"floor":8,"key":"REST"},{"data":"Shrug It Off","floor":15,"key":"SMITH"}],"neow_cost":"PERCENT_DAMAGE","seed_source_timestamp":254648379146128,"circlet_count":0,"master_deck":["Strike_R","Strike_R","Strike_R","Defend_R","Defend_R","Defend_R","Defend_R","Bash+1","Clash","Dropkick","Shrug It Off+1"],"relics":["Burning Blood","Pen Nib","Blue Candle"],"potions_floor_usage":[16,16,16],"damage_taken":[{"damage":6,"enemies":"2 Louse","floor":1,"turns":3},{"damage":1,"enemies":"Cultist","floor":2,"turns":3},{"damage":15,"enemies":"Jaw Worm","floor":5,"turns":4},{"damage":5,"enemies":"2 Fungi Beasts","floor":11,"turns":4},{"damage":25,"enemies":"Lagavulin","floor":12,"turns":6},{"damage":0,"enemies":"3 Louse","floor":13,"turns":3},{"damage":13,"enemies":"Large Slime","floor":14,"turns":6},{"damage":81,"enemies":"Slime Boss","floor":16,"turns":15}],"seed_played":"-4666570667845965907","potions_obtained":[{"floor":5,"key":"Weak Potion"},{"floor":11,"key":"EssenceOfSteel"},{"floor":14,"key":"Regen Potion"}],"is_trial":false,"path_per_floor":["M","M","$","?","M","R","?","R","T","$","M","E","M","M","R","B"],"character_chosen":"IRONCLAD","items_purchased":["Clash","Dropkick"],"campfire_rested":1,"item_purchase_floors":[10,10],"current_hp_per_floor":[56,61,61,61,52,52,52,76,76,76,77,58,64,57,57,0],"gold":326,"neow_bonus":"TWO_FIFTY_GOLD","is_prod":false,"is_daily":false,"chose_seed":false,"campfire_upgraded":2,"win_rate":0,"timestamp":1554886759,"path_taken":["M","M","$","?","?","R","?","R","T","$","M","E","M","M","R","BOSS"],"build_version":"2019-01-23","purchased_purges":2,"victory":false,"max_hp_per_floor":[80,80,80,80,80,80,80,80,80,80,80,80,80,80,80,80],"card_choices":[{"not_picked":["Warcry","Whirlwind","Metallicize"],"picked":"SKIP","floor":1},{"not_picked":["Disarm","Cleave","Searing Blow"],"picked":"SKIP","floor":2},{"not_picked":["Blood for Blood","Heavy Blade","Fire Breathing"],"picked":"SKIP","floor":5},{"not_picked":["Wild Strike","Clothesline","Iron Wave"],"picked":"SKIP","floor":11},{"not_picked":["Corruption","Cleave"],"picked":"Shrug It Off","floor":12},{"not_picked":["Wild Strike","Headbutt","Metallicize"],"picked":"SKIP","floor":13},{"not_picked":["Rupture","True Grit","Disarm"],"picked":"SKIP","floor":14}],"player_experience":545277,"relics_obtained":[{"floor":9,"key":"Pen Nib"},{"floor":12,"key":"Blue Candle"}],"event_choices":[{"damage_healed":0,"gold_gain":100,"player_choice":"Pray","damage_taken":0,"max_hp_gain":0,"max_hp_loss":0,"event_name":"Golden Shrine","floor":4,"gold_loss":0},{"damage_healed":0,"gold_gain":0,"player_choice":"Ignored","damage_taken":0,"max_hp_gain":0,"max_hp_loss":0,"event_name":"Liars Game","floor":7,"gold_loss":0}],"is_beta":false,"boss_relics":[],"items_purged_floors":[3,10],"is_endless":false,"potions_floor_spawned":[5,11,14],"killed_by":"Slime Boss","ascension_level":0}