{"gold_per_floor":[114,189,206,220,230,258,258,288,288,264,264,284,211,223,223,328,328,338,338,348,348,362,397,26,43,89,107,107,119,137,137],"floor_reached":31,"playtime":2648,"items_purged":["Aggregate"],"score":271,"play_id":"f49c8d11-e273-4038-8e38-503dfe711221","local_time":"20190404155138","is_ascension_mode":false,"campfire_choices":[{"floor":7,"key":"REST"},{"floor":11,"key":"REST"},{"floor":15,"key":"REST"},{"floor":28,"key":"REST"}],"neow_cost":"NONE","seed_source_timestamp":20023473110613,"circlet_count":0,"master_deck":["Strike_B","Strike_B","Strike_B","Strike_B","Defend_B","Defend_B","Defend_B","Defend_B","Zap","Dualcast","Conserve Battery","Sunder","White Noise","Reboot","Double Energy","Turbo","Reinforced Body","Tempest","Storm","Amplify","Steam","Hologram","Fusion+1","Steam","Steam","White Noise","Thinking Ahead","BootSequence","Turbo","Coolheaded","Conserve Battery"],"relics":["Cracked Core","Mercury Hourglass","Lantern","Ancient Tea Set","Sozu","Molten Egg 2","Boot"],"potions_floor_usage":[25,25],"damage_taken":[{"damage":7,"enemies":"Jaw Worm","floor":1,"turns":3},{"damage":1,"enemies":"Small Slimes","floor":3,"turns":3},{"damage":0,"enemies":"Cultist","floor":4,"turns":3},{"damage":13,"enemies":"Gremlin Gang","floor":5,"turns":6},{"damage":19,"enemies":"Lagavulin","floor":6,"turns":7},{"damage":27,"enemies":"Gremlin Nob","floor":8,"turns":4},{"damage":15,"enemies":"Exordium Thugs","floor":12,"turns":3},{"damage":2,"enemies":"2 Fungi Beasts","floor":14,"turns":2},{"damage":32,"enemies":"Hexaghost","floor":16,"turns":9},{"damage":34,"enemies":"3 Byrds","floor":18,"turns":4},{"damage":0,"enemies":"Spheric Guardian","floor":20,"turns":2},{"damage":23,"enemies":"3 Cultists","floor":22,"turns":6},{"damage":18,"enemies":"Gremlin Leader","floor":23,"turns":6},{"damage":0,"enemies":"Chosen and Byrds","floor":25,"turns":5},{"damage":0,"enemies":"Sentry and Sphere","floor":27,"turns":3},{"damage":22,"enemies":"3 Cultists","floor":29,"turns":4},{"damage":0,"enemies":"Chosen and Byrds","floor":30,"turns":4},{"damage":11,"enemies":"Centurion and Healer","floor":31,"turns":3}],"seed_played":"4992733272464152178","potions_obtained":[{"floor":3,"key":"Strength Potion"},{"floor":6,"key":"FearPotion"},{"floor":8,"key":"SteroidPotion"},{"floor":12,"key":"Block Potion"},{"floor":14,"key":"Weak Potion"}],"is_trial":false,"path_per_floor":["?","$","?","?","M","M"],"character_chosen":"DEFECT","items_purchased":["Turbo","Tempest","Steam","White Noise","Thinking Ahead"],"campfire_rested":4,"item_purchase_floors":[10,13,24,24,24],"current_hp_per_floor":[75,64,63,63,50,31,55,28,28,28,52,37,37,35,59,27,82,48,48,48,48,25,7,7,7,7,7,31,9,9,0],"gold":137,"neow_bonus":"TEN_PERCENT_HP_BONUS","is_prod":false,"is_daily":false,"chose_seed":false,"campfire_upgraded":0,"win_rate":0.0,"timestamp":1554385898,"path_taken":["M","?","M","M","M","E","R","E","T","$","R","M","?","M","R","BOSS","M","?","M","?","M","E","$","?","T","M","R","M","?","M"],"build_version":"2019-01-23","purchased_purges":1,"victory":false,"max_hp_per_floor":[82,82,82,82,82,82,82,82,82,82,82,82,82,82,82,82,82,82,82,82,82,82,82,82,82,82,82,82,82,82,82],"card_choices":[{"not_picked":["Steam","Consume"],"picked":"Conserve Battery","floor":1},{"not_picked":["Capacitor","Sweeping Beam"],"picked":"Sunder","floor":3},{"not_picked":["Ball Lightning","Tempest"],"picked":"Aggregate","floor":4},{"not_picked":["Static Discharge","Sweeping Beam"],"picked":"White Noise","floor":5},{"not_picked":["Scrape","Gash"],"picked":"Reboot","floor":6},{"not_picked":["Conserve Battery","Reinforced Body"],"picked":"Double Energy","floor":8},{"not_picked":["Compile Driver","Steam"],"picked":"Reinforced Body","floor":12},{"not_picked":["Rebound","Sweeping Beam"],"picked":"Storm","floor":14},{"not_picked":["Creative AI","Reboot"],"picked":"Amplify","floor":16},{"not_picked":["Coolheaded","Beam Cell"],"picked":"Steam","floor":18},{"not_picked":["Beam Cell","Rip and Tear"],"picked":"Hologram","floor":20},{"not_picked":["Sweeping Beam+1","Reinforced Body+1"],"picked":"Fusion+1","floor":22},{"not_picked":["Reinforced Body","Aggregate"],"picked":"Steam","floor":23},{"not_picked":["Tempest","Gash+1"],"picked":"BootSequence","floor":25},{"not_picked":["Auto Shields","Conserve Battery"],"picked":"Turbo","floor":27},{"not_picked":["Loop+1","Doom and Gloom+1"],"picked":"Coolheaded","floor":29},{"not_picked":["Barrage+1","Beam Cell+1"],"picked":"Conserve Battery","floor":30}],"player_experience":31013,"relics_obtained":[{"floor":6,"key":"Mercury Hourglass"},{"floor":8,"key":"Lantern"},{"floor":9,"key":"Ancient Tea Set"},{"floor":23,"key":"Molten Egg 2"},{"floor":26,"key":"Boot"}],"event_choices":[{"damage_healed":0,"gold_gain":75,"player_choice":"Gather Gold","damage_taken":11,"max_hp_gain":0,"max_hp_loss":0,"event_name":"World of Goop","floor":2,"gold_loss":0},{"damage_healed":0,"gold_gain":0,"player_choice":"Ignored","damage_taken":0,"max_hp_gain":0,"max_hp_loss":0,"event_name":"Ghosts","floor":19,"gold_loss":0},{"damage_healed":0,"gold_gain":0,"player_choice":"Got Potions","damage_taken":0,"max_hp_gain":0,"max_hp_loss":0,"event_name":"Lab","floor":21,"gold_loss":0}],"is_beta":false,"boss_relics":[{"not_picked":["Inserter","Eternal Feather"],"picked":"Sozu"}],"items_purged_floors":[24],"is_endless":false,"potions_floor_spawned":[3,6,8,12,14,22,27,30],"killed_by":"Centurion and Healer","ascension_level":0}