{"gold_per_floor":[169,180,198,348,365,365,182,182,205,205,215,215,215,243,243,315,315,333,333,333,247,247,247],"floor_reached":23,"playtime":814,"items_purged":["Doubt"],"score":365,"play_id":"858a4c98-ddda-477a-a1c7-582e80211722","local_time":"20190406105902","is_ascension_mode":true,"campfire_choices":[{"data":"Zap","floor":6,"key":"SMITH"},{"data":"Loop","floor":8,"key":"SMITH"},{"data":"Go for the Eyes","floor":10,"key":"SMITH"},{"floor":13,"key":"REST"},{"data":"Dualcast","floor":15,"key":"SMITH"}],"neow_cost":"NONE","seed_source_timestamp":145118285391384,"circlet_count":0,"master_deck":["AscendersBane","Strike_B","Strike_B","Strike_B+1","Defend_B","Defend_B","Defend_B","Defend_B","Zap+1","Dualcast+1","Ball Lightning","Chill","Melter","Go for the Eyes+1","Loop+1","Ball Lightning","Seek","Capacitor","White Noise","RitualDagger"],"relics":["Tiny House","Potion Belt","Vajra","Fusion Hammer"],"potions_floor_usage":[14,18],"damage_taken":[{"damage":9,"enemies":"2 Louse","floor":1,"turns":2},{"damage":7,"enemies":"Jaw Worm","floor":2,"turns":4},{"damage":0,"enemies":"Cultist","floor":3,"turns":4},{"damage":16,"enemies":"3 Louse","floor":5,"turns":4},{"damage":12,"enemies":"Looter","floor":11,"turns":3},{"damage":6,"enemies":"3 Sentries","floor":14,"turns":7},{"damage":24,"enemies":"Slime Boss","floor":16,"turns":8},{"damage":27,"enemies":"3 Byrds","floor":18,"turns":4},{"damage":6,"enemies":"Gremlin Leader","floor":23,"turns":1}],"seed_played":"-8780036275522682223","potions_obtained":[{"floor":0,"key":"Fire Potion"},{"floor":3,"key":"Ancient Potion"},{"floor":5,"key":"Weak Potion"},{"floor":14,"key":"Energy Potion"},{"floor":18,"key":"Strength Potion"}],"is_trial":false,"path_per_floor":["M","M","M","?","M","R","$","R","T","R","M","?","R","E","R","B",null,"M","$","?","$","?","E"],"character_chosen":"DEFECT","items_purchased":["Loop","Ball Lightning","White Noise"],"campfire_rested":1,"item_purchase_floors":[7,7,21],"current_hp_per_floor":[60,53,53,53,37,37,37,37,37,37,25,25,47,41,41,17,61,34,34,12,12,6,0],"gold":247,"neow_bonus":"BOSS_RELIC","is_prod":false,"is_daily":false,"chose_seed":false,"campfire_upgraded":4,"win_rate":0,"timestamp":1554515942,"path_taken":["M","M","M","?","M","R","$","R","T","R","M","?","R","E","R","BOSS","M","$","?","$","?","E"],"build_version":"2019-01-23","purchased_purges":1,"victory":false,"max_hp_per_floor":[76,76,76,76,76,76,76,76,76,76,76,76,76,76,76,76,76,76,76,81,81,81,81],"card_choices":[{"not_picked":["Consume","White Noise"],"picked":"Ball Lightning","floor":0},{"not_picked":["Barrage","Tempest"],"picked":"Chill","floor":1},{"not_picked":["Turbo","Chaos","Blizzard"],"picked":"SKIP","floor":2},{"not_picked":["Beam Cell","Heatsinks"],"picked":"Melter","floor":3},{"not_picked":["Turbo","Recycle"],"picked":"Go for the Eyes","floor":5},{"not_picked":["Redo","Streamline","Melter"],"picked":"SKIP","floor":11},{"not_picked":["Streamline","Barrage","Darkness"],"picked":"SKIP","floor":14},{"not_picked":["Meteor Strike","Amplify"],"picked":"Seek","floor":16},{"not_picked":["Compile Driver","Hello World+1"],"picked":"Capacitor","floor":18}],"player_experience":481870,"relics_obtained":[{"floor":9,"key":"Potion Belt"},{"floor":14,"key":"Vajra"}],"event_choices":[{"damage_healed":0,"gold_gain":150,"player_choice":"AGREE","damage_taken":0,"max_hp_gain":0,"max_hp_loss":0,"event_name":"Liars Game","floor":4,"gold_loss":0,"cards_obtained":["Doubt"]},{"cards_removed":["Strike_B"],"damage_healed":0,"gold_gain":0,"player_choice":"Forget","damage_taken":0,"max_hp_gain":0,"max_hp_loss":0,"event_name":"Living Wall","floor":12,"gold_loss":0},{"damage_healed":0,"gold_gain":0,"player_choice":"Shed Blood","damage_taken":27,"max_hp_gain":5,"max_hp_loss":0,"event_name":"Forgotten Altar","floor":20,"gold_loss":0},{"damage_healed":0,"gold_gain":0,"player_choice":"Joined the Cult","damage_taken":6,"max_hp_gain":0,"max_hp_loss":0,"event_name":"Nest","floor":22,"gold_loss":0,"cards_obtained":["RitualDagger"]}],"is_beta":false,"boss_relics":[{"not_picked":["Orrery","White Beast Statue"],"picked":"Fusion Hammer"}],"items_purged_floors":[7],"is_endless":false,"potions_floor_spawned":[3,5,14,18],"killed_by":"Gremlin Leader","ascension_level":19}