{"gold_per_floor":[111,111,61,61,77,103,118,118,144,144,158,187,187,203,203,299,299,315,332,332],"floor_reached":20,"playtime":803,"items_purged":[],"score":209,"play_id":"b3a562e0-f6a6-4cd1-9136-b6749deb96fe","local_time":"20181124171808","is_ascension_mode":false,"campfire_choices":[{"data":"Fire Breathing","floor":8,"key":"SMITH"},{"floor":15,"key":"REST"}],"neow_cost":"NONE","seed_source_timestamp":666122138637724,"circlet_count":0,"master_deck":["Strike_R","Strike_R","Strike_R","Defend_R","Defend_R+1","Defend_R","Bash","Fire Breathing+1","Anger+1","Shrug It Off","Inflame","Perfected Strike","Shrug It Off","Parasite","Spot Weakness","Limit Break","Flex","Iron Wave"],"relics":["Burning Blood","Regal Pillow","Pear","Oddly Smooth Stone","Pen Nib","Empty Cage"],"potions_floor_usage":[],"damage_taken":[{"damage":0,"enemies":"Small Slimes","floor":1,"turns":5},{"damage":4,"enemies":"Jaw Worm","floor":5,"turns":8},{"damage":40,"enemies":"Lagavulin","floor":6,"turns":7},{"damage":3,"enemies":"2 Louse","floor":7,"turns":4},{"damage":0,"enemies":"Looter","floor":11,"turns":4},{"damage":33,"enemies":"Gremlin Nob","floor":12,"turns":5},{"damage":19,"enemies":"Exordium Thugs","floor":14,"turns":8},{"damage":43,"enemies":"Hexaghost","floor":16,"turns":9},{"damage":16,"enemies":"Shell Parasite","floor":18,"turns":6},{"damage":31,"enemies":"3 Byrds","floor":19,"turns":7},{"damage":64,"enemies":"Cultist and Chosen","floor":20,"turns":6}],"seed_played":"-3842538731821471387","potions_obtained":[{"floor":5,"key":"Fire Potion"},{"floor":6,"key":"Poison Potion"},{"floor":11,"key":"FearPotion"}],"is_trial":false,"path_per_floor":["M","?","?","T","M","E","M","R","T","?","M","E","?","M","R","B",null,"M","M","M"],"character_chosen":"IRONCLAD","items_purchased":[],"campfire_rested":1,"item_purchase_floors":[],"current_hp_per_floor":[88,88,88,88,88,64,67,67,67,47,53,26,50,37,81,44,98,88,63,0],"gold":332,"neow_bonus":"TEN_PERCENT_HP_BONUS","is_prod":false,"is_daily":false,"chose_seed":false,"campfire_upgraded":1,"win_rate":0.0,"timestamp":1543101488,"path_taken":["M","?","?","?","M","E","M","R","T","?","M","E","?","M","R","BOSS","M","M","M"],"build_version":"2018-11-15","purchased_purges":0,"victory":false,"max_hp_per_floor":[88,88,88,88,88,98,98,98,98,98,98,98,98,98,98,98,98,98,98,98],"card_choices":[{"not_picked":["Sword Boomerang","Clothesline"],"picked":"Fire Breathing","floor":1},{"not_picked":["Cleave","Warcry"],"picked":"Anger","floor":5},{"not_picked":["Dual Wield","Impervious"],"picked":"Shrug It Off","floor":6},{"not_picked":["Ghostly Armor","Body Slam"],"picked":"Inflame","floor":7},{"not_picked":["Cleave","Shockwave"],"picked":"Perfected Strike","floor":11},{"not_picked":["True Grit","Immolate"],"picked":"Shrug It Off","floor":12},{"not_picked":["Clash","Iron Wave"],"picked":"Spot Weakness","floor":14},{"not_picked":["Barricade","Bludgeon"],"picked":"Limit Break","floor":16},{"not_picked":["Searing Blow","Clothesline"],"picked":"Flex","floor":18},{"not_picked":["Intimidate","Anger"],"picked":"Iron Wave","floor":19}],"player_experience":23966,"relics_obtained":[{"floor":4,"key":"Regal Pillow"},{"floor":6,"key":"Pear"},{"floor":9,"key":"Oddly Smooth Stone"},{"floor":12,"key":"Pen Nib"}],"event_choices":[{"damage_healed":0,"gold_gain":0,"player_choice":"Ignored","damage_taken":0,"max_hp_gain":0,"max_hp_loss":0,"event_name":"Golden Idol","floor":2,"gold_loss":0},{"cards_removed":["Strike_R"],"damage_healed":0,"gold_gain":0,"player_choice":"Card Removal","damage_taken":0,"max_hp_gain":0,"max_hp_loss":0,"event_name":"The Cleric","floor":3,"gold_loss":50},{"damage_healed":0,"gold_gain":0,"player_choice":"Entered Light","damage_taken":20,"max_hp_gain":0,"max_hp_loss":0,"event_name":"Shining Light","floor":10,"gold_loss":0,"cards_upgraded":["Defend_R","Anger"]},{"damage_healed":24,"gold_gain":0,"player_choice":"Healed and dodged fight","damage_taken":0,"max_hp_gain":0,"max_hp_loss":0,"event_name":"Mushrooms","floor":13,"gold_loss":0,"cards_obtained":["Parasite"]}],"is_beta":false,"boss_relics":[{"not_picked":["Snecko Eye","Mark of Pain"],"picked":"Empty Cage"}],"items_purged_floors":[],"is_endless":false,"potions_floor_spawned":[5,6,11,16,18],"killed_by":"Cultist and Chosen","ascension_level":0}