{"gold_per_floor":[109,109,109,109,132,132,163,163,163,184,184,27,45,76,76,175,175,200,200,90,68,89,89,105,105],"floor_reached":25,"playtime":1083,"items_purged":[],"score":401,"play_id":"b86af6a9-f2b6-42ef-82b0-f77807e16453","local_time":"20190403205455","is_ascension_mode":true,"campfire_choices":[{"floor":6.0,"key":"REST"},{"data":"Reinforced Body","floor":8.0,"key":"SMITH"},{"floor":11.0,"key":"REST"},{"floor":15.0,"key":"REST"},{"floor":23,"key":"REST"}],"neow_cost":"NONE","seed_source_timestamp":0,"circlet_count":0,"master_deck":["AscendersBane","Strike_B","Strike_B","Strike_B","Strike_B","Defend_B","Defend_B","Defend_B","Defend_B","Zap+1","Dualcast","Ball Lightning","Reinforced Body+1","White Noise","Chill","Seek","Capacitor","Tempest","Glacier","Machine Learning","Glacier","RitualDagger","Self Repair","FTL","Chill","Conserve Battery","Leap+1"],"special_seed":0,"relics":["Black Star","Mercury Hourglass","Golden Idol","Pear","Calipers","Matryoshka","Oddly Smooth Stone","Bag of Marbles","Velvet Choker"],"potions_floor_usage":[22,25,25],"damage_taken":[{"damage":0.0,"enemies":"Cultist","floor":1.0,"turns":3.0},{"damage":3.0,"enemies":"2 Louse","floor":5.0,"turns":2.0},{"damage":20.0,"enemies":"3 Sentries","floor":7.0,"turns":8.0},{"damage":5.0,"enemies":"Small Slimes","floor":10.0,"turns":3.0},{"damage":14.0,"enemies":"Exordium Thugs","floor":13.0,"turns":4.0},{"damage":11.0,"enemies":"Gremlin Nob","floor":14.0,"turns":3.0},{"damage":26,"enemies":"Slime Boss","floor":16,"turns":8},{"damage":13,"enemies":"Chosen","floor":18,"turns":5},{"damage":16,"enemies":"2 Thieves","floor":21,"turns":4},{"damage":34,"enemies":"Snake Plant","floor":22,"turns":4},{"damage":15,"enemies":"Snecko","floor":24,"turns":7},{"damage":34,"enemies":"Slavers","floor":25,"turns":3}],"seed_played":"2777761958989376665","potions_obtained":[{"floor":13.0,"key":"Energy Potion"},{"floor":16,"key":"FearPotion"},{"floor":22,"key":"SpeedPotion"},{"floor":24,"key":"EntropicBrew"}],"is_trial":false,"path_per_floor":["M","?","?","?","M","R","E","R","T","M","R","$","M","E","R","B",null,"M","?","$","M","M","R","M","E"],"character_chosen":"DEFECT","items_purchased":["Seek","Capacitor","Self Repair","FTL"],"campfire_rested":4,"item_purchase_floors":[12,12,20,20],"current_hp_per_floor":[64,53,29,29,26,47,37,37,37,32,56,56,42,31,55,29,68,55,49,49,40,13,37,22,0],"gold":105,"neow_bonus":"BOSS_RELIC","is_prod":false,"is_daily":false,"chose_seed":false,"campfire_upgraded":1,"win_rate":0,"timestamp":1554292495,"path_taken":["M","?","?","?","M","R","E","R","T","M","R","$","M","E","R","BOSS","M","?","$","M","M","R","M","E"],"build_version":"2019-01-23","purchased_purges":0,"victory":false,"max_hp_per_floor":[71,71,71,71,71,71,81,81,81,81,81,81,81,81,81,81,81,81,81,81,81,81,81,81,81],"card_choices":[{"not_picked":["Streamline","Go for the Eyes"],"picked":"Ball Lightning","floor":1.0},{"not_picked":["Leap","Sweeping Beam"],"picked":"Reinforced Body","floor":5.0},{"not_picked":["Redo","Compile Driver"],"picked":"White Noise","floor":7.0},{"not_picked":["Conserve Battery","Redo"],"picked":"Chill","floor":10.0},{"not_picked":["Barrage","Scrape"],"picked":"Tempest","floor":13.0},{"not_picked":["Undo","Redo"],"picked":"Glacier","floor":14.0},{"not_picked":["Reboot","Amplify"],"picked":"Machine Learning","floor":16},{"not_picked":["Steam","Beam Cell"],"picked":"Glacier","floor":18},{"not_picked":["Gash","Conserve Battery"],"picked":"Chill","floor":21},{"not_picked":["Beam Cell+1","Gash"],"picked":"Conserve Battery","floor":22},{"not_picked":["Compile Driver","Barrage"],"picked":"Leap+1","floor":24}],"player_experience":466142,"relics_obtained":[{"floor":7.0,"key":"Pear"},{"floor":7.0,"key":"Calipers"},{"floor":9.0,"key":"Matryoshka"},{"floor":14.0,"key":"Oddly Smooth Stone"},{"floor":14.0,"key":"Bag of Marbles"}],"event_choices":[{"damage_healed":0.0,"max_hp_gain":0.0,"max_hp_loss":0.0,"gold_gain":0.0,"event_name":"Scrap Ooze","player_choice":"Success","floor":2.0,"gold_loss":0.0,"damage_taken":11.0,"relics_obtained":["Mercury Hourglass"]},{"damage_healed":0.0,"max_hp_gain":0.0,"max_hp_loss":0.0,"gold_gain":0.0,"event_name":"Golden Idol","player_choice":"Take Damage","floor":3.0,"gold_loss":0.0,"damage_taken":24.0,"relics_obtained":["Golden Idol"]},{"damage_healed":0.0,"max_hp_gain":0.0,"max_hp_loss":0.0,"gold_gain":0.0,"event_name":"Upgrade Shrine","player_choice":"Upgraded","floor":4.0,"gold_loss":0.0,"damage_taken":0.0,"cards_upgraded":["Zap"]},{"damage_healed":0,"gold_gain":0,"player_choice":"Joined the Cult","damage_taken":6,"max_hp_gain":0,"max_hp_loss":0,"event_name":"Nest","floor":19,"gold_loss":0,"cards_obtained":["RitualDagger"]}],"is_beta":false,"boss_relics":[{"not_picked":["Eternal Feather","Runic Pyramid"],"picked":"Velvet Choker"}],"items_purged_floors":[],"is_endless":false,"potions_floor_spawned":[13,16,22,24],"killed_by":"Slavers","ascension_level":18}