{"gold_per_floor":[115,131,131,81,91,118,118,132,132,147,159,159,220,246,246,343,343,357,457,457,470,181,206,206,231,231,59,74,87,105,115,115,212,212,224,238,164,184,196,223,223,242,268,268,300,300,335,348,348,348],"floor_reached":51,"playtime":4178,"items_purged":["Strike_R","Strike_R"],"score":891,"play_id":"b3d88f13-59ba-40e1-8ad3-714d2f7dcafc","local_time":"20190410015433","is_ascension_mode":false,"campfire_choices":[{"data":"Clothesline","floor":7,"key":"SMITH"},{"data":"Armaments","floor":12,"key":"SMITH"},{"floor":15,"key":"REST"},{"data":"Disarm","floor":24,"key":"SMITH"},{"data":"Offering","floor":32,"key":"SMITH"},{"data":"Flame Barrier","floor":41,"key":"SMITH"},{"data":"Spot Weakness","floor":44,"key":"SMITH"},{"data":"Demon Form","floor":46,"key":"SMITH"},{"data":"Battle Trance","floor":49,"key":"SMITH"}],"neow_cost":"NONE","seed_source_timestamp":384977501160800,"circlet_count":0,"master_deck":["Strike_R","Strike_R+1","Defend_R","Defend_R","Defend_R","Defend_R","Bash+1","Clothesline+1","Armaments+1","Headbutt","Battle Trance+1","Iron Wave","Battle Trance","Pommel Strike+1","Fiend Fire+1","Flame Barrier+1","Corruption","Bludgeon+1","Headbutt+1","Enlightenment","Disarm+1","Clothesline+1","Exhume","Flame Barrier+1","Feel No Pain","Pommel Strike+1","Power Through+1","Rampage+1","Offering+1","Feed+1","Metallicize+1","Spot Weakness+1","Heavy Blade+1","Demon Form+1","Clothesline+1"],"relics":["Burning Blood","Blue Candle","Self Forming Clay","Molten Egg 2","Anchor","Snecko Eye","Unceasing Top","Singing Bowl","PreservedInsect","Torii","Blood Vial","Runic Dome","Orichalcum","Red Skull","Ornamental Fan","Ginger"],"potions_floor_usage":[6,8,13,19,19,21,35,40,50,50],"damage_taken":[{"damage":0,"enemies":"2 Louse","floor":1,"turns":2},{"damage":3,"enemies":"Jaw Worm","floor":2,"turns":3},{"damage":0,"enemies":"Small Slimes","floor":5,"turns":4},{"damage":36,"enemies":"3 Sentries","floor":6,"turns":11},{"damage":2,"enemies":"2 Fungi Beasts","floor":8,"turns":3},{"damage":4,"enemies":"Blue Slaver","floor":10,"turns":3},{"damage":16,"enemies":"Lots of Slimes","floor":11,"turns":5},{"damage":5,"enemies":"Gremlin Nob","floor":13,"turns":3},{"damage":22,"enemies":"Lagavulin","floor":14,"turns":8},{"damage":5,"enemies":"The Guardian","floor":16,"turns":14},{"damage":5,"enemies":"2 Thieves","floor":18,"turns":5},{"damage":21,"enemies":"Colosseum Slavers","floor":19,"turns":3},{"damage":7,"enemies":"Colosseum Nobs","floor":19,"turns":4},{"damage":0,"enemies":"Chosen","floor":21,"turns":2},{"damage":0,"enemies":"Book of Stabbing","floor":23,"turns":3},{"damage":4,"enemies":"Slavers","floor":25,"turns":3},{"damage":0,"enemies":"Snake Plant","floor":28,"turns":2},{"damage":0,"enemies":"Centurion and Healer","floor":29,"turns":3},{"damage":0,"enemies":"3 Cultists","floor":30,"turns":4},{"damage":0,"enemies":"Shelled Parasite and Fungi","floor":31,"turns":2},{"damage":27,"enemies":"Champ","floor":33,"turns":8},{"damage":28,"enemies":"3 Darklings","floor":35,"turns":6},{"damage":6,"enemies":"3 Shapes","floor":36,"turns":6},{"damage":0,"enemies":"Transient","floor":38,"turns":5},{"damage":0,"enemies":"Spire Growth","floor":39,"turns":2},{"damage":7,"enemies":"Reptomancer","floor":40,"turns":5},{"damage":6,"enemies":"Jaw Worm Horde","floor":42,"turns":5},{"damage":1,"enemies":"Giant Head","floor":45,"turns":6},{"damage":0,"enemies":"Nemesis","floor":47,"turns":3},{"damage":0,"enemies":"Transient","floor":48,"turns":5},{"damage":42,"enemies":"Awakened One","floor":50,"turns":8}],"seed_played":"-1314264295956644755","potions_obtained":[{"floor":0,"key":"FearPotion"},{"floor":0,"key":"Weak Potion"},{"floor":0,"key":"Ancient Potion"},{"floor":5,"key":"BloodPotion"},{"floor":6,"key":"Regen Potion"},{"floor":11,"key":"Poison Potion"},{"floor":14,"key":"Energy Potion"},{"floor":19,"key":"Fruit Juice"},{"floor":21,"key":"SteroidPotion"},{"floor":23,"key":"Regen Potion"},{"floor":31,"key":"SpeedPotion"},{"floor":35,"key":"Energy Potion"},{"floor":42,"key":"FearPotion"}],"is_trial":false,"path_per_floor":["M","M","?","?","M","E","R","M","T","M","M","R","?","E","R","B",null,"M","?","?","M","$","E","R","E","T","$","M","M","M","M","R","B",null,"M","M","$","M","M","E","R","M","T","R","E","R","E","M","R","B",null],"character_chosen":"IRONCLAD","items_purchased":["Enlightenment","Disarm","Clothesline+1","Feel No Pain","Spot Weakness"],"campfire_rested":1,"item_purchase_floors":[22,22,22,27,37],"current_hp_per_floor":[80,80,64,64,70,40,40,52,52,54,44,44,45,29,53,54,80,80,76,76,85,85,85,85,85,85,85,85,85,85,85,85,64,85,69,75,75,85,95,96,96,108,108,108,113,113,115,115,115,79],"gold":348,"neow_bonus":"THREE_SMALL_POTIONS","is_prod":false,"is_daily":false,"chose_seed":false,"campfire_upgraded":8,"win_rate":1,"timestamp":1554886473,"path_taken":["M","M","?","?","M","E","R","M","T","M","M","R","?","E","R","BOSS","M","?","?","?","?","E","R","E","T","$","M","M","M","?","R","BOSS","M","M","$","M","M","E","R","M","T","R","E","R","E","M","R","BOSS"],"build_version":"2019-01-23","purchased_purges":2,"victory":true,"max_hp_per_floor":[80,80,80,80,80,80,80,80,80,80,80,80,80,80,80,80,80,80,80,80,85,85,85,85,85,85,85,85,85,85,85,85,85,85,91,95,95,97,99,99,99,109,109,109,113,113,115,115,115,115],"card_choices":[{"not_picked":["Clash","Ghostly Armor"],"picked":"Clothesline","floor":1},{"not_picked":["Bloodletting","Body Slam","Havoc"],"picked":"SKIP","floor":2},{"not_picked":["Fire Breathing","Clash"],"picked":"Armaments","floor":5},{"not_picked":["Iron Wave","Perfected Strike"],"picked":"Headbutt","floor":6},{"not_picked":["Heavy Blade","Dropkick","Berserk"],"picked":"SKIP","floor":8},{"not_picked":["Heavy Blade","Dropkick","Berserk"],"picked":"SKIP","floor":8},{"not_picked":["Headbutt","Sentinel"],"picked":"Battle Trance","floor":10},{"not_picked":["True Grit","Sword Boomerang"],"picked":"Iron Wave","floor":11},{"not_picked":["Clothesline","Seeing Red"],"picked":"Battle Trance","floor":13},{"not_picked":["Thunderclap+1","Armaments"],"picked":"Pommel Strike+1","floor":14},{"not_picked":["Berserk","Impervious"],"picked":"Fiend Fire+1","floor":16},{"not_picked":["True Grit","Cleave+1"],"picked":"Flame Barrier","floor":18},{"not_picked":["Thunderclap+1","Dropkick+1"],"picked":"Corruption","floor":19},{"not_picked":["Wild Strike+1","Havoc"],"picked":"Headbutt+1","floor":21},{"not_picked":["Warcry","Barricade"],"picked":"Exhume","floor":23},{"not_picked":["Shrug It Off","Rupture"],"picked":"Flame Barrier+1","floor":25},{"not_picked":["Anger+1","Perfected Strike+1"],"picked":"Pommel Strike+1","floor":28},{"not_picked":["Body Slam+1","Rupture+1"],"picked":"Power Through+1","floor":29},{"not_picked":["Uppercut+1","Perfected Strike+1"],"picked":"Rampage+1","floor":30},{"not_picked":["Shrug It Off+1","Twin Strike+1"],"picked":"Offering","floor":31},{"not_picked":["Exhume","Dark Embrace"],"picked":"Feed+1","floor":33},{"not_picked":["Pommel Strike+1","Intimidate+1","Wild Strike+1"],"picked":"Singing Bowl","floor":35},{"not_picked":["Seeing Red+1","Burning Pact"],"picked":"Metallicize+1","floor":36},{"not_picked":["Warcry","Cleave+1","Thunderclap+1"],"picked":"Singing Bowl","floor":38},{"not_picked":["Warcry","Heavy Blade+1","Anger+1"],"picked":"Singing Bowl","floor":39},{"not_picked":["Intimidate","Armaments"],"picked":"Heavy Blade+1","floor":40},{"not_picked":["Juggernaut","Clothesline+1","Perfected Strike+1"],"picked":"Singing Bowl","floor":42},{"not_picked":["Twin Strike+1","Reckless Charge+1"],"picked":"Demon Form","floor":45},{"not_picked":["Inflame+1","Warcry","Pummel+1"],"picked":"Singing Bowl","floor":47},{"not_picked":["Ghostly Armor","Sword Boomerang+1"],"picked":"Clothesline+1","floor":48}],"player_experience":259037,"relics_obtained":[{"floor":6,"key":"Blue Candle"},{"floor":9,"key":"Self Forming Clay"},{"floor":13,"key":"Molten Egg 2"},{"floor":14,"key":"Anchor"},{"floor":19,"key":"Unceasing Top"},{"floor":19,"key":"Singing Bowl"},{"floor":23,"key":"PreservedInsect"},{"floor":25,"key":"Torii"},{"floor":26,"key":"Blood Vial"},{"floor":40,"key":"Orichalcum"},{"floor":43,"key":"Red Skull"},{"floor":45,"key":"Ornamental Fan"},{"floor":47,"key":"Ginger"}],"event_choices":[{"damage_healed":0,"gold_gain":0,"player_choice":"Entered Light","damage_taken":16,"max_hp_gain":0,"max_hp_loss":0,"event_name":"Shining Light","floor":3,"gold_loss":0,"cards_upgraded":["Strike_R","Bash"]},{"cards_removed":["Strike_R"],"damage_healed":0,"gold_gain":0,"player_choice":"Card Removal","damage_taken":0,"max_hp_gain":0,"max_hp_loss":0,"event_name":"The Cleric","floor":4,"gold_loss":50},{"damage_healed":0,"gold_gain":0,"player_choice":"Searched \u00271\u0027 times","damage_taken":0,"max_hp_gain":0,"max_hp_loss":0,"event_name":"Dead Adventurer","floor":13,"gold_loss":0},{"damage_healed":0,"gold_gain":0,"player_choice":"Fight","damage_taken":0,"max_hp_gain":0,"max_hp_loss":0,"event_name":"Colosseum","floor":19,"gold_loss":0},{"damage_healed":0,"gold_gain":0,"player_choice":"Fought Nobs","damage_taken":0,"max_hp_gain":0,"max_hp_loss":0,"event_name":"Colosseum","floor":19,"gold_loss":0},{"damage_healed":0,"gold_gain":0,"player_choice":"1 cards matched","damage_taken":0,"max_hp_gain":0,"max_hp_loss":0,"event_name":"Match and Keep!","floor":20,"gold_loss":0,"cards_obtained":["Bludgeon"]}],"is_beta":false,"boss_relics":[{"not_picked":["Pandora\u0027s Box","Runic Pyramid"],"picked":"Snecko Eye"},{"not_picked":["Astrolabe","White Beast Statue"],"picked":"Runic Dome"}],"items_purged_floors":[22,27],"is_endless":false,"potions_floor_spawned":[5,6,11,14,19,21,23,29,31,33,35,38,42,47],"ascension_level":0}