{"gold_per_floor":[116,129,7,22,37,62,76,76,76,96,112,112,132,158,158,255,255,195,195,195,213,213,246,246,274,297,297,212,239,270,285,285,388,388,402,52,69,89,109,135,135,135,135,164,264,277,217,229,229,229,229,229,44,75,75],"floor_reached":56,"playtime":8963,"items_purged":["Injury","Enlightenment"],"score":1532,"play_id":"4ecbcb99-0676-4c07-90d6-447ecc776f03","local_time":"20190416195747","is_ascension_mode":true,"campfire_choices":[{"floor":12,"key":"REST"},{"data":"Noxious Fumes","floor":15,"key":"SMITH"},{"floor":24,"key":"REST"},{"floor":27,"key":"REST"},{"data":"Prepared","floor":32,"key":"SMITH"},{"floor":41,"key":"REST"},{"floor":49,"key":"RECALL"},{"data":"Bouncing Flask","floor":52,"key":"SMITH"}],"neow_cost":"CURSE","seed_source_timestamp":795084225633,"circlet_count":0,"master_deck":["Defend_G","Defend_G","Defend_G","Defend_G","Defend_G","Strike_G","Strike_G","Survivor","Neutralize","Blind","Noxious Fumes+1","Bane","Prepared","Dodge and Roll","Endless Agony","Dodge and Roll","Cloak And Dagger","Prepared+1","Backflip","PiercingWail","Prepared","Prepared+1","Bouncing Flask+1","Adrenaline","Escape Plan+1","Calculated Gamble+1","PiercingWail","Quick Slash","Accuracy","Blur","Reflex","Blur+1"],"relics":["Ring of the Serpent","Paper Crane","Tough Bandages","The Courier","Ice Cream","Incense Burner","Snake Skull","Orichalcum","Strawberry","White Beast Statue","TwistedFunnel","Happy Flower","Prayer Wheel","Potion Belt","Juzu Bracelet","Mango","Bronze Scales","Shuriken"],"potions_floor_usage":[11,14,14,23,23,25,30,38,40,44,44,44,45,48,50,50,50,55,55,55],"damage_taken":[{"damage":5,"enemies":"Jaw Worm","floor":1,"turns":6},{"damage":0,"enemies":"Cultist","floor":2,"turns":5},{"damage":0,"enemies":"2 Louse","floor":4,"turns":3},{"damage":1,"enemies":"Large Slime","floor":5,"turns":7},{"damage":33,"enemies":"Lagavulin","floor":6,"turns":8},{"damage":6,"enemies":"3 Louse","floor":7,"turns":3},{"damage":4,"enemies":"Gremlin Gang","floor":10,"turns":4},{"damage":0,"enemies":"Blue Slaver","floor":11,"turns":7},{"damage":5,"enemies":"Lots of Slimes","floor":13,"turns":7},{"damage":8,"enemies":"Gremlin Nob","floor":14,"turns":4},{"damage":8,"enemies":"Hexaghost","floor":16,"turns":13},{"damage":4,"enemies":"2 Thieves","floor":18,"turns":4},{"damage":7,"enemies":"Chosen","floor":21,"turns":6},{"damage":40,"enemies":"Gremlin Leader","floor":23,"turns":12},{"damage":34,"enemies":"Slavers","floor":25,"turns":9},{"damage":0,"enemies":"Gremlin Leader","floor":30,"turns":9},{"damage":8,"enemies":"Centurion and Healer","floor":31,"turns":6},{"damage":19,"enemies":"Automaton","floor":33,"turns":11},{"damage":11,"enemies":"3 Shapes","floor":35,"turns":8},{"damage":0,"enemies":"Orb Walker","floor":37,"turns":4},{"damage":13,"enemies":"Jaw Worm Horde","floor":38,"turns":6},{"damage":11,"enemies":"4 Shapes","floor":39,"turns":4},{"damage":6,"enemies":"Nemesis","floor":40,"turns":11},{"damage":39,"enemies":"Giant Head","floor":44,"turns":11},{"damage":0,"enemies":"Mind Bloom Boss Battle","floor":45,"turns":7},{"damage":0,"enemies":"Sphere and 2 Shapes","floor":46,"turns":7},{"damage":0,"enemies":"Maw","floor":48,"turns":8},{"damage":0,"enemies":"Awakened One","floor":50,"turns":20},{"damage":8,"enemies":"Shield and Spear","floor":54,"turns":7},{"damage":80,"enemies":"The Heart","floor":55,"turns":14}],"seed_played":"-5203768260189901971","potions_obtained":[{"floor":2,"key":"FearPotion"},{"floor":6,"key":"SkillPotion"},{"floor":10,"key":"Regen Potion"},{"floor":11,"key":"FearPotion"},{"floor":16,"key":"Regen Potion"},{"floor":21,"key":"SkillPotion"},{"floor":23,"key":"Fruit Juice"},{"floor":25,"key":"EssenceOfSteel"},{"floor":35,"key":"Swift Potion"},{"floor":37,"key":"EntropicBrew"},{"floor":38,"key":"FearPotion"},{"floor":39,"key":"LiquidBronze"},{"floor":40,"key":"AttackPotion"},{"floor":44,"key":"Block Potion"},{"floor":45,"key":"EssenceOfSteel"},{"floor":46,"key":"Swift Potion"},{"floor":48,"key":"Weak Potion"},{"floor":54,"key":"SteroidPotion"}],"is_trial":false,"path_per_floor":["?","M","?","?","?","?","T","?","?","?"],"character_chosen":"THE_SILENT","items_purchased":["Prepared","TwistedFunnel","Happy Flower","Reflex","Bronze Scales"],"campfire_rested":4,"item_purchase_floors":[3,36,36,53,53],"current_hp_per_floor":[65,65,65,65,64,31,25,25,25,21,36,57,52,44,44,36,70,66,66,66,59,59,34,55,26,26,48,48,48,55,47,47,28,82,71,71,71,58,47,41,65,65,65,26,40,40,40,40,40,40,96,96,96,88,8],"gold":75,"neow_bonus":"RANDOM_COLORLESS_2","is_prod":false,"is_daily":false,"chose_seed":false,"campfire_upgraded":3,"win_rate":0,"timestamp":1555437467,"path_taken":["M","M","$","M","M","E","M","?","T","?","M","R","M","E","R","BOSS","M","?","?","M","?","E","R","E","T","R","?","?","E","M","R","BOSS","M","$","M","M","M","E","R","?","T","E","?","M","?","M","R","BOSS","R","$","E","BOSS"],"build_version":"2019-01-23","purchased_purges":2,"victory":true,"max_hp_per_floor":[70,70,70,70,70,70,70,70,70,70,70,70,70,70,70,70,70,70,70,70,70,70,70,70,75,75,75,75,75,82,82,82,82,82,82,82,82,82,82,82,82,82,82,82,96,96,96,96,96,96,96,96,96,96,96],"card_choices":[{"not_picked":["Quick Slash","Backflip"],"picked":"Noxious Fumes","floor":1},{"not_picked":["Reflex","Dagger Spray"],"picked":"Bane","floor":2},{"not_picked":["Blade Dance","Slice"],"picked":"Dodge and Roll","floor":4},{"not_picked":["Acrobatics","Blade Dance"],"picked":"Endless Agony","floor":5},{"not_picked":["Acrobatics","Dagger Throw","Tactician"],"picked":"SKIP","floor":6},{"not_picked":["Blade Dance","Bane"],"picked":"Dodge and Roll","floor":7},{"not_picked":["Slice","Flying Knee"],"picked":"Prepared","floor":10},{"not_picked":["Doppelganger","Blade Dance","Dagger Spray"],"picked":"SKIP","floor":11},{"not_picked":["Deflect","Deadly Poison"],"picked":"Backflip","floor":13},{"not_picked":["Sucker Punch","Flying Knee","Accuracy"],"picked":"SKIP","floor":14},{"not_picked":["Backflip","Endless Agony"],"picked":"PiercingWail","floor":18},{"not_picked":["PiercingWail","Escape Plan"],"picked":"Prepared+1","floor":21},{"not_picked":["Backstab","Tactician","Endless Agony"],"picked":"SKIP","floor":23},{"not_picked":["Riddle With Holes+1","Outmaneuver","Flechettes"],"picked":"SKIP","floor":25},{"not_picked":["Blur+1","Caltrops"],"picked":"Bouncing Flask","floor":30},{"not_picked":["Blur","Cloak And Dagger","Bane+1"],"picked":"SKIP","floor":31},{"not_picked":["Unload","Storm of Steel"],"picked":"Adrenaline","floor":33},{"not_picked":["Flying Knee+1","Dagger Throw"],"picked":"Escape Plan+1","floor":35},{"not_picked":["Deadly Poison+1","Distraction","Slice+1"],"picked":"SKIP","floor":37},{"not_picked":["Underhanded Strike","Noxious Fumes"],"picked":"Calculated Gamble+1","floor":38},{"not_picked":["Poisoned Stab","Riddle With Holes+1","Blade Dance+1"],"picked":"SKIP","floor":39},{"not_picked":["Dagger Throw","Predator","Choke+1"],"picked":"SKIP","floor":40},{"not_picked":["Backstab","Corpse Explosion","Blade Dance"],"picked":"SKIP","floor":44},{"not_picked":["Blade Dance+1","Dagger Spray+1"],"picked":"PiercingWail","floor":45},{"not_picked":["Poisoned Stab","Deflect","Prepared"],"picked":"SKIP","floor":46},{"not_picked":["Choke+1","Finisher","All Out Attack"],"picked":"SKIP","floor":46},{"not_picked":["Tactician+1","Bouncing Flask"],"picked":"Blur","floor":48},{"not_picked":["Flying Knee","Backstab+1","Quick Slash"],"picked":"SKIP","floor":48},{"not_picked":["After Image","Bane+1"],"picked":"Blur+1","floor":54}],"player_experience":115162,"relics_obtained":[{"floor":6,"key":"Paper Crane"},{"floor":9,"key":"Tough Bandages"},{"floor":14,"key":"The Courier"},{"floor":23,"key":"Ice Cream"},{"floor":25,"key":"Incense Burner"},{"floor":29,"key":"Orichalcum"},{"floor":30,"key":"Strawberry"},{"floor":40,"key":"Prayer Wheel"},{"floor":43,"key":"Potion Belt"},{"floor":44,"key":"Juzu Bracelet"},{"floor":45,"key":"Mango"},{"floor":54,"key":"Shuriken"}],"event_choices":[{"damage_healed":0,"gold_gain":0,"cards_transformed":["Strike_G"],"player_choice":"Transformed","damage_taken":0,"max_hp_gain":0,"max_hp_loss":0,"event_name":"Transmorgrifier","floor":8,"gold_loss":0,"cards_obtained":["Cloak And Dagger"]},{"damage_healed":0,"gold_gain":0,"player_choice":"Ignored","damage_taken":0,"max_hp_gain":0,"max_hp_loss":0,"event_name":"Cursed Tome","floor":19,"gold_loss":0},{"damage_healed":0,"gold_gain":0,"player_choice":"Read","damage_taken":0,"max_hp_gain":0,"max_hp_loss":0,"event_name":"The Library","floor":20,"gold_loss":0,"cards_obtained":["Prepared"]},{"damage_healed":0,"gold_gain":0,"player_choice":"Ignored","damage_taken":0,"max_hp_gain":0,"max_hp_loss":0,"event_name":"Vampires","floor":22,"gold_loss":0},{"damage_healed":0,"gold_gain":0,"player_choice":"Obtained Relic","damage_taken":0,"relics_obtained":["Snake Skull"],"max_hp_gain":0,"max_hp_loss":0,"event_name":"Addict","floor":28,"gold_loss":85},{"damage_healed":0,"gold_gain":0,"player_choice":"Leave","damage_taken":0,"max_hp_gain":0,"max_hp_loss":0,"event_name":"FaceTrader","floor":42,"gold_loss":0},{"damage_healed":0,"gold_gain":0,"player_choice":"Fight","damage_taken":0,"max_hp_gain":0,"max_hp_loss":0,"event_name":"MindBloom","floor":45,"gold_loss":0},{"damage_healed":0,"gold_gain":0,"cards_transformed":["Strike_G","Strike_G"],"player_choice":"Transformed Cards","damage_taken":0,"max_hp_gain":0,"max_hp_loss":0,"event_name":"Designer","floor":47,"gold_loss":60,"cards_obtained":["Quick Slash","Accuracy"]}],"is_beta":false,"boss_relics":[{"not_picked":["Coffee Dripper","Tiny House"],"picked":"Ring of the Serpent"},{"not_picked":["Snecko Eye","WristBlade"],"picked":"White Beast Statue"}],"items_purged_floors":[3,36],"is_endless":false,"potions_floor_spawned":[2,6,10,11,16,21,23,25,35,37,38,39,40,44,45,46,48,54],"ascension_level":4}