{"gold_per_floor":[119,135,151,163,176,176,206,206,206,217,236,253,264,274,274,375,375,389,263,281,300,300,300,315,315,360,375,395,411,411,336,336,439,439,455,355,369,125,0,0,34,34,34,52,71,71,83,98,98,98],"floor_reached":51,"playtime":3773,"items_purged":["Defend_R","Perfected Strike"],"score":741,"play_id":"a2c0c55c-cfc3-48cc-b010-313480ed0577","local_time":"20190318085958","is_ascension_mode":false,"campfire_choices":[{"data":"Bash","floor":6,"key":"SMITH"},{"data":"Hemokinesis","floor":8,"key":"SMITH"},{"data":"True Grit","floor":15,"key":"SMITH"},{"floor":23,"key":"REST"},{"data":"Armaments","floor":25,"key":"SMITH"},{"data":"Shockwave","floor":30,"key":"SMITH"},{"data":"Barricade","floor":32,"key":"SMITH"},{"data":"Body Slam","floor":40,"key":"SMITH"},{"data":"Disarm","floor":42,"key":"SMITH"},{"data":"Intimidate","floor":46,"key":"SMITH"},{"data":"Armaments","floor":49,"key":"SMITH"}],"neow_cost":"","seed_source_timestamp":135100292166800,"circlet_count":0,"master_deck":["Strike_R","Strike_R","Strike_R","Strike_R","Strike_R","Defend_R","Defend_R","Bash+1","Iron Wave","Shrug It Off","Hemokinesis+1","Twin Strike","Cleave","Inflame","Shrug It Off","Metallicize","True Grit+1","Shrug It Off","Barricade+1","Shrug It Off","Armaments+1","Shrug It Off+1","Shockwave+1","Body Slam+1","Inflame","Headbutt","Body Slam+1","Impervious","Shrug It Off+1","Intimidate+1","Disarm+1","Parasite","Uppercut+1","Clothesline+1","Armaments+1","Reaper+1"],"relics":["Burning Blood","Potion Belt","Mummified Hand","Sozu","Ancient Tea Set","Cursed Key","Molten Egg 2","Red Mask","Champion Belt","Pen Nib"],"potions_floor_usage":[7,7,12,13,33],"damage_taken":[{"damage":2,"enemies":"2 Louse","floor":1,"turns":4},{"damage":10,"enemies":"Jaw Worm","floor":2,"turns":4},{"damage":1,"enemies":"Cultist","floor":3,"turns":3},{"damage":11,"enemies":"Exordium Thugs","floor":4,"turns":7},{"damage":11,"enemies":"Red Slaver","floor":5,"turns":4},{"damage":9,"enemies":"Gremlin Nob","floor":7,"turns":3},{"damage":0,"enemies":"2 Fungi Beasts","floor":10,"turns":3},{"damage":4,"enemies":"Looter","floor":11,"turns":4},{"damage":3,"enemies":"Lots of Slimes","floor":12,"turns":3},{"damage":2,"enemies":"Exordium Wildlife","floor":13,"turns":3},{"damage":5,"enemies":"Exordium Thugs","floor":14,"turns":4},{"damage":17,"enemies":"The Guardian","floor":16,"turns":13},{"damage":7,"enemies":"Spheric Guardian","floor":18,"turns":3},{"damage":12,"enemies":"2 Thieves","floor":20,"turns":5},{"damage":22,"enemies":"3 Cultists","floor":21,"turns":5},{"damage":0,"enemies":"Centurion and Healer","floor":24,"turns":7},{"damage":17,"enemies":"Snake Plant","floor":27,"turns":6},{"damage":0,"enemies":"Cultist and Chosen","floor":28,"turns":5},{"damage":5,"enemies":"3 Cultists","floor":29,"turns":5},{"damage":21,"enemies":"Champ","floor":33,"turns":13},{"damage":0,"enemies":"3 Shapes","floor":35,"turns":4},{"damage":2,"enemies":"Orb Walker","floor":37,"turns":3},{"damage":0,"enemies":"Nemesis","floor":41,"turns":7},{"damage":0,"enemies":"4 Shapes","floor":44,"turns":6},{"damage":10,"enemies":"Writhing Mass","floor":45,"turns":6},{"damage":0,"enemies":"Maw","floor":47,"turns":7},{"damage":16,"enemies":"Spire Growth","floor":48,"turns":5},{"damage":9,"enemies":"Awakened One","floor":50,"turns":16}],"seed_played":"3050523797670540950","potions_obtained":[{"floor":1,"key":"Strength Potion"},{"floor":4,"key":"Ancient Potion"},{"floor":7,"key":"Dexterity Potion"},{"floor":10,"key":"Fire Potion"},{"floor":11,"key":"AttackPotion"}],"is_trial":false,"path_per_floor":["M","M","M","M","M","R","E","R","T","M","M","M","M","M","R","B",null,"M","$","M","M","?","R","M","R","T","M","M","M","R","?","R","B",null,"M","$","M","$","?","R","E","R","T","M","M","R","M","M","R","B",null],"character_chosen":"IRONCLAD","items_purchased":["Armaments","Molten Egg 2"],"campfire_rested":1,"item_purchase_floors":[19,38],"current_hp_per_floor":[80,76,80,75,70,70,67,67,67,73,75,78,80,80,80,69,80,79,79,73,57,42,67,73,73,73,62,68,69,69,69,69,54,85,85,85,85,85,85,85,85,85,85,85,81,81,85,75,75,82],"gold":98,"neow_bonus":"","is_prod":false,"is_daily":false,"chose_seed":false,"campfire_upgraded":10,"win_rate":0.0,"timestamp":1552924798,"path_taken":["M","M","M","M","M","R","E","R","T","M","M","M","M","M","R","BOSS","M","$","M","M","?","R","M","R","T","M","M","M","R","?","R","BOSS","M","$","M","$","?","R","E","R","T","M","M","R","M","M","R","BOSS"],"build_version":"2019-01-23","purchased_purges":2,"victory":true,"max_hp_per_floor":[80,80,80,80,80,80,80,80,80,80,80,80,80,80,80,80,80,80,80,80,80,85,85,85,85,85,85,85,85,85,85,85,85,85,85,85,85,85,85,85,85,85,85,85,85,85,85,85,85,85],"card_choices":[{"not_picked":["Body Slam","Cleave"],"picked":"Iron Wave","floor":1},{"not_picked":["Sword Boomerang","Anger"],"picked":"Shrug It Off","floor":2},{"not_picked":["Thunderclap","Reckless Charge"],"picked":"Hemokinesis","floor":3},{"not_picked":["Corruption","Pummel"],"picked":"Twin Strike","floor":4},{"not_picked":["Clash","Twin Strike"],"picked":"Cleave","floor":5},{"not_picked":["Thunderclap","Iron Wave"],"picked":"Inflame","floor":7},{"not_picked":["Body Slam","Thunderclap"],"picked":"Shrug It Off","floor":10},{"not_picked":["Thunderclap","Sever Soul"],"picked":"Metallicize","floor":11},{"not_picked":["Fire Breathing","Sever Soul"],"picked":"Perfected Strike","floor":12},{"not_picked":["Armaments","Juggernaut"],"picked":"True Grit","floor":13},{"not_picked":["Iron Wave","Dual Wield"],"picked":"Shrug It Off","floor":14},{"not_picked":["Double Tap","Berserk"],"picked":"Barricade","floor":16},{"not_picked":["Body Slam","Carnage"],"picked":"Shrug It Off","floor":18},{"not_picked":["True Grit","Sword Boomerang"],"picked":"Shrug It Off+1","floor":20},{"not_picked":["Anger","Shrug It Off+1"],"picked":"Shockwave","floor":21},{"not_picked":["Seeing Red","Cleave+1"],"picked":"Body Slam","floor":24},{"not_picked":["Anger","Searing Blow"],"picked":"Inflame","floor":27},{"not_picked":["Clash","Flex"],"picked":"Headbutt","floor":28},{"not_picked":["Shrug It Off","Ghostly Armor+1"],"picked":"Body Slam+1","floor":29},{"not_picked":["Double Tap","Feed"],"picked":"Impervious","floor":33},{"not_picked":["Iron Wave+1","Warcry+1"],"picked":"Shrug It Off+1","floor":35},{"not_picked":["Sword Boomerang","Flex+1"],"picked":"Intimidate","floor":37},{"not_picked":["Warcry","Thunderclap+1"],"picked":"Disarm","floor":41},{"not_picked":["Battle Trance+1","Perfected Strike+1"],"picked":"Uppercut+1","floor":44},{"not_picked":["Shrug It Off","Thunderclap+1"],"picked":"Clothesline+1","floor":45},{"not_picked":["Fire Breathing","Rage"],"picked":"Armaments","floor":47},{"not_picked":["Armaments","Pommel Strike+1"],"picked":"Reaper+1","floor":48}],"player_experience":0,"relics_obtained":[{"floor":7,"key":"Potion Belt"},{"floor":9,"key":"Mummified Hand"},{"floor":26,"key":"Ancient Tea Set"},{"floor":41,"key":"Champion Belt"},{"floor":43,"key":"Pen Nib"}],"event_choices":[{"damage_healed":0,"gold_gain":0,"player_choice":"Shed Blood","damage_taken":20,"max_hp_gain":5,"max_hp_loss":0,"event_name":"Forgotten Altar","floor":22,"gold_loss":0},{"cards_removed":["Defend_R"],"damage_healed":0,"gold_gain":0,"player_choice":"Gave Gold","damage_taken":0,"max_hp_gain":0,"max_hp_loss":0,"event_name":"Beggar","floor":31,"gold_loss":75},{"damage_healed":0,"gold_gain":0,"player_choice":"Paid","damage_taken":0,"relics_obtained":["Red Mask"],"max_hp_gain":0,"max_hp_loss":0,"event_name":"Tomb of Lord Red Mask","floor":39,"gold_loss":125}],"is_beta":false,"boss_relics":[{"not_picked":["Tiny House","Velvet Choker"],"picked":"Sozu"},{"not_picked":["Black Blood","Coffee Dripper"],"picked":"Cursed Key"}],"items_purged_floors":[19,36],"is_endless":false,"potions_floor_spawned":[1,4,7,10,11,18,27,29,35,37,48],"ascension_level":0}