{"gold_per_floor":[112,187,187,199,210,244,260,260,260,114,125,125,125,160,160,264,264,278,278,296,344,419,446,446,464,464,464,479,479,492,290,290,388,388,399,399,81,181,193,219,219,232,232,232,258,62,62,79,79,79,79,79,29,61,61],"floor_reached":56,"playtime":4766,"items_purged":["Strike_G","Strike_G","Strike_G","Strike_G","Strike_G"],"score":1605,"play_id":"c5c8ac80-9666-4f45-95b4-46014b19d85b","local_time":"20190418162827","is_ascension_mode":true,"campfire_choices":[{"floor":8,"key":"REST"},{"floor":12,"key":"REST"},{"floor":15,"key":"REST"},{"floor":24,"key":"RECALL"},{"data":"Burst","floor":27,"key":"SMITH"},{"data":"Well Laid Plans","floor":29,"key":"SMITH"},{"data":"After Image","floor":32,"key":"SMITH"},{"data":"Burst","floor":41,"key":"SMITH"},{"data":"Noxious Fumes","floor":44,"key":"SMITH"},{"data":"Noxious Fumes","floor":47,"key":"SMITH"},{"data":"Catalyst","floor":49,"key":"SMITH"},{"data":"Infinite Blades","floor":52,"key":"SMITH"}],"neow_cost":"NONE","seed_source_timestamp":564566042210000,"circlet_count":0,"master_deck":["Defend_G+1","Defend_G","Defend_G","Defend_G+1","Defend_G","Survivor","Neutralize","Storm of Steel","Catalyst+1","Cloak And Dagger","Dodge and Roll","Well Laid Plans+1","A Thousand Cuts","Noxious Fumes+1","Blade Dance","After Image+1","Noxious Fumes+1","Ghostly","Ghostly","Ghostly","Ghostly","Ghostly","Dash","Choke+1","Burst+1","Infinite Blades+1","PiercingWail","Footwork","Cloak And Dagger","Burst+1","Footwork","Acrobatics+1","PiercingWail+1","Acrobatics+1"],"relics":["Ring of the Snake","WarpedTongs","Art of War","Smiling Mask","Mummified Hand","Coffee Dripper","Snake Skull","Dead Branch","WristBlade","ClockworkSouvenir","Mango","Potion Belt","War Paint","Meat on the Bone","Vajra","Shuriken"],"potions_floor_usage":[7,25,28,33,42,50],"damage_taken":[{"damage":9,"enemies":"Small Slimes","floor":1,"turns":4},{"damage":5,"enemies":"Jaw Worm","floor":4,"turns":5},{"damage":3,"enemies":"Cultist","floor":5,"turns":4},{"damage":36,"enemies":"Lagavulin","floor":6,"turns":10},{"damage":2,"enemies":"Looter","floor":7,"turns":4},{"damage":8,"enemies":"Blue Slaver","floor":11,"turns":5},{"damage":5,"enemies":"3 Sentries","floor":14,"turns":6},{"damage":14,"enemies":"The Guardian","floor":16,"turns":11},{"damage":17,"enemies":"2 Thieves","floor":18,"turns":4},{"damage":7,"enemies":"3 Byrds","floor":20,"turns":5},{"damage":0,"enemies":"Book of Stabbing","floor":23,"turns":8},{"damage":6,"enemies":"Snake Plant","floor":25,"turns":4},{"damage":0,"enemies":"Snecko","floor":28,"turns":6},{"damage":0,"enemies":"Centurion and Healer","floor":30,"turns":4},{"damage":0,"enemies":"Collector","floor":33,"turns":5},{"damage":0,"enemies":"Orb Walker","floor":35,"turns":3},{"damage":20,"enemies":"Mind Bloom Boss Battle","floor":38,"turns":6},{"damage":0,"enemies":"3 Shapes","floor":39,"turns":5},{"damage":0,"enemies":"Nemesis","floor":40,"turns":7},{"damage":0,"enemies":"Maw","floor":42,"turns":7},{"damage":0,"enemies":"Reptomancer","floor":45,"turns":4},{"damage":0,"enemies":"Spire Growth","floor":48,"turns":3},{"damage":6,"enemies":"Time Eater","floor":50,"turns":12},{"damage":0,"enemies":"Shield and Spear","floor":54,"turns":6},{"damage":21,"enemies":"The Heart","floor":55,"turns":9}],"seed_played":"-7255298564429770010","potions_obtained":[{"floor":1,"key":"GamblersBrew"},{"floor":6,"key":"SpeedPotion"},{"floor":14,"key":"Regen Potion"},{"floor":18,"key":"Block Potion"},{"floor":39,"key":"FairyPotion"},{"floor":40,"key":"Regen Potion"}],"is_trial":false,"path_per_floor":["M","?","?","M","M","E","M","R","T","$","M","R","?","E","R","B",null,"M","?","M","T","?","E","R","M","T","R","M","R","M","$","R","B",null,"M","?","$","?","M","E","R","M","T","R","E","$","R","M","R","B",null,"R","$","E","B",null],"character_chosen":"THE_SILENT","items_purchased":["Noxious Fumes","Blade Dance","Footwork","Cloak And Dagger","PowerPotion","ClockworkSouvenir","Footwork","Vajra"],"campfire_rested":3,"item_purchase_floors":[10,10,31,31,31,37,37,46],"current_hp_per_floor":[61,50,50,45,42,6,4,25,25,25,17,38,31,26,47,33,70,53,35,28,28,25,25,25,19,19,19,34,34,34,34,34,34,35,35,33,33,27,27,27,27,42,42,42,42,42,42,42,42,36,47,47,47,47,26],"gold":61,"neow_bonus":"ONE_RANDOM_RARE_CARD","is_prod":false,"is_daily":false,"chose_seed":false,"campfire_upgraded":8,"win_rate":0,"timestamp":1555630107,"path_taken":["M","?","?","M","M","E","?","R","T","$","M","R","?","E","R","BOSS","M","?","M","?","?","E","R","M","T","R","?","R","M","$","R","BOSS","M","?","$","?","M","E","R","M","T","R","E","$","R","M","R","BOSS","R","$","E","BOSS"],"build_version":"2019-01-23","purchased_purges":5,"victory":true,"max_hp_per_floor":[70,70,70,70,70,70,70,70,70,70,70,70,70,70,70,70,70,70,35,35,35,35,35,35,35,35,35,35,35,35,35,35,35,35,35,33,33,47,47,47,47,47,47,47,47,47,47,47,47,47,47,47,47,47,47],"card_choices":[{"not_picked":["Quick Slash","Dagger Spray"],"picked":"Catalyst","floor":1},{"not_picked":["Dodge and Roll","Backflip"],"picked":"Cloak And Dagger","floor":4},{"not_picked":["Calculated Gamble","Backstab"],"picked":"Dodge and Roll","floor":5},{"not_picked":["Eviscerate","Escape Plan"],"picked":"Well Laid Plans","floor":6},{"not_picked":["Distraction","Blade Dance"],"picked":"A Thousand Cuts","floor":7},{"not_picked":["Leg Sweep","Deflect","Masterful Stab"],"picked":"SKIP","floor":11},{"not_picked":["Dagger Throw","Slice","Calculated Gamble"],"picked":"SKIP","floor":14},{"not_picked":["Doppelganger","Storm of Steel"],"picked":"After Image","floor":16},{"not_picked":["Well Laid Plans","Flying Knee"],"picked":"Noxious Fumes","floor":18},{"not_picked":["Poisoned Stab","Bouncing Flask+1"],"picked":"Dash","floor":20},{"not_picked":["Poisoned Stab","Heel Hook"],"picked":"Choke+1","floor":23},{"not_picked":["Flying Knee+1","Concentrate+1"],"picked":"Burst","floor":25},{"not_picked":["Poisoned Stab","Cloak And Dagger"],"picked":"Infinite Blades","floor":28},{"not_picked":["Tactician","Outmaneuver"],"picked":"PiercingWail","floor":30},{"not_picked":["A Thousand Cuts","Doppelganger"],"picked":"Burst","floor":33},{"not_picked":["Reflex+1","Calculated Gamble","Outmaneuver+1"],"picked":"SKIP","floor":35},{"not_picked":["Footwork+1","Blade Dance+1"],"picked":"Acrobatics+1","floor":38},{"not_picked":["Dagger Spray","Acrobatics","Quick Slash+1"],"picked":"SKIP","floor":39},{"not_picked":["Deflect+1","Finisher+1"],"picked":"PiercingWail+1","floor":40},{"not_picked":["All Out Attack+1","Blade Dance+1","Outmaneuver"],"picked":"SKIP","floor":42},{"not_picked":["Prepared","Catalyst+1","Venomology"],"picked":"SKIP","floor":45},{"not_picked":["Deadly Poison","Distraction"],"picked":"Acrobatics+1","floor":48},{"not_picked":["Sucker Punch+1","Dash","Reflex+1"],"picked":"SKIP","floor":54}],"player_experience":142733,"relics_obtained":[{"floor":6,"key":"Art of War"},{"floor":9,"key":"Smiling Mask"},{"floor":14,"key":"Mummified Hand"},{"floor":23,"key":"Snake Skull"},{"floor":26,"key":"Dead Branch"},{"floor":38,"key":"Mango"},{"floor":40,"key":"Potion Belt"},{"floor":43,"key":"War Paint"},{"floor":45,"key":"Meat on the Bone"},{"floor":54,"key":"Shuriken"}],"event_choices":[{"damage_healed":0,"gold_gain":75,"player_choice":"Gather Gold","damage_taken":11,"max_hp_gain":0,"max_hp_loss":0,"event_name":"World of Goop","floor":2,"gold_loss":0},{"damage_healed":0,"gold_gain":0,"player_choice":"Rummage","damage_taken":0,"relics_obtained":["WarpedTongs"],"max_hp_gain":0,"max_hp_loss":0,"event_name":"Accursed Blacksmith","floor":3,"gold_loss":0,"cards_obtained":["Pain"]},{"cards_removed":["Pain"],"damage_healed":0,"gold_gain":0,"player_choice":"Card Removal","damage_taken":7,"max_hp_gain":0,"max_hp_loss":0,"event_name":"Golden Wing","floor":13,"gold_loss":0},{"damage_healed":0,"gold_gain":0,"player_choice":"Became a Ghost","damage_taken":0,"max_hp_gain":0,"max_hp_loss":35,"event_name":"Ghosts","floor":19,"gold_loss":0,"cards_obtained":["Ghostly","Ghostly","Ghostly","Ghostly","Ghostly"]},{"damage_healed":0,"gold_gain":75,"player_choice":"Touch","damage_taken":3,"max_hp_gain":0,"max_hp_loss":0,"event_name":"FaceTrader","floor":22,"gold_loss":0},{"damage_healed":0,"gold_gain":0,"player_choice":"Max HP","damage_taken":0,"max_hp_gain":0,"max_hp_loss":2,"event_name":"Winding Halls","floor":36,"gold_loss":0},{"damage_healed":0,"gold_gain":0,"player_choice":"Fight","damage_taken":0,"max_hp_gain":0,"max_hp_loss":0,"event_name":"MindBloom","floor":38,"gold_loss":0}],"is_beta":false,"boss_relics":[{"not_picked":["Busted Crown","Calling Bell"],"picked":"Coffee Dripper"},{"not_picked":["Cursed Key","Philosopher\u0027s Stone"],"picked":"WristBlade"}],"items_purged_floors":[10,31,37,46,53],"is_endless":false,"potions_floor_spawned":[1,6,14,18,20,23,39,40],"ascension_level":4}