{"gold_per_floor":[109,127,141,156,172,172,197,213,239,239,252,272,272,347,347,347],"floor_reached":16,"playtime":2565,"items_purged":[],"score":201,"play_id":"00142049-8589-45ad-afa9-5db3ef89134b","local_time":"20190403184735","is_ascension_mode":true,"campfire_choices":[{"data":"Zap","floor":6,"key":"SMITH"},{"data":"Defragment","floor":10,"key":"SMITH"},{"data":"Dualcast","floor":13,"key":"SMITH"},{"floor":15,"key":"REST"}],"neow_cost":"NONE","seed_source_timestamp":101156682870599,"circlet_count":0,"master_deck":["AscendersBane","Strike_B","Strike_B","Strike_B","Strike_B","Defend_B","Defend_B","Defend_B","Defend_B","Zap+1","Dualcast+1","BootSequence","Gash","Self Repair","Defragment+1","Conserve Battery","Gash","Gash"],"relics":["Cracked Core","Boot","Bronze Scales","Bag of Marbles"],"potions_floor_usage":[16],"damage_taken":[{"damage":1,"enemies":"Cultist","floor":1,"turns":3},{"damage":0,"enemies":"2 Louse","floor":2,"turns":3},{"damage":2,"enemies":"Small Slimes","floor":3,"turns":3},{"damage":2,"enemies":"Looter","floor":4,"turns":3},{"damage":29,"enemies":"Large Slime","floor":5,"turns":6},{"damage":15,"enemies":"Lagavulin","floor":7,"turns":7},{"damage":5,"enemies":"3 Louse","floor":8,"turns":2},{"damage":7,"enemies":"2 Fungi Beasts","floor":11,"turns":4},{"damage":0,"enemies":"Exordium Wildlife","floor":12,"turns":3},{"damage":51,"enemies":"Slime Boss","floor":16,"turns":8}],"seed_played":"-1375627851641178339","potions_obtained":[{"floor":2,"key":"LiquidBronze"},{"floor":3,"key":"Energy Potion"},{"floor":12,"key":"SmokeBomb"}],"is_trial":false,"path_per_floor":["M","M","M","M","M","R","E","M","T","R","M","M","R","?","R","B"],"character_chosen":"DEFECT","items_purchased":[],"campfire_rested":1,"item_purchase_floors":[],"current_hp_per_floor":[63,63,61,66,44,44,36,38,38,38,38,38,38,27,48,0],"gold":347,"neow_bonus":"RANDOM_COMMON_RELIC","is_prod":false,"is_daily":false,"chose_seed":false,"campfire_upgraded":3,"win_rate":0,"timestamp":1554284855,"path_taken":["M","M","M","M","M","R","E","M","T","R","M","?","R","?","R","BOSS"],"build_version":"2019-01-23","purchased_purges":0,"victory":false,"max_hp_per_floor":[71,71,71,71,71,71,71,71,71,71,71,71,71,71,71,71],"card_choices":[{"not_picked":["Coolheaded","Streamline"],"picked":"BootSequence","floor":1},{"not_picked":["Sweeping Beam","Doom and Gloom"],"picked":"Gash","floor":2},{"not_picked":["Redo","Leap"],"picked":"Self Repair","floor":3},{"not_picked":["Compile Driver","Redo","Lockon"],"picked":"SKIP","floor":4},{"not_picked":["Consume","BootSequence","Reprogram"],"picked":"SKIP","floor":5},{"not_picked":["Steam","Static Discharge"],"picked":"Defragment","floor":7},{"not_picked":["Rainbow","Melter"],"picked":"Conserve Battery","floor":8},{"not_picked":["Melter","Genetic Algorithm"],"picked":"Gash","floor":11},{"not_picked":["Leap","Loop"],"picked":"Gash","floor":12}],"player_experience":457635,"relics_obtained":[{"floor":7,"key":"Bronze Scales"},{"floor":9,"key":"Bag of Marbles"}],"event_choices":[{"damage_healed":0,"gold_gain":75,"player_choice":"Gather Gold","damage_taken":11,"max_hp_gain":0,"max_hp_loss":0,"event_name":"World of Goop","floor":14,"gold_loss":0}],"is_beta":false,"boss_relics":[],"items_purged_floors":[],"is_endless":false,"potions_floor_spawned":[2,3,4,12],"killed_by":"Slime Boss","ascension_level":18}