{"gold_per_floor":[115,115,132,132,146,177,177,188,188,219,219,235,12,41,41,41],"floor_reached":16,"playtime":505,"items_purged":[],"score":228,"play_id":"76f4a649-a5be-474d-a49c-73885737066b","local_time":"20181231173320","is_ascension_mode":true,"campfire_choices":[{"data":"Rampage","floor":7,"key":"SMITH"},{"floor":11,"key":"REST"},{"data":"True Grit","floor":15,"key":"SMITH"}],"neow_cost":"NONE","seed_source_timestamp":460483792841093,"circlet_count":0,"master_deck":["AscendersBane","Strike_R","Strike_R+1","Strike_R","Strike_R","Strike_R","Defend_R+1","Defend_R","Defend_R","Defend_R+1","Bash","Rampage+1","Whirlwind+1","Flex","True Grit+1","Shrug It Off","Disarm"],"relics":["Burning Blood","NeowsBlessing","Vajra","Molten Egg 2","Whetstone","War Paint","Chemical X","Potion Belt"],"potions_floor_usage":[6,6,8,16],"damage_taken":[{"damage":0,"enemies":"Small Slimes","floor":1,"turns":1},{"damage":0,"enemies":"2 Louse","floor":3,"turns":1},{"damage":0,"enemies":"Jaw Worm","floor":5,"turns":1},{"damage":15,"enemies":"3 Sentries","floor":6,"turns":5},{"damage":5,"enemies":"Red Slaver","floor":8,"turns":4},{"damage":41,"enemies":"Gremlin Nob","floor":10,"turns":4},{"damage":5,"enemies":"Lots of Slimes","floor":12,"turns":2},{"damage":20,"enemies":"Lagavulin","floor":14,"turns":6},{"damage":30,"enemies":"Slime Boss","floor":16,"turns":4}],"seed_played":"-8038950300117741827","potions_obtained":[{"floor":1,"key":"SkillPotion"},{"floor":5,"key":"Explosive Potion"},{"floor":6,"key":"SkillPotion"},{"floor":10,"key":"GamblersBrew"}],"is_trial":false,"path_per_floor":["M","?","M","?","M","E","R","M","T","E","R","M","$","E","R","B"],"character_chosen":"IRONCLAD","items_purchased":["Chemical X"],"campfire_rested":1,"item_purchase_floors":[13],"current_hp_per_floor":[74,74,75,57,63,54,54,55,55,20,42,43,43,29,29,0],"gold":41,"neow_bonus":"THREE_ENEMY_KILL","is_prod":false,"is_daily":false,"chose_seed":false,"campfire_upgraded":2,"win_rate":0,"timestamp":1546295600,"path_taken":["M","?","M","?","?","E","R","M","T","E","R","M","$","E","R","BOSS"],"build_version":"2018-12-20","purchased_purges":0,"victory":false,"max_hp_per_floor":[75,75,75,75,75,75,75,75,75,75,75,75,75,75,75,75],"card_choices":[{"not_picked":["Battle Trance","Power Through"],"picked":"Rampage","floor":1},{"not_picked":["Perfected Strike","Pommel Strike"],"picked":"Whirlwind","floor":3},{"not_picked":["Iron Wave","Perfected Strike","Dual Wield"],"picked":"SKIP","floor":5},{"not_picked":["Metallicize","Dropkick"],"picked":"Flex","floor":6},{"not_picked":["Dual Wield","Feel No Pain"],"picked":"True Grit","floor":8},{"not_picked":["Rampage+1","Intimidate"],"picked":"Shrug It Off","floor":10},{"not_picked":["Rampage+1","Twin Strike+1"],"picked":"Disarm","floor":12},{"not_picked":["Armaments","Juggernaut","Flex"],"picked":"SKIP","floor":14}],"player_experience":651522,"relics_obtained":[{"floor":6,"key":"Molten Egg 2"},{"floor":9,"key":"Whetstone"},{"floor":10,"key":"War Paint"},{"floor":14,"key":"Potion Belt"}],"event_choices":[{"damage_healed":0,"gold_gain":0,"player_choice":"Ignored","damage_taken":0,"max_hp_gain":0,"max_hp_loss":0,"event_name":"Liars Game","floor":2,"gold_loss":0},{"damage_healed":0,"gold_gain":0,"player_choice":"Success","damage_taken":18,"relics_obtained":["Vajra"],"max_hp_gain":0,"max_hp_loss":0,"event_name":"Scrap Ooze","floor":4,"gold_loss":0}],"is_beta":false,"boss_relics":[],"items_purged_floors":[],"is_endless":false,"potions_floor_spawned":[1,5,6,10],"killed_by":"Slime Boss","ascension_level":18}