{"gold_per_floor":[12,12,12,12,28,38,50,50,50,60,70,81,81,97,97,197,197,216,232,232,232,250,250,267,267,343,360,275,285,285,210,210,313,313,323,337,337,337,28,28,44,69,92,119,132,132,7,26,26,26],"floor_reached":51,"playtime":4218,"items_purged":["Turbo","All For One","Meteor Strike"],"score":910,"play_id":"e11c0f54-1fb9-45b1-a664-b135806f511f","local_time":"20181225005319","is_ascension_mode":true,"campfire_choices":[{"data":"Chaos","floor":8,"key":"SMITH"},{"data":"Consume","floor":13,"key":"SMITH"},{"data":"Heatsinks","floor":15,"key":"SMITH"},{"data":"Zap","floor":23,"key":"SMITH"},{"data":"Darkness","floor":25,"key":"SMITH"},{"data":"Biased Cognition","floor":30,"key":"SMITH"},{"floor":32,"key":"REST"},{"data":"Chill","floor":40,"key":"SMITH"},{"floor":46,"key":"REST"},{"floor":49,"key":"REST"}],"neow_cost":"NO_GOLD","seed_source_timestamp":419158152096433,"circlet_count":0,"master_deck":["Zap+1","Dualcast+1","Chaos+1","Self Repair","Heatsinks+1","Biased Cognition+1","Darkness+1","Compile Driver","Reprogram","Core Surge","Reinforced Body+1","Conserve Battery+1","Redo+1","Machine Learning","Machine Learning","Chill+1","Auto Shields+1","Leap+1","Loop+1"],"relics":["Cracked Core","FossilizedHelix","Pocketwatch","Pandora\u0027s Box","Darkstone Periapt","Meat on the Bone","Runic Dome","HandDrill","Omamori","Boot","Lantern"],"potions_floor_usage":[24,24,36,44,50,50,50],"damage_taken":[{"damage":0,"enemies":"2 Louse","floor":1,"turns":2},{"damage":9,"enemies":"Small Slimes","floor":5,"turns":3},{"damage":10,"enemies":"Cultist","floor":6,"turns":4},{"damage":0,"enemies":"Blue Slaver","floor":7,"turns":3},{"damage":0,"enemies":"Looter","floor":10,"turns":3},{"damage":8,"enemies":"Exordium Thugs","floor":11,"turns":3},{"damage":7,"enemies":"2 Fungi Beasts","floor":12,"turns":3},{"damage":1,"enemies":"Exordium Wildlife","floor":14,"turns":3},{"damage":0,"enemies":"Slime Boss","floor":16,"turns":8},{"damage":21,"enemies":"Shell Parasite","floor":18,"turns":3},{"damage":15,"enemies":"2 Thieves","floor":19,"turns":3},{"damage":6,"enemies":"Cultist and Chosen","floor":22,"turns":4},{"damage":0,"enemies":"Snecko","floor":24,"turns":4},{"damage":0,"enemies":"Shelled Parasite and Fungi","floor":27,"turns":4},{"damage":16,"enemies":"Centurion and Healer","floor":29,"turns":4},{"damage":58,"enemies":"Automaton","floor":33,"turns":8},{"damage":1,"enemies":"Orb Walker","floor":35,"turns":3},{"damage":0,"enemies":"3 Darklings","floor":36,"turns":4},{"damage":0,"enemies":"4 Shapes","floor":41,"turns":5},{"damage":0,"enemies":"Reptomancer","floor":42,"turns":5},{"damage":56,"enemies":"Giant Head","floor":44,"turns":9},{"damage":0,"enemies":"Transient","floor":45,"turns":5},{"damage":22,"enemies":"Sphere and 2 Shapes","floor":48,"turns":4},{"damage":63,"enemies":"Time Eater","floor":50,"turns":7}],"seed_played":"-100561034873618960","potions_obtained":[{"floor":5,"key":"SneckoOil"},{"floor":6,"key":"Strength Potion"},{"floor":11,"key":"Swift Potion"},{"floor":16,"key":"GamblersBrew"},{"floor":29,"key":"Swift Potion"},{"floor":33,"key":"SneckoOil"},{"floor":45,"key":"FearPotion"},{"floor":48,"key":"Ancient Potion"}],"is_trial":false,"path_per_floor":["M","$","?","?","M","M","M","R","T","M","M","M","R","M","R","B",null,"M","M","?","?","M","R","M","R","T","M","?","M","R","$","R","B",null,"M","M","?","?","$","R","M","E","T","E","M","R","$","M","R","B",null],"character_chosen":"DEFECT","items_purchased":["HandDrill"],"campfire_rested":3,"item_purchase_floors":[39],"current_hp_per_floor":[75,75,75,75,66,56,63,63,63,70,69,69,69,75,75,75,75,61,53,39,39,40,40,47,47,47,54,54,57,57,57,80,41,70,76,80,80,80,80,80,80,80,80,43,43,67,67,52,76,32],"gold":26,"neow_bonus":"ONE_RARE_RELIC","is_prod":false,"is_daily":false,"chose_seed":false,"campfire_upgraded":7,"win_rate":0,"timestamp":1545717199,"path_taken":["M","$","?","?","M","M","?","R","T","M","M","M","R","M","R","BOSS","M","M","?","?","?","R","M","R","T","M","?","M","R","?","R","BOSS","M","M","?","?","$","R","?","E","T","E","M","R","?","M","R","BOSS"],"build_version":"2018-12-20","purchased_purges":3,"victory":true,"max_hp_per_floor":[75,75,75,75,75,75,75,75,75,75,75,75,75,75,75,75,75,75,75,80,80,80,80,80,80,80,80,80,80,80,80,80,80,80,80,80,80,80,80,80,80,80,80,80,80,80,80,80,80,80],"card_choices":[{"not_picked":["Streamline","Rebound","Beam Cell"],"picked":"SKIP","floor":1},{"not_picked":["Chill","Rip and Tear"],"picked":"Chaos","floor":5},{"not_picked":["Rebound","Steam"],"picked":"Self Repair","floor":6},{"not_picked":["Streamline","Stack","Static Discharge"],"picked":"SKIP","floor":7},{"not_picked":["Static Discharge","Leap"],"picked":"Heatsinks","floor":10},{"not_picked":["Tempest","Scrape","Beam Cell"],"picked":"SKIP","floor":11},{"not_picked":["Gash","Barrage","Ball Lightning"],"picked":"SKIP","floor":12},{"not_picked":["Streamline","Go for the Eyes","Tempest"],"picked":"SKIP","floor":14},{"not_picked":["All For One","Machine Learning"],"picked":"Biased Cognition","floor":16},{"not_picked":["Rebound","Recycle"],"picked":"Reinforced Body+1","floor":18},{"not_picked":["Sunder","Ball Lightning","Skim"],"picked":"SKIP","floor":19},{"not_picked":["Barrage","Cold Snap"],"picked":"Conserve Battery+1","floor":22},{"not_picked":["Compile Driver+1","Chill"],"picked":"Redo+1","floor":24},{"not_picked":["Conserve Battery","Doom and Gloom","Scrape+1"],"picked":"SKIP","floor":27},{"not_picked":["Beam Cell","Coolheaded"],"picked":"Machine Learning","floor":29},{"not_picked":["Echo Form","Thunder Strike"],"picked":"Machine Learning","floor":33},{"not_picked":["Lockon+1","Barrage+1"],"picked":"Chill","floor":35},{"not_picked":["Compile Driver+1","Hologram"],"picked":"Auto Shields+1","floor":36},{"not_picked":["Lockon","Sweeping Beam"],"picked":"Leap+1","floor":41},{"not_picked":["Hyperbeam","Redo","Glacier"],"picked":"SKIP","floor":42},{"not_picked":["Conserve Battery","Aggregate+1","Compile Driver"],"picked":"SKIP","floor":44},{"not_picked":["White Noise","Beam Cell"],"picked":"Loop+1","floor":45},{"not_picked":["Consume","Compile Driver","Coolheaded"],"picked":"SKIP","floor":48}],"player_experience":547586,"relics_obtained":[{"floor":9,"key":"Pocketwatch"},{"floor":26,"key":"Darkstone Periapt"},{"floor":42,"key":"Omamori"},{"floor":43,"key":"Boot"},{"floor":44,"key":"Lantern"}],"event_choices":[{"damage_healed":0,"gold_gain":0,"player_choice":"Ignored","damage_taken":0,"max_hp_gain":0,"max_hp_loss":0,"event_name":"Liars Game","floor":3,"gold_loss":0},{"damage_healed":0,"gold_gain":0,"cards_transformed":["Strike_B"],"player_choice":"Transformed","damage_taken":0,"max_hp_gain":0,"max_hp_loss":0,"event_name":"Transmorgrifier","floor":4,"gold_loss":0,"cards_obtained":["Consume"]},{"damage_healed":0,"gold_gain":0,"player_choice":"Shed Blood","damage_taken":19,"max_hp_gain":5,"max_hp_loss":0,"event_name":"Forgotten Altar","floor":20,"gold_loss":0},{"damage_healed":0,"gold_gain":0,"player_choice":"Upgraded","damage_taken":0,"max_hp_gain":0,"max_hp_loss":0,"event_name":"Upgrade Shrine","floor":21,"gold_loss":0,"cards_upgraded":["Dualcast"]},{"damage_healed":0,"gold_gain":0,"player_choice":"Obtained Relic","damage_taken":0,"relics_obtained":["Meat on the Bone"],"max_hp_gain":0,"max_hp_loss":0,"event_name":"Addict","floor":28,"gold_loss":85},{"cards_removed":["Consume"],"damage_healed":0,"gold_gain":0,"player_choice":"Removed Skill","damage_taken":0,"max_hp_gain":0,"max_hp_loss":0,"event_name":"Falling","floor":37,"gold_loss":0},{"damage_healed":0,"gold_gain":0,"cards_transformed":["Scrape"],"player_choice":"Transformed","damage_taken":0,"max_hp_gain":0,"max_hp_loss":0,"event_name":"Transmorgrifier","floor":38,"gold_loss":0,"cards_obtained":["Meteor Strike"]}],"is_beta":true,"boss_relics":[{"not_picked":["White Beast Statue","Calling Bell"],"picked":"Pandora\u0027s Box"},{"not_picked":["Lizard Tail","FrozenCore"],"picked":"Runic Dome"}],"items_purged_floors":[31,39,47],"is_endless":false,"potions_floor_spawned":[5,6,11,16,18,29,33,45,48],"ascension_level":5}