{"gold_per_floor":[110,110,120,140,158,183,183,7,30,41,55,74,74,106,106,206,206,222,52,44,44,62,62,62,62],"floor_reached":25,"playtime":2246,"items_purged":["Pain","Strike_G"],"score":326,"play_id":"c4153712-84c5-4c68-a322-fdaa70a1fffd","local_time":"20190730211416","is_ascension_mode":true,"campfire_choices":[{"floor":7,"key":"REST"},{"floor":15,"key":"REST"},{"floor":23,"key":"REST"}],"neow_cost":"NONE","seed_source_timestamp":566824100140165,"circlet_count":0,"master_deck":["Defend_G","Defend_G","Defend_G","Defend_G","Defend_G","Survivor","Neutralize","Slice","Bane","Slice","Well Laid Plans","Distraction","Footwork","Slice","Quick Slash","Tools of the Trade","Neutralize","Adrenaline","Storm of Steel","Backflip+1","Noxious Fumes","Bite","Bite","Bite","Bite","Bite","Leg Sweep"],"relics":["Ring of the Serpent","NeowsBlessing","WarpedTongs","Boot","Omamori","Snake Skull"],"potions_floor_usage":[6,6,14,16,25],"damage_taken":[{"damage":0,"enemies":"Small Slimes","floor":1,"turns":1},{"damage":1,"enemies":"Cultist","floor":3,"turns":1},{"damage":0,"enemies":"2 Louse","floor":4,"turns":1},{"damage":12,"enemies":"Exordium Thugs","floor":5,"turns":5},{"damage":17,"enemies":"Lagavulin","floor":6,"turns":6},{"damage":13,"enemies":"3 Louse","floor":10,"turns":4},{"damage":0,"enemies":"Blue Slaver","floor":11,"turns":4},{"damage":0,"enemies":"Looter","floor":12,"turns":3},{"damage":2,"enemies":"Gremlin Nob","floor":14,"turns":5},{"damage":21,"enemies":"The Guardian","floor":16,"turns":15},{"damage":21,"enemies":"3 Byrds","floor":18,"turns":6},{"damage":18,"enemies":"2 Thieves","floor":20,"turns":4},{"damage":26,"enemies":"Snake Plant","floor":22,"turns":6},{"damage":33,"enemies":"3 Cultists","floor":25,"turns":4}],"seed_played":"-5677798832096770120","potions_obtained":[{"floor":1,"key":"FearPotion"},{"floor":5,"key":"Strength Potion"},{"floor":6,"key":"GamblersBrew"},{"floor":11,"key":"PowerPotion"},{"floor":16,"key":"PowerPotion"}],"is_trial":false,"path_per_floor":["M","?","M","M","M","E","R","$","T","M","M","M","?","E","R","B",null,"M","$","M","?","M","R","?","M"],"character_chosen":"THE_SILENT","items_purchased":["Footwork","Slice","Noxious Fumes"],"campfire_rested":3,"item_purchase_floors":[8,8,19],"current_hp_per_floor":[63,63,62,62,50,33,54,54,54,41,41,41,41,39,60,39,62,41,41,23,23,9,23,23,0],"gold":62,"neow_bonus":"THREE_ENEMY_KILL","is_prod":false,"is_daily":false,"chose_seed":false,"campfire_upgraded":0,"win_rate":0,"timestamp":1564546456,"path_taken":["M","?","?","M","M","E","R","$","T","M","M","M","?","E","R","BOSS","M","$","M","?","M","R","?","M"],"build_version":"2019-07-17","purchased_purges":2,"victory":false,"max_hp_per_floor":[70,70,70,70,70,70,70,70,70,70,70,70,70,70,70,70,70,70,70,70,49,49,49,49,49],"card_choices":[{"not_picked":["Dash","Quick Slash"],"picked":"Slice","floor":1},{"not_picked":["Prepared","Setup"],"picked":"Bane","floor":3},{"not_picked":["Sucker Punch","Underhanded Strike"],"picked":"Slice","floor":4},{"not_picked":["Acrobatics","Backflip"],"picked":"Well Laid Plans","floor":5},{"not_picked":["Choke","Sucker Punch"],"picked":"Distraction","floor":6},{"not_picked":["Deflect","Sucker Punch"],"picked":"Quick Slash","floor":10},{"not_picked":["Dagger Throw","PiercingWail"],"picked":"Tools of the Trade","floor":11},{"not_picked":["Quick Slash","Sucker Punch","Bane"],"picked":"SKIP","floor":12},{"not_picked":["Poisoned Stab","Slice"],"picked":"Adrenaline","floor":14},{"not_picked":["Unload","Malaise"],"picked":"Storm of Steel","floor":16},{"not_picked":["Deadly Poison","Blade Dance+1"],"picked":"Backflip+1","floor":18},{"not_picked":["Blade Dance","Quick Slash","Deflect"],"picked":"SKIP","floor":20},{"not_picked":["Deadly Poison","Catalyst"],"picked":"Leg Sweep","floor":22}],"player_experience":431509,"relics_obtained":[{"floor":6,"key":"Boot"},{"floor":9,"key":"Omamori"},{"floor":14,"key":"Snake Skull"}],"event_choices":[{"damage_healed":0,"gold_gain":0,"player_choice":"Rummage","damage_taken":0,"relics_obtained":["WarpedTongs"],"max_hp_gain":0,"max_hp_loss":0,"event_name":"Accursed Blacksmith","floor":2,"gold_loss":0,"cards_obtained":["Pain"]},{"damage_healed":0,"gold_gain":0,"player_choice":"1 cards matched","damage_taken":0,"max_hp_gain":0,"max_hp_loss":0,"event_name":"Match and Keep!","floor":13,"gold_loss":0,"cards_obtained":["Neutralize"]},{"damage_healed":0,"gold_gain":0,"player_choice":"Became a vampire","damage_taken":0,"max_hp_gain":0,"max_hp_loss":21,"event_name":"Vampires","floor":21,"gold_loss":0,"cards_obtained":["Bite","Bite","Bite","Bite","Bite"]},{"damage_healed":0,"gold_gain":0,"player_choice":"Ignored","damage_taken":0,"max_hp_gain":0,"max_hp_loss":0,"event_name":"Cursed Tome","floor":24,"gold_loss":0}],"is_beta":false,"boss_relics":[{"not_picked":["Velvet Choker","White Beast Statue"],"picked":"Ring of the Serpent"}],"items_purged_floors":[8,19],"is_endless":false,"potions_floor_spawned":[1,5,6,11,16],"killed_by":"3 Cultists","ascension_level":8}