{"gold_per_floor":[109,109,127,52,65,65,65,65,110,125,141,241,254,6,6,103,103,103,103,103,3,3,3,3,3,3,3,3,3,3,3,3,3,3,3,3,3,3,3,3,3,3,3,3],"floor_reached":44,"playtime":3323,"items_purged":["Defend_B","Strike_B"],"score":618,"play_id":"20d0375e-1105-4276-a425-ad6014b8d70b","local_time":"20190223085742","is_ascension_mode":true,"campfire_choices":[{"data":"Dualcast","floor":6.0,"key":"SMITH"},{"data":"Zap","floor":8.0,"key":"SMITH"},{"data":"Impatience","floor":15.0,"key":"SMITH"},{"data":"Beam Cell","floor":23,"key":"SMITH"},{"data":"Go for the Eyes","floor":25,"key":"SMITH"},{"data":"Conserve Battery","floor":27,"key":"SMITH"},{"data":"Gash","floor":29,"key":"SMITH"},{"floor":32,"key":"REST"},{"data":"Redo","floor":40,"key":"SMITH"},{"floor":42,"key":"REST"}],"neow_cost":"NONE","seed_source_timestamp":0,"circlet_count":0,"master_deck":["Strike_B","Strike_B","Strike_B","Defend_B","Defend_B","Defend_B","Zap+1","Dualcast+1","Genetic Algorithm","Gash+1","Conserve Battery+1","Go for the Eyes+1","Impatience+1","Chrysalis+1","All For One","Beam Cell+1","All For One","Gash+1","Impatience+1","Redo+1"],"special_seed":0,"relics":["Cracked Core","NeowsBlessing","Ectoplasm","Tiny Chest","Nuclear Battery","Bottled Flame","Art of War"],"potions_floor_usage":[22,28],"damage_taken":[{"damage":0.0,"enemies":"Jaw Worm","floor":1.0,"turns":1.0},{"damage":0.0,"enemies":"Cultist","floor":3.0,"turns":1.0},{"damage":0.0,"enemies":"Small Slimes","floor":5.0,"turns":1.0},{"damage":4.0,"enemies":"Gremlin Gang","floor":10.0,"turns":4.0},{"damage":1.0,"enemies":"2 Fungi Beasts","floor":11.0,"turns":3.0},{"damage":8.0,"enemies":"Exordium Thugs","floor":13.0,"turns":3.0},{"damage":28.0,"enemies":"The Guardian","floor":16.0,"turns":14.0},{"damage":12.0,"enemies":"Spheric Guardian","floor":18.0,"turns":4.0},{"damage":6.0,"enemies":"3 Byrds","floor":19.0,"turns":4.0},{"damage":0,"enemies":"Snecko","floor":22,"turns":3},{"damage":2,"enemies":"Centurion and Healer","floor":24,"turns":7},{"damage":0,"enemies":"Slavers","floor":28,"turns":1},{"damage":15,"enemies":"Sentry and Sphere","floor":30,"turns":4},{"damage":14,"enemies":"Shelled Parasite and Fungi","floor":31,"turns":4},{"damage":14,"enemies":"Champ","floor":33,"turns":6},{"damage":4,"enemies":"Orb Walker","floor":35,"turns":3},{"damage":4,"enemies":"3 Darklings","floor":37,"turns":2},{"damage":18,"enemies":"Sphere and 2 Shapes","floor":39,"turns":5},{"damage":34,"enemies":"Nemesis","floor":41,"turns":5},{"damage":62,"enemies":"Giant Head","floor":44,"turns":6}],"seed_played":"331153268316985314","potions_obtained":[{"floor":1.0,"key":"Swift Potion"},{"floor":2.0,"key":"Poison Potion"},{"floor":2.0,"key":"Weak Potion"},{"floor":11.0,"key":"SpeedPotion"},{"floor":13.0,"key":"Fruit Juice"},{"floor":19.0,"key":"SteroidPotion"},{"floor":24,"key":"SmokeBomb"},{"floor":31,"key":"Dexterity Potion"},{"floor":35,"key":"FocusPotion"},{"floor":39,"key":"EntropicBrew"}],"is_trial":false,"path_per_floor":["M","?","M","$","M","R","$","R","T","M","M","?","M","$","R","B",null,"M","M","?","$","M","R","M","R","T","R","E","R","M","M","R","B",null,"M","?","M","$","M","R","E","R","T","E"],"character_chosen":"DEFECT","items_purchased":["Impatience","Chrysalis"],"campfire_rested":2,"item_purchase_floors":[14,14],"current_hp_per_floor":[68,68,68,68,68,68,68,68,68,64,63,63,60,60,60,32,68,56,50,50,50,50,50,48,48,48,48,48,48,33,19,43,29,67,63,63,59,59,41,41,7,31,31,0],"gold":3,"neow_bonus":"THREE_ENEMY_KILL","is_prod":false,"is_daily":false,"chose_seed":false,"campfire_upgraded":8,"win_rate":0,"timestamp":1550930262,"path_taken":["M","?","?","$","?","R","?","R","T","M","M","?","?","$","R","BOSS","M","?","?","?","M","R","M","R","T","R","E","R","M","M","R","BOSS","M","?","?","$","?","R","E","R","T","E"],"build_version":"2019-02-06","purchased_purges":2,"victory":false,"max_hp_per_floor":[75,75,75,75,75,75,75,75,75,75,75,75,80,80,80,80,80,80,80,80,80,80,80,80,80,80,80,80,80,80,80,80,80,80,80,80,80,80,80,80,80,80,80,80],"card_choices":[{"not_picked":["Rebound","Rip and Tear"],"picked":"Genetic Algorithm","floor":1.0},{"not_picked":["Rebound","Recycle","Doom and Gloom"],"picked":"SKIP","floor":3.0},{"not_picked":["Rip and Tear","Blizzard"],"picked":"Gash","floor":5.0},{"not_picked":["Storm","Hologram"],"picked":"Conserve Battery","floor":10.0},{"not_picked":["Capacitor","Ball Lightning","Compile Driver"],"picked":"SKIP","floor":11.0},{"not_picked":["Leap","Conserve Battery"],"picked":"Go for the Eyes","floor":13.0},{"not_picked":["Electrodynamics","Multi-Cast"],"picked":"All For One","floor":16.0},{"not_picked":["Coolheaded","Reinforced Body"],"picked":"Beam Cell","floor":18.0},{"not_picked":["Storm+1","Streamline","Turbo+1"],"picked":"SKIP","floor":19.0},{"not_picked":["Skim","Turbo","Electrodynamics"],"picked":"SKIP","floor":22},{"not_picked":["Ball Lightning","Rip and Tear+1","Cold Snap"],"picked":"SKIP","floor":24},{"not_picked":["Heatsinks+1","Reinforced Body","Leap"],"picked":"SKIP","floor":30},{"not_picked":["Sunder","Cold Snap","Hologram"],"picked":"SKIP","floor":31},{"not_picked":["Meteor Strike","Reboot"],"picked":"All For One","floor":33},{"not_picked":["Leap","Hologram+1"],"picked":"Gash+1","floor":35},{"not_picked":["Heatsinks+1","Turbo+1"],"picked":"Redo","floor":37},{"not_picked":["Defragment","Sunder+1","Rebound"],"picked":"SKIP","floor":39},{"not_picked":["Leap+1","Coolheaded","Go for the Eyes+1"],"picked":"SKIP","floor":41}],"player_experience":583039,"relics_obtained":[{"floor":26,"key":"Tiny Chest"},{"floor":41,"key":"Bottled Flame"},{"floor":43,"key":"Art of War"}],"event_choices":[{"damage_healed":0.0,"max_hp_gain":0.0,"max_hp_loss":0.0,"gold_gain":0.0,"event_name":"Lab","player_choice":"Got Potions","floor":2.0,"gold_loss":0.0,"damage_taken":0.0},{"damage_healed":0.0,"max_hp_gain":0.0,"max_hp_loss":0.0,"gold_gain":100.0,"event_name":"Wheel of Change","player_choice":"Gold","floor":12.0,"gold_loss":0.0,"damage_taken":0.0},{"damage_healed":0.0,"max_hp_gain":0.0,"max_hp_loss":0.0,"gold_gain":0.0,"event_name":"Upgrade Shrine","player_choice":"Upgraded","floor":20.0,"gold_loss":0.0,"damage_taken":0.0,"cards_upgraded":["Chrysalis"]},{"damage_healed":0,"gold_gain":0,"player_choice":"Copied","damage_taken":0,"max_hp_gain":0,"max_hp_loss":0,"event_name":"Duplicator","floor":36,"gold_loss":0,"cards_obtained":["Impatience"]}],"is_beta":true,"boss_relics":[{"not_picked":["Runic Dome","Inserter"],"picked":"Ectoplasm"},{"not_picked":["Runic Pyramid","White Beast Statue"],"picked":"Nuclear Battery"}],"items_purged_floors":[4,21],"is_endless":false,"potions_floor_spawned":[1,5,11,13,19,24,31,35,39],"killed_by":"Giant Head","ascension_level":6}