{"gold_per_floor":[119,119,119,134,84,109,109,126,174,191,206,104,122,132,132,232,232,248,266,266,266,76,76,101,101,157,157,172,172,182,193,193,290,290,307,307,318,338,338,358,392,406,406,506,506,540,540,550,550,550],"floor_reached":50,"playtime":3956,"items_purged":["Strike_G"],"score":601,"play_id":"0a2d6eb1-7023-4ee0-8ed7-4d4cbf01aed3","local_time":"20190302162904","is_ascension_mode":false,"campfire_choices":[{"data":"Crippling Poison","floor":7,"key":"SMITH"},{"floor":15,"key":"REST"},{"data":"Catalyst","floor":23,"key":"SMITH"},{"data":"Adrenaline","floor":25,"key":"SMITH"},{"floor":27,"key":"REST"},{"data":"Distraction","floor":29,"key":"SMITH"},{"data":"Well Laid Plans","floor":32,"key":"SMITH"},{"floor":45,"key":"REST"},{"data":"Adrenaline","floor":47,"key":"SMITH"},{"floor":49,"key":"REST"}],"neow_cost":"NONE","seed_source_timestamp":130757224607782,"circlet_count":0,"master_deck":["Defend_G","Defend_G","Defend_G","Defend_G","Defend_G","Strike_G+1","Survivor","Neutralize+1","Deadly Poison","Crippling Poison+1","Deadly Poison","Prepared","Deadly Poison","Acrobatics","Deadly Poison","Adrenaline+1","Dash+1","Distraction+1","Catalyst+1","Footwork","Shame","Footwork","Well Laid Plans+1","Adrenaline+1","Deadly Poison","Noxious Fumes","Prepared+1","Clumsy","Quick Slash+1","Shame"],"relics":["Ring of the Snake","Strawberry","Snake Skull","Ninja Scroll","Vajra","Cursed Key","PreservedInsect","Lantern","Tiny Chest","Orrery","Meat on the Bone","Pen Nib","Whetstone","Gambling Chip","Happy Flower"],"potions_floor_usage":[50,50,50],"damage_taken":[{"damage":5,"enemies":"Jaw Worm","floor":1,"turns":6},{"damage":0,"enemies":"2 Louse","floor":4,"turns":3},{"damage":24,"enemies":"Gremlin Nob","floor":6,"turns":5},{"damage":0,"enemies":"Small Slimes","floor":8,"turns":2},{"damage":2,"enemies":"Exordium Thugs","floor":10,"turns":3},{"damage":9,"enemies":"Blue Slaver","floor":11,"turns":2},{"damage":3,"enemies":"Exordium Wildlife","floor":13,"turns":2},{"damage":2,"enemies":"Looter","floor":14,"turns":2},{"damage":15,"enemies":"Hexaghost","floor":16,"turns":7},{"damage":11,"enemies":"2 Thieves","floor":18,"turns":3},{"damage":5,"enemies":"Spheric Guardian","floor":19,"turns":3},{"damage":22,"enemies":"Book of Stabbing","floor":24,"turns":5},{"damage":0,"enemies":"Chosen and Byrds","floor":28,"turns":3},{"damage":0,"enemies":"3 Cultists","floor":30,"turns":3},{"damage":0,"enemies":"Centurion and Healer","floor":31,"turns":4},{"damage":34,"enemies":"Champ","floor":33,"turns":7},{"damage":0,"enemies":"Orb Walker","floor":35,"turns":2},{"damage":13,"enemies":"3 Darklings","floor":37,"turns":4},{"damage":8,"enemies":"Maw","floor":38,"turns":4},{"damage":7,"enemies":"Spire Growth","floor":40,"turns":3},{"damage":0,"enemies":"Nemesis","floor":41,"turns":3},{"damage":0,"enemies":"3 Darklings","floor":42,"turns":3},{"damage":12,"enemies":"Mind Bloom Boss Battle","floor":44,"turns":5},{"damage":9,"enemies":"Giant Head","floor":46,"turns":5},{"damage":21,"enemies":"Jaw Worm Horde","floor":48,"turns":4},{"damage":82,"enemies":"Time Eater","floor":50,"turns":10}],"seed_played":"-1337179547593811265","potions_obtained":[{"floor":4,"key":"Explosive Potion"},{"floor":8,"key":"Regen Potion"},{"floor":10,"key":"Explosive Potion"},{"floor":18,"key":"Energy Potion"},{"floor":31,"key":"GhostInAJar"}],"is_trial":false,"path_per_floor":["M","?","?","M","?","E","R","M","T","M","M","$","M","M","R","B",null,"M","M","?","?","$","R","E","R","T","R","M","R","M","M","R","B",null,"M","?","M","M","T","M","E","M","T","?","R","E","R","M","R","B"],"character_chosen":"THE_SILENT","items_purchased":["Deadly Poison","Catalyst","PreservedInsect"],"campfire_rested":4,"item_purchase_floors":[12,22,22],"current_hp_per_floor":[72,72,65,65,65,41,41,41,41,39,30,30,27,25,48,33,77,66,61,45,70,70,70,48,48,48,71,71,71,71,71,71,37,77,77,77,64,56,56,49,49,49,49,49,72,63,63,42,65,0],"gold":550,"neow_bonus":"RANDOM_COMMON_RELIC","is_prod":false,"is_daily":false,"chose_seed":false,"campfire_upgraded":6,"win_rate":0.0,"timestamp":1551572944,"path_taken":["M","?","?","M","?","E","R","M","T","M","M","$","M","M","R","BOSS","M","M","?","?","?","R","E","R","T","R","M","R","?","M","R","BOSS","M","?","M","M","?","M","E","M","T","?","R","E","R","M","R","BOSS"],"build_version":"2019-01-23","purchased_purges":1,"victory":false,"max_hp_per_floor":[77,77,77,77,77,77,77,77,77,77,77,77,77,77,77,77,77,77,77,77,77,77,77,77,77,77,77,77,77,77,77,77,77,77,77,77,77,77,77,77,77,77,77,77,77,77,77,77,77,77],"card_choices":[{"not_picked":["Dagger Throw","Sucker Punch"],"picked":"Deadly Poison","floor":1},{"not_picked":["Masterful Stab","Tactician"],"picked":"Crippling Poison","floor":4},{"not_picked":["Underhanded Strike","Poisoned Stab"],"picked":"Deadly Poison","floor":6},{"not_picked":["Deflect","Tactician"],"picked":"Prepared","floor":8},{"not_picked":["Quick Slash","Phantasmal Killer"],"picked":"Deadly Poison","floor":10},{"not_picked":["Masterful Stab","Bane"],"picked":"Acrobatics","floor":11},{"not_picked":["Blur","Bane","Flechettes"],"picked":"SKIP","floor":13},{"not_picked":["Terror","Flechettes","Choke"],"picked":"SKIP","floor":14},{"not_picked":["Venomology","Unload"],"picked":"Adrenaline","floor":16},{"not_picked":["Deadly Poison","Skewer"],"picked":"Dash+1","floor":18},{"not_picked":["Backflip","Tactician"],"picked":"Distraction","floor":19},{"not_picked":["Unload","Flying Knee"],"picked":"Footwork","floor":24},{"not_picked":["Escape Plan","Riddle With Holes+1","Blade Dance"],"picked":"SKIP","floor":28},{"not_picked":["Dodge and Roll+1","Dagger Throw"],"picked":"Footwork","floor":30},{"not_picked":["All Out Attack","Deadly Poison"],"picked":"Well Laid Plans","floor":31},{"not_picked":["After Image","Phantasmal Killer"],"picked":"Adrenaline","floor":33},{"not_picked":["Poisoned Stab","PiercingWail"],"picked":"Deadly Poison","floor":34},{"not_picked":["Outmaneuver","Dagger Throw"],"picked":"Noxious Fumes","floor":34},{"not_picked":["Heel Hook","Predator"],"picked":"Prepared+1","floor":34},{"not_picked":["Sucker Punch","Slice+1","Heel Hook+1"],"picked":"SKIP","floor":35},{"not_picked":["Escape Plan+1","Backflip+1","Deflect"],"picked":"SKIP","floor":37},{"not_picked":["Flying Knee+1","Dagger Spray","Underhanded Strike"],"picked":"SKIP","floor":38},{"not_picked":["Sucker Punch","Bane","Deflect"],"picked":"SKIP","floor":40},{"not_picked":["Sucker Punch+1","Tactician+1","Flying Knee"],"picked":"SKIP","floor":41},{"not_picked":["Deadly Poison","Caltrops+1"],"picked":"Quick Slash+1","floor":42},{"not_picked":["Flying Knee","Underhanded Strike","Tactician"],"picked":"SKIP","floor":46},{"not_picked":["Deadly Poison","Underhanded Strike+1","Riddle With Holes"],"picked":"SKIP","floor":48}],"player_experience":45194,"relics_obtained":[{"floor":6,"key":"Ninja Scroll"},{"floor":9,"key":"Vajra"},{"floor":24,"key":"Lantern"},{"floor":26,"key":"Tiny Chest"},{"floor":39,"key":"Meat on the Bone"},{"floor":41,"key":"Pen Nib"},{"floor":43,"key":"Whetstone"},{"floor":44,"key":"Gambling Chip"},{"floor":46,"key":"Happy Flower"}],"event_choices":[{"cards_removed":["Strike_G"],"damage_healed":0,"gold_gain":0,"player_choice":"Forget","damage_taken":0,"max_hp_gain":0,"max_hp_loss":0,"event_name":"Living Wall","floor":2,"gold_loss":0},{"damage_healed":0,"gold_gain":0,"player_choice":"Success","damage_taken":7,"relics_obtained":["Snake Skull"],"max_hp_gain":0,"max_hp_loss":0,"event_name":"Scrap Ooze","floor":3,"gold_loss":0},{"cards_removed":["Strike_G"],"damage_healed":0,"gold_gain":0,"player_choice":"Card Removal","damage_taken":0,"max_hp_gain":0,"max_hp_loss":0,"event_name":"The Cleric","floor":5,"gold_loss":50},{"damage_healed":0,"gold_gain":0,"player_choice":"Obtained Book","damage_taken":16,"max_hp_gain":0,"max_hp_loss":0,"event_name":"Cursed Tome","floor":20,"gold_loss":0},{"damage_healed":25,"gold_gain":0,"player_choice":"Heal","damage_taken":0,"max_hp_gain":0,"max_hp_loss":0,"event_name":"The Library","floor":21,"gold_loss":0},{"cards_removed":["Strike_G"],"damage_healed":0,"gold_gain":0,"player_choice":"Removed Attack","damage_taken":0,"max_hp_gain":0,"max_hp_loss":0,"event_name":"Falling","floor":36,"gold_loss":0},{"damage_healed":0,"gold_gain":0,"player_choice":"Fight","damage_taken":0,"max_hp_gain":0,"max_hp_loss":0,"event_name":"MindBloom","floor":44,"gold_loss":0}],"is_beta":false,"boss_relics":[{"not_picked":["HoveringKite","Black Star"],"picked":"Cursed Key"},{"not_picked":["Calling Bell","Velvet Choker"],"picked":"Orrery"}],"items_purged_floors":[12],"is_endless":false,"potions_floor_spawned":[4,8,10,11,18,31,37,38,40,42,46,48],"killed_by":"Time Eater","ascension_level":0}