{"gold_per_floor":[115,129,129,129,142,142,155,155,205,232,248,273,287,45,45,171,171,185,210,234,234,41,41,54,94,118,118,141,165,198,213,213,339,339,362,362,287,247,53,76,99,132,159,183,183,208,208,17,17,17],"floor_reached":50,"playtime":4225,"items_purged":["Defend_B"],"score":581,"play_id":"27ddf967-5569-4bbf-a433-926cce9f1171","local_time":"20190714222637","is_ascension_mode":false,"campfire_choices":[{"data":"Zap","floor":6,"key":"SMITH"},{"floor":8,"key":"RECALL"},{"data":"Fusion","floor":15,"key":"SMITH"},{"data":"Sunder","floor":23,"key":"SMITH"},{"data":"Echo Form","floor":32,"key":"SMITH"},{"data":"Capacitor","floor":45,"key":"SMITH"},{"data":"Electrodynamics","floor":47,"key":"SMITH"},{"data":"Static Discharge","floor":49,"key":"SMITH"}],"neow_cost":"PERCENT_DAMAGE","seed_source_timestamp":535200781439780,"circlet_count":0,"master_deck":["Strike_B","Strike_B","Strike_B","Defend_B","Defend_B","Defend_B","Zap+1","Dualcast","Streamline+1","Sweeping Beam","Seek","Melter","Cold Snap","Sunder+1","Fusion+1","Static Discharge+1","Electrodynamics+1","Darkness+1","Stack+1","Chaos+1","Ghostly+1","Ghostly+1","Ghostly+1","Ghostly+1","Ghostly+1","Fusion+1","Force Field+1","Impatience+1","Streamline+1","Chill+1","Echo Form+1","Go for the Eyes","Buffer+1","Ghostly+1","Capacitor+1","Loop+1","Capacitor"],"relics":["FrozenCore","Incense Burner","Golden Idol","Happy Flower","Odd Mushroom","Toxic Egg 2","Runic Capacitor","Anchor","Potion Belt","Oddly Smooth Stone","Sozu","DollysMirror","Regal Pillow","Bronze Scales","Boot"],"potions_floor_usage":[7,7,7,25,30,30,42],"damage_taken":[{"damage":0,"enemies":"2 Louse","floor":1,"turns":2},{"damage":0,"enemies":"Cultist","floor":2,"turns":3},{"damage":1,"enemies":"Jaw Worm","floor":5,"turns":2},{"damage":0,"enemies":"Gremlin Gang","floor":7,"turns":4},{"damage":0,"enemies":"Blue Slaver","floor":11,"turns":2},{"damage":3,"enemies":"The Mushroom Lair","floor":12,"turns":3},{"damage":0,"enemies":"2 Fungi Beasts","floor":13,"turns":2},{"damage":36,"enemies":"The Guardian","floor":16,"turns":10},{"damage":2,"enemies":"3 Byrds","floor":18,"turns":2},{"damage":0,"enemies":"Spheric Guardian","floor":19,"turns":2},{"damage":10,"enemies":"Shelled Parasite and Fungi","floor":20,"turns":5},{"damage":0,"enemies":"Snecko","floor":24,"turns":6},{"damage":12,"enemies":"Book of Stabbing","floor":25,"turns":7},{"damage":0,"enemies":"Sentry and Sphere","floor":28,"turns":3},{"damage":0,"enemies":"Snake Plant","floor":29,"turns":4},{"damage":0,"enemies":"Gremlin Leader","floor":30,"turns":5},{"damage":0,"enemies":"Shelled Parasite and Fungi","floor":31,"turns":6},{"damage":2,"enemies":"Automaton","floor":33,"turns":10},{"damage":0,"enemies":"Orb Walker","floor":35,"turns":4},{"damage":0,"enemies":"3 Shapes","floor":40,"turns":5},{"damage":0,"enemies":"Sphere and 2 Shapes","floor":41,"turns":5},{"damage":1,"enemies":"Giant Head","floor":42,"turns":11},{"damage":0,"enemies":"Writhing Mass","floor":44,"turns":8},{"damage":0,"enemies":"3 Darklings","floor":46,"turns":4},{"damage":43,"enemies":"Time Eater","floor":50,"turns":15}],"seed_played":"577571297889604957","potions_obtained":[{"floor":1,"key":"Block Potion"},{"floor":2,"key":"Regen Potion"},{"floor":5,"key":"Fire Potion"},{"floor":18,"key":"Explosive Potion"},{"floor":20,"key":"Block Potion"},{"floor":24,"key":"FocusPotion"},{"floor":29,"key":"Block Potion"}],"is_trial":false,"path_per_floor":["M","M","?","?","M","R","M","R","T","T","M","?","M","$","R","B",null,"M","M","M","?","$","R","M","E","T","?","M","M","E","M","R","B",null,"M","?","$","?","$","M","M","E","T","M","R","M","R","$","R","B"],"character_chosen":"DEFECT","items_purchased":["Toxic Egg 2","Runic Capacitor","DollysMirror","Boot","Capacitor"],"campfire_rested":0,"item_purchase_floors":[14,22,39,48,48],"current_hp_per_floor":[54,54,36,36,35,35,47,47,47,47,47,44,44,44,44,8,75,73,73,63,37,37,37,37,25,25,25,25,25,25,25,25,23,37,37,37,37,37,37,37,37,36,36,36,36,36,36,36,36,0],"gold":17,"neow_bonus":"ONE_RARE_RELIC","is_prod":false,"is_daily":false,"chose_seed":false,"campfire_upgraded":7,"win_rate":0,"timestamp":1563168397,"path_taken":["M","M","?","?","M","R","?","R","T","?","M","?","M","$","R","BOSS","M","M","M","?","$","R","M","E","T","?","?","M","E","M","R","BOSS","M","?","$","?","$","M","M","E","T","M","R","M","R","$","R","BOSS"],"build_version":"2019-07-05","purchased_purges":1,"victory":false,"max_hp_per_floor":[75,75,75,75,75,75,75,75,75,75,75,75,75,75,75,75,75,75,75,75,37,37,37,37,37,37,37,37,37,37,37,37,37,37,37,37,37,37,37,37,37,37,37,37,37,37,37,37,37,37],"card_choices":[{"not_picked":["Coolheaded","Steam"],"picked":"Streamline","floor":1},{"not_picked":["Ball Lightning","Stack"],"picked":"Sweeping Beam","floor":2},{"not_picked":["Biased Cognition","FTL"],"picked":"Melter","floor":5},{"not_picked":["Hologram","Hello World"],"picked":"Cold Snap","floor":7},{"not_picked":["Double Energy","Barrage"],"picked":"Sunder","floor":11},{"not_picked":["Ball Lightning","Coolheaded"],"picked":"Fusion","floor":12},{"not_picked":["Auto Shields","Double Energy"],"picked":"Static Discharge","floor":13},{"not_picked":["Rainbow+1","Creative AI"],"picked":"Electrodynamics","floor":16},{"not_picked":["Coolheaded+1","Force Field+1"],"picked":"Darkness+1","floor":18},{"not_picked":["Redo+1","Aggregate+1"],"picked":"Stack+1","floor":19},{"not_picked":["Rebound","Turbo+1"],"picked":"Chaos+1","floor":20},{"not_picked":["Beam Cell","Blizzard"],"picked":"Fusion+1","floor":24},{"not_picked":["Rebound","Turbo+1"],"picked":"Force Field+1","floor":25},{"not_picked":["Hologram+1","Compile Driver+1"],"picked":"Streamline+1","floor":28},{"not_picked":["Compile Driver","Rebound"],"picked":"Chill+1","floor":29},{"not_picked":["Beam Cell","Auto Shields+1"],"picked":"Echo Form","floor":30},{"not_picked":["Self Repair","Steam+1"],"picked":"Go for the Eyes","floor":31},{"not_picked":["Seek+1","Thunder Strike"],"picked":"Buffer","floor":33},{"not_picked":["Leap+1","Conserve Battery+1","BootSequence+1"],"picked":"SKIP","floor":35},{"not_picked":["Fusion+1","Steam Power+1","Streamline"],"picked":"SKIP","floor":40},{"not_picked":["Steam+1","Glacier+1","Turbo+1"],"picked":"SKIP","floor":41},{"not_picked":["Steam+1","Hyperbeam","Redo+1"],"picked":"SKIP","floor":42},{"not_picked":["Cold Snap","Recycle+1"],"picked":"Capacitor","floor":44},{"not_picked":["Sunder+1","Recycle+1"],"picked":"Loop+1","floor":46}],"player_experience":319873,"relics_obtained":[{"floor":10,"key":"Happy Flower"},{"floor":12,"key":"Odd Mushroom"},{"floor":25,"key":"Anchor"},{"floor":26,"key":"Potion Belt"},{"floor":30,"key":"Oddly Smooth Stone"},{"floor":42,"key":"Regal Pillow"},{"floor":43,"key":"Bronze Scales"}],"event_choices":[{"damage_healed":0,"gold_gain":0,"player_choice":"Take Damage","damage_taken":18,"relics_obtained":["Golden Idol"],"max_hp_gain":0,"max_hp_loss":0,"event_name":"Golden Idol","floor":3,"gold_loss":0},{"damage_healed":0,"gold_gain":0,"cards_transformed":["Strike_B"],"player_choice":"Transformed","damage_taken":0,"max_hp_gain":0,"max_hp_loss":0,"event_name":"Transmorgrifier","floor":4,"gold_loss":0,"cards_obtained":["Seek"]},{"damage_healed":0,"gold_gain":0,"player_choice":"Fought Mushrooms","damage_taken":0,"max_hp_gain":0,"max_hp_loss":0,"event_name":"Mushrooms","floor":12,"gold_loss":0},{"damage_healed":0,"gold_gain":0,"player_choice":"Became a Ghost","damage_taken":0,"max_hp_gain":0,"max_hp_loss":38,"event_name":"Ghosts","floor":21,"gold_loss":0,"cards_obtained":["Ghostly","Ghostly","Ghostly","Ghostly","Ghostly"]},{"damage_healed":0,"gold_gain":0,"player_choice":"1 cards matched","damage_taken":0,"max_hp_gain":0,"max_hp_loss":0,"event_name":"Match and Keep!","floor":27,"gold_loss":0,"cards_obtained":["Impatience"]},{"damage_healed":0,"gold_gain":0,"player_choice":"Ignored","damage_taken":0,"max_hp_gain":0,"max_hp_loss":0,"event_name":"Tomb of Lord Red Mask","floor":36,"gold_loss":0},{"damage_healed":0,"gold_gain":0,"player_choice":"Upgraded Two","damage_taken":0,"max_hp_gain":0,"max_hp_loss":0,"event_name":"Designer","floor":38,"gold_loss":40,"cards_upgraded":["Buffer","Streamline"]}],"is_beta":false,"boss_relics":[{"not_picked":["Orrery","Pandora\u0027s Box"],"picked":"FrozenCore"},{"not_picked":["Calling Bell","Empty Cage"],"picked":"Sozu"}],"items_purged_floors":[37],"is_endless":false,"potions_floor_spawned":[1,2,5,18,20,24,29,41,44],"killed_by":"Time Eater","ascension_level":0}