{"gold_per_floor":[115,115,127,29,42,42,77,87,117,117,135,135,162,190,190,294,294,304,320,220,233,148,148,176,196,196,71,71,85,85,119,119,218,218,234,250,261,361,376,376,390,390,390,390,409,409,409,0,0,0],"floor_reached":51,"playtime":2194,"items_purged":["Strike_R","Strike_R","Strike_R"],"score":747,"play_id":"467b1d2b-ad81-4cec-b3cb-a41234c397b3","local_time":"20190812160142","is_ascension_mode":false,"campfire_choices":[{"data":"Bash","floor":6.0,"key":"SMITH"},{"data":"Heavy Blade","floor":10.0,"key":"SMITH"},{"data":"Shrug It Off","floor":15.0,"key":"SMITH"},{"data":"Limit Break","floor":23.0,"key":"SMITH"},{"data":"Double Tap","floor":30,"key":"SMITH"},{"data":"Ghostly Armor","floor":32,"key":"SMITH"},{"data":"Brutality","floor":40,"key":"SMITH"},{"data":"Defend_R","floor":42,"key":"SMITH"},{"data":"Defend_R","floor":44,"key":"SMITH"},{"floor":47,"key":"REST"},{"data":"Defend_R","floor":49,"key":"SMITH"}],"neow_cost":"NONE","seed_source_timestamp":5754137965033,"circlet_count":0,"master_deck":["Strike_R","Strike_R","Defend_R+1","Defend_R+1","Defend_R+1","Defend_R+1","Bash+1","Cleave+1","Battle Trance+1","Heavy Blade+1","Flex+1","Shrug It Off+1","Ghostly Armor+1","Limit Break+1","Shrug It Off+1","Double Tap+1","Brutality+1","Flame Barrier+1"],"special_seed":0,"relics":["Burning Blood","Centennial Puzzle","Matryoshka","War Paint","Blood Vial","Tiny Chest","Vajra","Odd Mushroom","Cursed Key","Singing Bowl","Bag of Marbles","Juzu Bracelet","Runic Dome","Red Mask"],"potions_floor_usage":[33,33,39,39,45,50,50],"damage_taken":[{"damage":6.0,"enemies":"Cultist","floor":1.0,"turns":3.0},{"damage":1.0,"enemies":"Jaw Worm","floor":3.0,"turns":3.0},{"damage":0.0,"enemies":"2 Louse","floor":5.0,"turns":2.0},{"damage":14.0,"enemies":"Gremlin Nob","floor":7.0,"turns":3.0},{"damage":2.0,"enemies":"Blue Slaver","floor":8.0,"turns":4.0},{"damage":8.0,"enemies":"Exordium Thugs","floor":11.0,"turns":4.0},{"damage":28.0,"enemies":"Lagavulin","floor":13.0,"turns":4.0},{"damage":4.0,"enemies":"The Mushroom Lair","floor":14.0,"turns":2.0},{"damage":3.0,"enemies":"Slime Boss","floor":16.0,"turns":5.0},{"damage":0.0,"enemies":"Chosen","floor":18.0,"turns":3.0},{"damage":2.0,"enemies":"Shell Parasite","floor":19.0,"turns":3.0},{"damage":8.0,"enemies":"Sentry and Sphere","floor":21.0,"turns":4.0},{"damage":11.0,"enemies":"Book of Stabbing","floor":24.0,"turns":3.0},{"damage":0.0,"enemies":"Chosen and Byrds","floor":25.0,"turns":3.0},{"damage":0,"enemies":"Snecko","floor":29,"turns":5},{"damage":21,"enemies":"Slavers","floor":31,"turns":3},{"damage":48,"enemies":"Champ","floor":33,"turns":8},{"damage":1,"enemies":"3 Shapes","floor":35,"turns":4},{"damage":2,"enemies":"Orb Walker","floor":36,"turns":3},{"damage":3,"enemies":"Transient","floor":37,"turns":5},{"damage":15,"enemies":"Mind Bloom Boss Battle","floor":38,"turns":4},{"damage":12,"enemies":"4 Shapes","floor":39,"turns":3},{"damage":22,"enemies":"3 Darklings","floor":41,"turns":3},{"damage":3,"enemies":"Writhing Mass","floor":45,"turns":2},{"damage":24,"enemies":"Awakened One","floor":50,"turns":6}],"seed_played":"-8243977962928934095","potions_obtained":[{"floor":7.0,"key":"Dexterity Potion"},{"floor":16.0,"key":"Poison Potion"},{"floor":19.0,"key":"Poison Potion"},{"floor":31,"key":"AttackPotion"},{"floor":33,"key":"SpeedPotion"},{"floor":37,"key":"Block Potion"},{"floor":39,"key":"Fruit Juice"},{"floor":41,"key":"SteroidPotion"}],"is_trial":false,"path_per_floor":["M","T","M","$","M","R","E","M","T","R","M","?","E","?","R","B",null,"M","M","$","M","?","R","E","M","T","$","?","M","R","E","R","B",null,"M","M","M","?","M","R","M","R","T","R","M","?","R","?","R","B",null],"character_chosen":"IRONCLAD","items_purchased":["Heavy Blade"],"campfire_rested":1,"item_purchase_floors":[4],"current_hp_per_floor":[80,80,80,80,80,80,72,76,76,76,76,60,40,44,44,49,80,80,80,80,78,78,78,77,84,84,84,84,86,86,73,73,33,88,90,90,92,85,88,88,76,76,76,76,83,83,105,105,105,87],"gold":0,"neow_bonus":"RANDOM_COMMON_RELIC","is_prod":false,"is_daily":false,"chose_seed":false,"campfire_upgraded":10,"win_rate":0,"timestamp":1565640102,"path_taken":["M","?","M","?","M","R","E","?","T","R","M","?","E","?","R","BOSS","M","M","$","M","?","R","E","M","T","?","?","M","R","E","R","BOSS","M","M","M","?","M","R","M","R","T","R","M","?","R","?","R","BOSS"],"build_version":"2019-07-17","purchased_purges":3,"victory":true,"max_hp_per_floor":[80,80,80,80,80,80,80,80,80,80,80,80,80,80,80,80,80,80,80,80,80,80,80,82,84,84,84,84,86,86,88,88,88,88,90,90,92,94,101,101,103,103,103,103,105,105,105,105,105,105],"card_choices":[{"not_picked":["Armaments","Warcry"],"picked":"Cleave","floor":1.0},{"not_picked":["Metallicize","Flame Barrier"],"picked":"Battle Trance","floor":3.0},{"not_picked":["Feed","Rupture"],"picked":"Flex","floor":5.0},{"not_picked":["Second Wind","Berserk","Twin Strike"],"picked":"SKIP","floor":7.0},{"not_picked":["Flex","Iron Wave","Havoc"],"picked":"SKIP","floor":8.0},{"not_picked":["Searing Blow","Sword Boomerang"],"picked":"Shrug It Off","floor":11.0},{"not_picked":["Reckless Charge","Berserk","Dark Embrace"],"picked":"SKIP","floor":13.0},{"not_picked":["Combust","Second Wind"],"picked":"Ghostly Armor","floor":14.0},{"not_picked":["Berserk","Feed"],"picked":"Limit Break","floor":16.0},{"not_picked":["Inflame","True Grit","Burning Pact+1"],"picked":"SKIP","floor":18.0},{"not_picked":["Sword Boomerang","Anger+1","Wild Strike"],"picked":"SKIP","floor":19.0},{"not_picked":["Body Slam","Sever Soul"],"picked":"Shrug It Off+1","floor":21.0},{"not_picked":["Hemokinesis","Body Slam","Searing Blow"],"picked":"Singing Bowl","floor":24.0},{"not_picked":["Clothesline+1","Blood for Blood+1","Anger"],"picked":"Singing Bowl","floor":25.0},{"not_picked":["Uppercut","Impervious","Armaments"],"picked":"Singing Bowl","floor":29},{"not_picked":["Havoc","Battle Trance","Dropkick+1"],"picked":"Singing Bowl","floor":31},{"not_picked":["Feed","Juggernaut"],"picked":"Brutality","floor":33},{"not_picked":["Evolve+1","Disarm+1","Twin Strike+1"],"picked":"Singing Bowl","floor":35},{"not_picked":["Body Slam+1","Inflame"],"picked":"Flame Barrier+1","floor":36},{"not_picked":["Body Slam+1","Thunderclap","Blood for Blood+1"],"picked":"Singing Bowl","floor":37},{"not_picked":["Battle Trance+1","Rage+1","Thunderclap"],"picked":"Singing Bowl","floor":38},{"not_picked":["Clothesline","Uppercut+1","Rage"],"picked":"Singing Bowl","floor":39},{"not_picked":["Carnage","Rupture","Whirlwind"],"picked":"Singing Bowl","floor":41},{"not_picked":["Immolate","Headbutt","Havoc"],"picked":"Singing Bowl","floor":45}],"player_experience":967737,"relics_obtained":[{"floor":2.0,"key":"Matryoshka"},{"floor":7.0,"key":"War Paint"},{"floor":9.0,"key":"Blood Vial"},{"floor":9.0,"key":"Tiny Chest"},{"floor":13.0,"key":"Vajra"},{"floor":14.0,"key":"Odd Mushroom"},{"floor":24.0,"key":"Bag of Marbles"},{"floor":31,"key":"Juzu Bracelet"}],"event_choices":[{"damage_healed":0.0,"max_hp_gain":0.0,"max_hp_loss":0.0,"gold_gain":0.0,"event_name":"Shining Light","player_choice":"Entered Light","floor":12.0,"gold_loss":0.0,"damage_taken":16.0,"cards_upgraded":["Cleave","Battle Trance"]},{"damage_healed":0.0,"max_hp_gain":0.0,"max_hp_loss":0.0,"gold_gain":0.0,"event_name":"Mushrooms","player_choice":"Fought Mushrooms","floor":14.0,"gold_loss":0.0,"damage_taken":0.0},{"damage_healed":0.0,"max_hp_gain":0.0,"max_hp_loss":0.0,"gold_gain":0.0,"event_name":"Addict","player_choice":"Obtained Relic","floor":22.0,"gold_loss":85.0,"damage_taken":0.0,"relics_obtained":["Singing Bowl"]},{"damage_healed":0,"gold_gain":0,"player_choice":"Read","damage_taken":0,"max_hp_gain":0,"max_hp_loss":0,"event_name":"The Library","floor":28,"gold_loss":0,"cards_obtained":["Double Tap"]},{"damage_healed":0,"gold_gain":0,"player_choice":"Fight","damage_taken":0,"max_hp_gain":0,"max_hp_loss":0,"event_name":"MindBloom","floor":38,"gold_loss":0},{"damage_healed":0,"gold_gain":0,"player_choice":"Ignored","damage_taken":0,"max_hp_gain":0,"max_hp_loss":0,"event_name":"NoteForYourself","floor":46,"gold_loss":0},{"damage_healed":0,"gold_gain":0,"player_choice":"Paid","damage_taken":0,"relics_obtained":["Red Mask"],"max_hp_gain":0,"max_hp_loss":0,"event_name":"Tomb of Lord Red Mask","floor":48,"gold_loss":409}],"is_beta":false,"boss_relics":[{"not_picked":["Snecko Eye","Calling Bell"],"picked":"Cursed Key"},{"not_picked":["Sozu","Runic Pyramid"],"picked":"Runic Dome"}],"items_purged_floors":[4,20,27],"is_endless":false,"potions_floor_spawned":[7,16,19,31,33,37,39,41],"ascension_level":0}