{"gold_per_floor":[20,20,45,66,84,120,120,120,146,169,169,169,210,241,253,388,400,428,365,360,413,444,456,42,82,82,82,122,136,151,170,170,170],"floor_reached":33,"playtime":2678,"items_purged":["Strike_B"],"score":359,"play_id":"0c526097-9109-4339-8b2c-f5df32adfec6","local_time":"20190705233520","is_ascension_mode":true,"campfire_choices":[{"data":"Zap","floor":7,"key":"SMITH"},{"floor":12,"key":"REST"},{"data":"Auto Shields","floor":15,"key":"SMITH"},{"floor":23,"key":"REST"},{"floor":27,"key":"REST"},{"floor":32,"key":"REST"}],"neow_cost":"NO_GOLD","seed_source_timestamp":22889630731313,"circlet_count":0,"master_deck":["Strike_B","Strike_B","Defend_B+1","Defend_B","Defend_B+1","Zap+1","Dualcast","Conserve Battery","Conserve Battery","Gash","Gash","Undo","Self Repair","Lockon","Auto Shields+1","Amplify","Gash+1","Stack","Ball Lightning","Steam","Self Repair","Decay","Core Surge","Fusion+1","Streamline+1","Scrape","Stack+1","Go for the Eyes"],"relics":["Cracked Core","Gambling Chip","Golden Idol","PreservedInsect","Orichalcum","MawBank","Cursed Key","Red Mask","Blood Vial","Sling","Dream Catcher","Regal Pillow","Ancient Tea Set"],"potions_floor_usage":[6,6,13,16,21,25,33,33],"damage_taken":[{"damage":4,"enemies":"Jaw Worm","floor":1,"turns":4},{"damage":1,"enemies":"2 Louse","floor":3,"turns":3},{"damage":0,"enemies":"Small Slimes","floor":4,"turns":4},{"damage":1,"enemies":"2 Fungi Beasts","floor":5,"turns":3},{"damage":26,"enemies":"Gremlin Nob","floor":6,"turns":4},{"damage":3,"enemies":"Blue Slaver","floor":10,"turns":4},{"damage":6,"enemies":"Lagavulin","floor":13,"turns":5},{"damage":0,"enemies":"3 Louse","floor":14,"turns":3},{"damage":22,"enemies":"Hexaghost","floor":16,"turns":10},{"damage":3,"enemies":"Spheric Guardian","floor":18,"turns":5},{"damage":9,"enemies":"2 Thieves","floor":20,"turns":4},{"damage":36,"enemies":"Masked Bandits","floor":21,"turns":6},{"damage":22,"enemies":"Centurion and Healer","floor":22,"turns":7},{"damage":20,"enemies":"Book of Stabbing","floor":25,"turns":5},{"damage":21,"enemies":"Slavers","floor":28,"turns":6},{"damage":23,"enemies":"Snake Plant","floor":29,"turns":5},{"damage":29,"enemies":"Shelled Parasite and Fungi","floor":30,"turns":6},{"damage":33,"enemies":"Centurion and Healer","floor":31,"turns":6},{"damage":64,"enemies":"Champ","floor":33,"turns":10}],"seed_played":"3598869443969263829","potions_obtained":[{"floor":3,"key":"GamblersBrew"},{"floor":4,"key":"GamblersBrew"},{"floor":6,"key":"SkillPotion"},{"floor":13,"key":"FocusPotion"},{"floor":16,"key":"SpeedPotion"},{"floor":20,"key":"Ancient Potion"},{"floor":21,"key":"PowerPotion"},{"floor":30,"key":"Ancient Potion"},{"floor":31,"key":"EssenceOfSteel"}],"is_trial":false,"path_per_floor":["M","?","M","M","M","E","R","?","T","M","?","R","E","M","R","B",null,"M","?","M","?","M","R","$","E","T","R","E","M","M","M","R","B"],"character_chosen":"DEFECT","items_purchased":["Blood Vial","Sling"],"campfire_rested":4,"item_purchase_floors":[24,24],"current_hp_per_floor":[71,69,68,68,67,41,41,34,34,31,17,37,38,38,38,23,69,69,69,67,38,23,43,43,32,32,67,69,53,40,16,51,0],"gold":170,"neow_bonus":"ONE_RARE_RELIC","is_prod":false,"is_daily":false,"chose_seed":false,"campfire_upgraded":2,"win_rate":0,"timestamp":1562394920,"path_taken":["M","?","M","M","M","E","R","?","T","M","?","R","E","M","R","BOSS","M","?","M","?","M","R","$","E","T","R","E","M","M","M","R","BOSS"],"build_version":"2019-07-05","purchased_purges":1,"victory":false,"max_hp_per_floor":[75,69,69,69,69,69,69,69,69,69,69,69,69,69,69,69,69,69,69,69,69,69,69,69,69,69,69,69,69,69,69,69,69],"card_choices":[{"not_picked":["Hologram","Beam Cell"],"picked":"Conserve Battery","floor":1},{"not_picked":["Redo","Undo"],"picked":"Conserve Battery","floor":3},{"not_picked":["Leap","Storm"],"picked":"Gash","floor":4},{"not_picked":["Double Energy","Rebound"],"picked":"Gash","floor":5},{"not_picked":["Barrage","Cold Snap"],"picked":"Undo","floor":6},{"not_picked":["Cold Snap","Amplify"],"picked":"Self Repair","floor":10},{"not_picked":["Darkness","Compile Driver"],"picked":"Lockon","floor":13},{"not_picked":["Stack","Coolheaded"],"picked":"Auto Shields","floor":14},{"not_picked":["Thunder Strike","Fission"],"picked":"Amplify","floor":16},{"not_picked":["Conserve Battery","Auto Shields+1"],"picked":"Gash+1","floor":18},{"not_picked":["Aggregate","Rebound"],"picked":"Stack","floor":20},{"not_picked":["Coolheaded","Reprogram"],"picked":"Ball Lightning","floor":21},{"not_picked":["Barrage+1","Double Energy"],"picked":"Steam","floor":22},{"not_picked":["Tempest","Skim+1"],"picked":"Self Repair","floor":25},{"not_picked":["Redo","Rebound"],"picked":"Core Surge","floor":27},{"not_picked":["Streamline+1","Ball Lightning+1"],"picked":"Fusion+1","floor":28},{"not_picked":["Coolheaded+1","Conserve Battery"],"picked":"Streamline+1","floor":29},{"not_picked":["Tempest+1","Leap+1"],"picked":"Scrape","floor":30},{"not_picked":["Leap","Cold Snap"],"picked":"Stack+1","floor":31},{"not_picked":["Double Energy","Lockon"],"picked":"Go for the Eyes","floor":32}],"player_experience":194015,"relics_obtained":[{"floor":6,"key":"PreservedInsect"},{"floor":9,"key":"Orichalcum"},{"floor":13,"key":"MawBank"},{"floor":21,"key":"Red Mask"},{"floor":25,"key":"Dream Catcher"},{"floor":26,"key":"Regal Pillow"},{"floor":28,"key":"Ancient Tea Set"}],"event_choices":[{"damage_healed":0,"gold_gain":0,"player_choice":"Lose Max HP","damage_taken":0,"relics_obtained":["Golden Idol"],"max_hp_gain":0,"max_hp_loss":6,"event_name":"Golden Idol","floor":2,"gold_loss":0},{"cards_removed":["Defend_B"],"damage_healed":0,"gold_gain":0,"player_choice":"Card Removal","damage_taken":7,"max_hp_gain":0,"max_hp_loss":0,"event_name":"Golden Wing","floor":8,"gold_loss":0},{"damage_healed":0,"gold_gain":0,"player_choice":"Entered Light","damage_taken":14,"max_hp_gain":0,"max_hp_loss":0,"event_name":"Shining Light","floor":11,"gold_loss":0,"cards_upgraded":["Defend_B","Defend_B"]},{"cards_removed":["Strike_B"],"damage_healed":0,"gold_gain":0,"player_choice":"Gave Gold","damage_taken":0,"max_hp_gain":0,"max_hp_loss":0,"event_name":"Beggar","floor":19,"gold_loss":75},{"damage_healed":0,"gold_gain":0,"player_choice":"Fought Bandits","damage_taken":0,"max_hp_gain":0,"max_hp_loss":0,"event_name":"Masked Bandits","floor":21,"gold_loss":0}],"is_beta":false,"boss_relics":[{"not_picked":["Ectoplasm","Sozu"],"picked":"Cursed Key"}],"items_purged_floors":[24],"is_endless":false,"potions_floor_spawned":[3,4,6,13,16,20,21,30,31],"killed_by":"Champ","ascension_level":4}