{"gold_per_floor":[109,126,142,155,80,80,95,115,115,141,141,68,83,93,93,93],"floor_reached":16,"playtime":644,"items_purged":["Strike_B"],"score":106,"play_id":"577540ff-8f4c-42f1-84a2-3447daa05f9a","local_time":"20190806220952","is_ascension_mode":false,"campfire_choices":[{"data":"Zap","floor":6,"key":"SMITH"},{"data":"Dualcast","floor":11,"key":"SMITH"},{"floor":15,"key":"REST"}],"neow_cost":"NONE","seed_source_timestamp":134578913268464,"circlet_count":0,"master_deck":["Strike_B","Strike_B","Defend_B","Defend_B","Defend_B","Defend_B","Zap+1","Dualcast+1","Gash","Leap"],"relics":["Cracked Core","Thread and Needle","Molten Egg 2","Turnip"],"potions_floor_usage":[4,10,14,16],"damage_taken":[{"damage":1,"enemies":"Cultist","floor":1,"turns":3},{"damage":5,"enemies":"Small Slimes","floor":2,"turns":3},{"damage":0,"enemies":"2 Louse","floor":3,"turns":3},{"damage":1,"enemies":"2 Fungi Beasts","floor":4,"turns":3},{"damage":6,"enemies":"Lots of Slimes","floor":7,"turns":6},{"damage":0,"enemies":"Looter","floor":8,"turns":2},{"damage":31,"enemies":"Gremlin Nob","floor":10,"turns":4},{"damage":0,"enemies":"3 Louse","floor":13,"turns":3},{"damage":9,"enemies":"Exordium Thugs","floor":14,"turns":5},{"damage":51,"enemies":"Hexaghost","floor":16,"turns":13}],"seed_played":"-5725013247297899270","potions_obtained":[{"floor":1,"key":"GamblersBrew"},{"floor":3,"key":"Fruit Juice"},{"floor":13,"key":"SteroidPotion"},{"floor":14,"key":"Block Potion"}],"is_trial":false,"path_per_floor":["M","M","M","M","$","R","M","M","T","E","R","?","M","M","R","B"],"character_chosen":"DEFECT","items_purchased":[],"campfire_rested":1,"item_purchase_floors":[],"current_hp_per_floor":[74,69,69,73,73,73,67,67,67,36,36,36,36,27,51,0],"gold":93,"neow_bonus":"REMOVE_CARD","is_prod":false,"is_daily":false,"chose_seed":false,"campfire_upgraded":2,"win_rate":0,"timestamp":1565154592,"path_taken":["M","M","M","M","$","R","M","?","T","E","R","?","M","M","R","BOSS"],"build_version":"2019-07-17","purchased_purges":1,"victory":false,"max_hp_per_floor":[75,75,75,80,80,80,80,80,80,80,80,80,80,80,80,80],"card_choices":[{"not_picked":["Double Energy","Chaos","Blizzard"],"picked":"SKIP","floor":1},{"not_picked":["Ball Lightning","Static Discharge","Rebound"],"picked":"SKIP","floor":2},{"not_picked":["Redo","Conserve Battery"],"picked":"Gash","floor":3},{"not_picked":["Redo","Stack","Recycle"],"picked":"SKIP","floor":4},{"not_picked":["Cold Snap","Rebound","Skim"],"picked":"SKIP","floor":7},{"not_picked":["Ball Lightning","Stack","Go for the Eyes"],"picked":"SKIP","floor":8},{"not_picked":["Compile Driver","Consume","Thunder Strike"],"picked":"SKIP","floor":10},{"not_picked":["Consume","Compile Driver+1","Cold Snap+1"],"picked":"SKIP","floor":13},{"not_picked":["Auto Shields","Streamline+1"],"picked":"Leap","floor":14}],"player_experience":495553,"relics_obtained":[{"floor":9,"key":"Thread and Needle"},{"floor":10,"key":"Molten Egg 2"}],"event_choices":[{"damage_healed":0,"gold_gain":0,"player_choice":"Paid Gold","damage_taken":0,"relics_obtained":["Turnip"],"max_hp_gain":0,"max_hp_loss":0,"event_name":"WeMeetAgain","floor":12,"gold_loss":73}],"is_beta":false,"boss_relics":[],"items_purged_floors":[5],"is_endless":false,"potions_floor_spawned":[1,3,13,14],"killed_by":"Hexaghost","ascension_level":0}