{"gold_per_floor":[112,14,33,33,51,51,84,84,84,84,98,98,98,119,119,247,247,260,260,285,54,54,54,73,108,108,108,126,169,169,209,209,332,332,348,348,149,164,178,178,211,211,237,570,419,444,444,454,454,454],"floor_reached":51,"playtime":3020,"items_purged":["Strike_R","Defend_R"],"score":1162,"play_id":"6fa1a902-4f2f-4311-b3b5-431dd3ebfbbc","local_time":"20190814232418","is_ascension_mode":true,"campfire_choices":[{"data":"1","floor":6.0,"key":"LIFT"},{"floor":8.0,"key":"REST"},{"data":"2","floor":13.0,"key":"LIFT"},{"floor":15.0,"key":"REST"},{"data":"3","floor":23.0,"key":"LIFT"},{"data":"Metallicize","floor":27.0,"key":"SMITH"},{"data":"Fiend Fire","floor":32,"key":"SMITH"},{"data":"Armaments","floor":40,"key":"SMITH"},{"floor":42,"key":"RECALL"},{"data":"Inflame","floor":49,"key":"SMITH"}],"neow_cost":"PERCENT_DAMAGE","seed_source_timestamp":254615010974200,"circlet_count":0,"master_deck":["Defend_R","Defend_R","Defend_R","Bash","Heavy Blade","Pommel Strike","Twin Strike","Armaments+1","Metallicize+1","Cleave","Impervious","Pummel+1","Heavy Blade+1","Bite","Bite","Bite","Bite","Bite","Blood for Blood","Bludgeon","Carnage","Necronomicurse","Shockwave+1","Inflame+1","Perfected Strike+1","Fiend Fire+1","Bludgeon","Pummel","Searing Blow","Shrug It Off+1","Heavy Blade+1","Shockwave+1","Sword Boomerang+1"],"special_seed":0,"relics":["Burning Blood","Girya","Prayer Wheel","Shuriken","Meat on the Bone","Snecko Eye","Oddly Smooth Stone","Necronomicon","Champion Belt","Smiling Mask","Dead Branch","Blue Candle","Du-Vu Doll","Mark of Pain","Happy Flower","Red Skull","Orichalcum","Blood Vial","Potion Belt","FaceOfCleric"],"potions_floor_usage":[29,31,50,50],"damage_taken":[{"damage":6.0,"enemies":"Cultist","floor":1.0,"turns":4.0},{"damage":2.0,"enemies":"Small Slimes","floor":3.0,"turns":4.0},{"damage":2.0,"enemies":"Jaw Worm","floor":5.0,"turns":3.0},{"damage":37.0,"enemies":"Lagavulin","floor":7.0,"turns":6.0},{"damage":1.0,"enemies":"3 Louse","floor":11.0,"turns":4.0},{"damage":19.0,"enemies":"Exordium Thugs","floor":14.0,"turns":5.0},{"damage":40.0,"enemies":"Hexaghost","floor":16.0,"turns":10.0},{"damage":30.0,"enemies":"2 Thieves","floor":18.0,"turns":5.0},{"damage":3.0,"enemies":"Spheric Guardian","floor":20.0,"turns":3.0},{"damage":18.0,"enemies":"Chosen and Byrds","floor":24.0,"turns":5.0},{"damage":27.0,"enemies":"Slavers","floor":25.0,"turns":3.0},{"damage":0.0,"enemies":"Shelled Parasite and Fungi","floor":28.0,"turns":2.0},{"damage":0,"enemies":"Gremlin Leader","floor":29,"turns":1},{"damage":7,"enemies":"Slavers","floor":31,"turns":2},{"damage":3,"enemies":"Collector","floor":33,"turns":2},{"damage":12,"enemies":"3 Shapes","floor":35,"turns":3},{"damage":16,"enemies":"3 Darklings","floor":38,"turns":3},{"damage":0,"enemies":"Spire Growth","floor":39,"turns":2},{"damage":6,"enemies":"Nemesis","floor":41,"turns":3},{"damage":0,"enemies":"Reptomancer","floor":46,"turns":1},{"damage":0,"enemies":"Transient","floor":48,"turns":5},{"damage":44,"enemies":"Awakened One","floor":50,"turns":4}],"seed_played":"-4307160955505078295","potions_obtained":[{"floor":11.0,"key":"SpeedPotion"},{"floor":14.0,"key":"Block Potion"},{"floor":16.0,"key":"Ancient Potion"},{"floor":18.0,"key":"Ancient Potion"},{"floor":20.0,"key":"FearPotion"},{"floor":28.0,"key":"FearPotion"},{"floor":31,"key":"Fire Potion"},{"floor":38,"key":"LiquidBronze"},{"floor":48,"key":"SneckoOil"}],"is_trial":false,"path_per_floor":["M","$","M","?","M","R","E","R","T","?","M","?","R","M","R","B",null,"M","?","M","$","?","R","M","E","T","R","M","E","?","E","R","B",null,"M","?","$","M","M","R","E","R","T","?","$","E","?","M","R","B",null],"character_chosen":"IRONCLAD","items_purchased":["Pommel Strike","Oddly Smooth Stone","Carnage","Happy Flower","Blood Vial"],"campfire_rested":2,"item_purchase_floors":[2,21,21,37,45],"current_hp_per_floor":[51,51,55,39,43,43,12,36,36,36,41,29,29,28,50,28,63,51,51,51,51,35,35,33,32,32,32,42,48,48,51,51,51,51,48,48,48,47,51,51,51,51,51,51,51,51,51,52,52,27],"gold":454,"neow_bonus":"ONE_RARE_RELIC","is_prod":false,"is_daily":false,"chose_seed":false,"campfire_upgraded":4,"win_rate":0,"timestamp":1565814258,"path_taken":["M","?","M","?","M","R","E","R","T","?","?","?","R","M","R","BOSS","M","?","M","$","?","R","M","E","T","R","M","E","?","E","R","BOSS","M","?","$","?","M","R","E","R","T","?","?","E","?","M","R","BOSS"],"build_version":"2019-07-17","purchased_purges":2,"victory":true,"max_hp_per_floor":[80,80,80,80,80,80,80,80,80,74,74,74,74,74,74,74,74,74,51,51,51,51,51,51,51,51,51,51,51,51,51,51,51,51,51,51,51,51,51,51,51,51,51,51,51,51,51,52,52,53],"card_choices":[{"not_picked":["Shrug It Off","Evolve"],"picked":"Heavy Blade","floor":1.0},{"not_picked":["Rupture","Dual Wield"],"picked":"Twin Strike","floor":3.0},{"not_picked":["Infernal Blade","Flex"],"picked":"Armaments","floor":5.0},{"not_picked":["Perfected Strike","Power Through","Hemokinesis"],"picked":"SKIP","floor":7.0},{"not_picked":["Cleave","Burning Pact"],"picked":"Metallicize","floor":11.0},{"not_picked":["Armaments","Whirlwind"],"picked":"Cleave","floor":11.0},{"not_picked":["Armaments","Bloodletting"],"picked":"Battle Trance","floor":14.0},{"not_picked":["Pommel Strike","Thunderclap","True Grit"],"picked":"SKIP","floor":14.0},{"not_picked":["Exhume","Fiend Fire"],"picked":"Impervious","floor":16.0},{"not_picked":["Bloodletting+1","Cleave"],"picked":"Pummel+1","floor":18.0},{"not_picked":["Pummel+1","Perfected Strike"],"picked":"Heavy Blade+1","floor":18.0},{"not_picked":["Anger+1","Twin Strike"],"picked":"Blood for Blood","floor":20.0},{"not_picked":["Battle Trance","Sentinel"],"picked":"Bludgeon","floor":20.0},{"not_picked":["Hemokinesis","Pommel Strike+1"],"picked":"Shockwave+1","floor":24.0},{"not_picked":["True Grit+1","Anger","Twin Strike+1"],"picked":"SKIP","floor":24.0},{"not_picked":["Iron Wave","Burning Pact"],"picked":"Inflame","floor":25.0},{"not_picked":["Headbutt","Entrench"],"picked":"Perfected Strike+1","floor":28.0},{"not_picked":["Evolve","Infernal Blade","Pommel Strike"],"picked":"SKIP","floor":28.0},{"not_picked":["Power Through","Sword Boomerang","Infernal Blade+1"],"picked":"SKIP","floor":29},{"not_picked":["Uppercut+1","Iron Wave+1"],"picked":"Fiend Fire","floor":31},{"not_picked":["Feed","Double Tap"],"picked":"Bludgeon","floor":33},{"not_picked":["Havoc+1","Rage"],"picked":"Pummel","floor":35},{"not_picked":["Headbutt+1","Armaments","Wild Strike"],"picked":"SKIP","floor":35},{"not_picked":["Brutality","Flex+1"],"picked":"Shrug It Off+1","floor":38},{"not_picked":["Clothesline","Anger","Body Slam"],"picked":"SKIP","floor":38},{"not_picked":["Headbutt","Hemokinesis+1","Wild Strike"],"picked":"SKIP","floor":39},{"not_picked":["Shrug It Off+1","Intimidate+1","Warcry"],"picked":"SKIP","floor":39},{"not_picked":["Dropkick+1","Offering","Rupture+1"],"picked":"SKIP","floor":41},{"not_picked":["Dropkick+1","Offering","Rupture+1"],"picked":"SKIP","floor":41},{"not_picked":["Armaments","Sentinel+1"],"picked":"Heavy Blade+1","floor":46},{"not_picked":["Iron Wave+1","Thunderclap+1"],"picked":"Shockwave+1","floor":48},{"not_picked":["Thunderclap","Iron Wave"],"picked":"Sword Boomerang+1","floor":48}],"player_experience":214920,"relics_obtained":[{"floor":7.0,"key":"Prayer Wheel"},{"floor":9.0,"key":"Shuriken"},{"floor":22.0,"key":"Necronomicon"},{"floor":25.0,"key":"Champion Belt"},{"floor":26.0,"key":"Smiling Mask"},{"floor":29,"key":"Dead Branch"},{"floor":31,"key":"Du-Vu Doll"},{"floor":41,"key":"Red Skull"},{"floor":43,"key":"Orichalcum"},{"floor":46,"key":"Potion Belt"}],"event_choices":[{"damage_healed":0.0,"max_hp_gain":0.0,"max_hp_loss":0.0,"gold_gain":0.0,"event_name":"Shining Light","player_choice":"Entered Light","floor":4.0,"gold_loss":0.0,"damage_taken":16.0,"cards_upgraded":["Strike_R","Strike_R"]},{"damage_healed":0.0,"max_hp_gain":0.0,"max_hp_loss":6.0,"gold_gain":0.0,"event_name":"Golden Idol","player_choice":"Lose Max HP","floor":10.0,"gold_loss":0.0,"damage_taken":0.0,"relics_obtained":["Golden Idol"]},{"damage_healed":0.0,"max_hp_gain":0.0,"max_hp_loss":0.0,"gold_gain":0.0,"event_name":"Scrap Ooze","player_choice":"Success","floor":12.0,"gold_loss":0.0,"damage_taken":12.0,"relics_obtained":["Meat on the Bone"]},{"damage_healed":0.0,"max_hp_gain":0.0,"max_hp_loss":23.0,"gold_gain":0.0,"event_name":"Vampires","player_choice":"Became a vampire","floor":19.0,"gold_loss":0.0,"damage_taken":0.0,"cards_obtained":["Bite","Bite","Bite","Bite","Bite"]},{"damage_healed":0.0,"max_hp_gain":0.0,"max_hp_loss":0.0,"gold_gain":0.0,"event_name":"Cursed Tome","player_choice":"Obtained Book","floor":22.0,"gold_loss":0.0,"damage_taken":16.0},{"damage_healed":0,"gold_gain":0,"player_choice":"Opened","damage_taken":0,"relics_obtained":["Blue Candle"],"max_hp_gain":0,"max_hp_loss":0,"event_name":"The Mausoleum","floor":30,"gold_loss":0},{"damage_healed":0,"gold_gain":0,"cards_transformed":["Battle Trance"],"player_choice":"Transformed","damage_taken":0,"max_hp_gain":0,"max_hp_loss":0,"event_name":"Transmorgrifier","floor":36,"gold_loss":0,"cards_obtained":["Searing Blow"]},{"damage_healed":0,"gold_gain":333,"player_choice":"Gave Idol","damage_taken":0,"max_hp_gain":0,"max_hp_loss":0,"event_name":"The Moai Head","floor":44,"relics_lost":["Golden Idol"],"gold_loss":0},{"damage_healed":0,"gold_gain":0,"player_choice":"Trade","damage_taken":0,"relics_obtained":["FaceOfCleric"],"max_hp_gain":0,"max_hp_loss":0,"event_name":"FaceTrader","floor":47,"gold_loss":0}],"is_beta":false,"boss_relics":[{"not_picked":["Runic Dome","White Beast Statue"],"picked":"Snecko Eye"},{"not_picked":["Busted Crown","Runic Pyramid"],"picked":"Mark of Pain"}],"items_purged_floors":[2,37],"is_endless":false,"potions_floor_spawned":[11,14,16,18,20,28,31,38,48],"ascension_level":6}