{"gold_per_floor":[115,115,115,127,52,52,52,52,125,125,135,135,152,178,178,252,252,272,197,208,221,34,34,53,53,108,108,108,108,123,142,142,214,214,226,101,101,118,138,138,138,156,156,156,174,204,204,217,217,217],"floor_reached":51,"playtime":4128,"items_purged":["Strike_B","Strike_B","Defend_B"],"score":1291,"play_id":"645c74f1-4d6d-46a4-96b7-f089a0f97530","local_time":"20190720154430","is_ascension_mode":true,"campfire_choices":[{"data":"Consume","floor":6.0,"key":"SMITH"},{"data":"Coolheaded","floor":8.0,"key":"SMITH"},{"data":"Dualcast","floor":10.0,"key":"SMITH"},{"data":"Sunder","floor":12.0,"key":"SMITH"},{"data":"Glacier","floor":15.0,"key":"SMITH"},{"data":"Recycle","floor":23.0,"key":"SMITH"},{"data":"Creative AI","floor":25.0,"key":"SMITH"},{"data":"Capacitor","floor":27.0,"key":"SMITH"},{"floor":32.0,"key":"REST"},{"floor":40.0,"key":"REST"},{"floor":44.0,"key":"REST"},{"floor":47,"key":"REST"},{"floor":49,"key":"REST"}],"neow_cost":"NONE","seed_source_timestamp":0,"circlet_count":0,"master_deck":["AscendersBane","Defend_B","Defend_B","Defend_B+1","Zap+1","Dualcast+1","Coolheaded+1","Consume+1","Sunder+1","Conserve Battery+1","Glacier+1","Creative AI+1","Capacitor+1","White Noise+1","Recycle+1","Necronomicurse","Electrodynamics","Amplify","Reinforced Body","Leap","Parasite"],"special_seed":0,"relics":["Cracked Core","Darkstone Periapt","Centennial Puzzle","Runic Pyramid","Tiny Chest","Necronomicon","Cursed Key","War Paint"],"potions_floor_usage":[46,50],"damage_taken":[{"damage":2.0,"enemies":"Jaw Worm","floor":1.0,"turns":3.0},{"damage":2.0,"enemies":"Small Slimes","floor":4.0,"turns":4.0},{"damage":0.0,"enemies":"2 Louse","floor":11.0,"turns":2.0},{"damage":0.0,"enemies":"Looter","floor":13.0,"turns":2.0},{"damage":5.0,"enemies":"3 Sentries","floor":14.0,"turns":9.0},{"damage":37.0,"enemies":"Hexaghost","floor":16.0,"turns":15.0},{"damage":0.0,"enemies":"Chosen","floor":18.0,"turns":5.0},{"damage":0.0,"enemies":"3 Byrds","floor":20.0,"turns":5.0},{"damage":13.0,"enemies":"Shelled Parasite and Fungi","floor":21.0,"turns":8.0},{"damage":0.0,"enemies":"Snake Plant","floor":24.0,"turns":5.0},{"damage":8.0,"enemies":"Snecko","floor":30.0,"turns":7.0},{"damage":0.0,"enemies":"Chosen and Byrds","floor":31.0,"turns":8.0},{"damage":6.0,"enemies":"Collector","floor":33.0,"turns":12.0},{"damage":22.0,"enemies":"3 Shapes","floor":35.0,"turns":2.0},{"damage":17.0,"enemies":"Orb Walker","floor":38.0,"turns":3.0},{"damage":24.0,"enemies":"Jaw Worm Horde","floor":39.0,"turns":3.0},{"damage":0.0,"enemies":"Maw","floor":42.0,"turns":9.0},{"damage":19.0,"enemies":"Writhing Mass","floor":45.0,"turns":5.0},{"damage":29,"enemies":"Reptomancer","floor":46,"turns":6},{"damage":19,"enemies":"4 Shapes","floor":48,"turns":5},{"damage":17,"enemies":"Donu and Deca","floor":50,"turns":10}],"seed_played":"5699112944460788316","potions_obtained":[{"floor":13.0,"key":"Dexterity Potion"},{"floor":14.0,"key":"Fire Potion"},{"floor":24.0,"key":"Regen Potion"},{"floor":31.0,"key":"Block Potion"},{"floor":38.0,"key":"Explosive Potion"},{"floor":45.0,"key":"Energy Potion"}],"is_trial":false,"path_per_floor":["M","?","?","M","?","R","?","R","T","R","M","R","M","E","R","B",null,"M","$","M","M","$","R","M","R","T","R","?","?","M","M","R","B",null,"M","$","T","M","M","R","?","M","T","R","M","E","R","M","R","B",null],"character_chosen":"DEFECT","items_purchased":["Recycle"],"campfire_rested":5,"item_purchase_floors":[22],"current_hp_per_floor":[62,62,62,60,60,60,65,65,65,65,65,65,65,60,60,23,63,63,63,63,50,50,50,50,50,50,50,35,35,42,42,66,60,77,55,55,55,38,14,38,38,38,38,62,49,20,46,27,53,36],"gold":217,"neow_bonus":"UPGRADE_CARD","is_prod":false,"is_daily":false,"chose_seed":false,"campfire_upgraded":8,"win_rate":0,"timestamp":1563651870,"path_taken":["M","?","?","M","?","R","?","R","T","R","M","R","M","E","R","BOSS","M","$","M","M","$","R","M","R","T","R","?","?","M","M","R","BOSS","M","$","?","?","M","R","?","M","T","R","M","E","R","M","R","BOSS"],"build_version":"2019-07-17","purchased_purges":3,"victory":true,"max_hp_per_floor":[71,71,71,71,71,71,76,76,76,76,76,76,76,76,76,76,76,76,76,76,76,76,76,76,76,76,76,82,82,82,82,82,82,82,82,82,82,82,82,82,82,82,82,82,88,88,88,88,88,88],"card_choices":[{"not_picked":["Redo","White Noise"],"picked":"Coolheaded","floor":1.0},{"not_picked":["Steam","Beam Cell"],"picked":"Consume","floor":4.0},{"not_picked":["Hologram","Leap"],"picked":"Sunder","floor":11.0},{"not_picked":["Streamline","Double Energy"],"picked":"Conserve Battery","floor":13.0},{"not_picked":["Turbo","All For One"],"picked":"Glacier","floor":14.0},{"not_picked":["Seek","Thunder Strike"],"picked":"Creative AI","floor":16.0},{"not_picked":["Compile Driver+1","Coolheaded"],"picked":"Capacitor","floor":18.0},{"not_picked":["Stack","Ball Lightning","Force Field"],"picked":"SKIP","floor":20.0},{"not_picked":["Redo","Streamline"],"picked":"White Noise+1","floor":21.0},{"not_picked":["Consume","Streamline","Melter"],"picked":"SKIP","floor":24.0},{"not_picked":["Stack","Turbo","Storm"],"picked":"SKIP","floor":30.0},{"not_picked":["Rebound+1","Coolheaded+1"],"picked":"Electrodynamics","floor":31.0},{"not_picked":["Creative AI","Buffer"],"picked":"Amplify","floor":33.0},{"not_picked":["Hello World","Streamline","Barrage+1"],"picked":"SKIP","floor":35.0},{"not_picked":["Stack","Sunder"],"picked":"Reinforced Body","floor":38.0},{"not_picked":["Gash","Steam"],"picked":"Leap","floor":39.0},{"not_picked":["Leap","Gash","Go for the Eyes+1"],"picked":"SKIP","floor":42.0},{"not_picked":["Melter","Sweeping Beam","Rebound"],"picked":"SKIP","floor":45.0},{"not_picked":["Hyperbeam","Streamline","Lockon"],"picked":"SKIP","floor":46},{"not_picked":["Static Discharge+1","Barrage+1","Go for the Eyes"],"picked":"SKIP","floor":48}],"player_experience":898075,"relics_obtained":[{"floor":9.0,"key":"Darkstone Periapt"},{"floor":14.0,"key":"Centennial Puzzle"},{"floor":26.0,"key":"Tiny Chest"},{"floor":28.0,"key":"Necronomicon"},{"floor":46,"key":"War Paint"}],"event_choices":[{"damage_healed":0.0,"max_hp_gain":0.0,"max_hp_loss":0.0,"gold_gain":0.0,"event_name":"Liars Game","player_choice":"Ignored","floor":2.0,"gold_loss":0.0,"damage_taken":0.0},{"cards_removed":["Strike_B"],"damage_healed":0.0,"max_hp_gain":0.0,"max_hp_loss":0.0,"gold_gain":0.0,"event_name":"Living Wall","player_choice":"Forget","floor":3.0,"gold_loss":0.0,"damage_taken":0.0},{"cards_removed":["Strike_B"],"damage_healed":0.0,"max_hp_gain":0.0,"max_hp_loss":0.0,"gold_gain":0.0,"event_name":"The Cleric","player_choice":"Card Removal","floor":5.0,"gold_loss":75.0,"damage_taken":0.0},{"damage_healed":0.0,"max_hp_gain":5.0,"max_hp_loss":0.0,"gold_gain":0.0,"event_name":"Big Fish","player_choice":"Donut","floor":7.0,"gold_loss":0.0,"damage_taken":0.0},{"damage_healed":0.0,"max_hp_gain":0.0,"max_hp_loss":0.0,"gold_gain":0.0,"event_name":"Cursed Tome","player_choice":"Obtained Book","floor":28.0,"gold_loss":0.0,"damage_taken":21.0},{"damage_healed":0.0,"max_hp_gain":0.0,"max_hp_loss":0.0,"gold_gain":0.0,"event_name":"Match and Keep!","player_choice":"0 cards matched","floor":29.0,"gold_loss":0.0,"damage_taken":0.0,"cards_obtained":[]},{"damage_healed":0.0,"max_hp_gain":0.0,"max_hp_loss":0.0,"gold_gain":0.0,"event_name":"Mysterious Sphere","player_choice":"Ignored","floor":41.0,"gold_loss":0.0,"damage_taken":0.0}],"is_beta":false,"boss_relics":[{"not_picked":["FrozenCore","Pandora\u0027s Box"],"picked":"Runic Pyramid"},{"not_picked":["Fusion Hammer","Calling Bell"],"picked":"Cursed Key"}],"items_purged_floors":[19,22,36],"is_endless":false,"potions_floor_spawned":[13,14,18,24,31,38,45],"ascension_level":18}