{"gold_per_floor":[116,128,128,141,154,189,189,204,255,281,311,311,311,342,342,440,440,450,221,320,339,388,388,406,439,519,583,600,600,631,831,831,929,929,940,418,431,391,42,42,59,88,115,115,129,158,158,178,178,178,178,178,28,57,57],"floor_reached":56,"playtime":5071,"items_purged":["Strike_R","Strike_R","Strike_R","Strike_R"],"score":1535,"play_id":"e82e8285-c82c-41e9-b1e0-a096cff1f1c4","local_time":"20190319205113","is_ascension_mode":true,"campfire_choices":[{"data":"Whirlwind","floor":7,"key":"SMITH"},{"data":"Armaments","floor":12,"key":"SMITH"},{"data":"Rampage","floor":15,"key":"SMITH"},{"data":"Reaper","floor":23,"key":"SMITH"},{"floor":29,"key":"REST"},{"data":"Dark Embrace","floor":32,"key":"SMITH"},{"data":"Whirlwind","floor":40,"key":"SMITH"},{"floor":49,"key":"RECALL"},{"floor":52,"key":"REST"}],"neow_cost":"NONE","seed_source_timestamp":596759660420212,"circlet_count":0,"master_deck":["Strike_R","Defend_R","Defend_R","Defend_R","Defend_R","Bash+1","Forethought","Rampage+1","Armaments+1","Battle Trance","Whirlwind+1","Rampage+1","Shrug It Off","Offering","Reaper+1","Thunderclap","Inflame+1","Dark Embrace+1","Infernal Blade+1","Warcry","Demon Form+1","Seeing Red+1","Corruption+1","Whirlwind+1","Havoc"],"relics":["Burning Blood","Omamori","Potion Belt","Bag of Preparation","Letter Opener","Lantern","Runic Pyramid","Pen Nib","Bronze Scales","Dead Branch","Frozen Egg 2","Tiny Chest","PreservedInsect","Philosopher\u0027s Stone","Strawberry","Medical Kit","Vajra","Happy Flower","Question Card","Bottled Flame"],"potions_floor_usage":[6,6,6,14,27,33,33,37,41,46,50,55,55,55,55],"damage_taken":[{"damage":0,"enemies":"2 Louse","floor":1,"turns":3},{"damage":2,"enemies":"Jaw Worm","floor":2,"turns":3},{"damage":7,"enemies":"Small Slimes","floor":4,"turns":3},{"damage":16,"enemies":"2 Fungi Beasts","floor":5,"turns":3},{"damage":15,"enemies":"3 Sentries","floor":6,"turns":6},{"damage":3,"enemies":"Exordium Wildlife","floor":8,"turns":2},{"damage":27,"enemies":"Lagavulin","floor":11,"turns":5},{"damage":16,"enemies":"3 Sentries","floor":14,"turns":6},{"damage":36,"enemies":"Slime Boss","floor":16,"turns":10},{"damage":2,"enemies":"Chosen","floor":18,"turns":4},{"damage":18,"enemies":"2 Thieves","floor":21,"turns":3},{"damage":25,"enemies":"Snake Plant","floor":24,"turns":3},{"damage":30,"enemies":"Gremlin Leader","floor":25,"turns":4},{"damage":32,"enemies":"Book of Stabbing","floor":27,"turns":4},{"damage":9,"enemies":"Centurion and Healer","floor":28,"turns":5},{"damage":6,"enemies":"Gremlin Leader","floor":30,"turns":6},{"damage":85,"enemies":"Champ","floor":33,"turns":11},{"damage":21,"enemies":"Orb Walker","floor":35,"turns":4},{"damage":6,"enemies":"3 Darklings","floor":37,"turns":3},{"damage":8,"enemies":"Transient","floor":41,"turns":5},{"damage":34,"enemies":"Nemesis","floor":42,"turns":3},{"damage":0,"enemies":"Jaw Worm Horde","floor":45,"turns":1},{"damage":37,"enemies":"Reptomancer","floor":46,"turns":4},{"damage":6,"enemies":"3 Darklings","floor":48,"turns":1},{"damage":49,"enemies":"Time Eater","floor":50,"turns":4},{"damage":69,"enemies":"Shield and Spear","floor":54,"turns":3},{"damage":43,"enemies":"The Heart","floor":55,"turns":5}],"seed_played":"7882324888222380551","potions_obtained":[{"floor":1,"key":"PowerPotion"},{"floor":2,"key":"Regen Potion"},{"floor":4,"key":"Energy Potion"},{"floor":11,"key":"Swift Potion"},{"floor":21,"key":"Dexterity Potion"},{"floor":25,"key":"SteroidPotion"},{"floor":27,"key":"Poison Potion"},{"floor":33,"key":"SkillPotion"},{"floor":38,"key":"Ancient Potion"},{"floor":38,"key":"Ancient Potion"},{"floor":38,"key":"Fire Potion"},{"floor":41,"key":"Dexterity Potion"},{"floor":42,"key":"Poison Potion"},{"floor":45,"key":"Dexterity Potion"},{"floor":48,"key":"LiquidBronze"}],"is_trial":false,"path_per_floor":["M","M","?","M","M","E","R","M","T","T","E","R","?","E","R","B",null,"M","$","?","M","T","R","M","E","T","E","M","R","E","?","R","B",null,"M","$","M","?","$","R","M","E","T","$","M","E","?","M","R","B",null,"R","$","E","B",null],"character_chosen":"IRONCLAD","items_purchased":["Pen Nib","Strawberry","Medical Kit","Corruption+1","Vajra","Whirlwind"],"campfire_rested":2,"item_purchase_floors":[19,36,36,36,39,39],"current_hp_per_floor":[80,80,64,63,53,59,59,62,62,62,41,41,67,57,57,27,67,78,78,78,70,70,70,51,55,55,29,46,70,80,80,80,13,63,48,55,73,73,73,73,87,59,59,59,65,74,74,83,83,40,72,83,83,50,65],"gold":57,"neow_bonus":"RANDOM_COLORLESS","is_prod":false,"is_daily":false,"chose_seed":false,"campfire_upgraded":6,"win_rate":0,"timestamp":1553053873,"path_taken":["M","M","?","M","M","E","R","M","T","?","E","R","?","E","R","BOSS","M","$","?","M","?","R","M","E","T","E","?","R","E","?","R","BOSS","M","$","?","?","?","R","M","E","T","$","M","E","?","M","R","BOSS","R","$","E","BOSS"],"build_version":"2019-01-23","purchased_purges":4,"victory":true,"max_hp_per_floor":[80,80,80,80,80,80,80,80,80,80,80,80,80,80,80,80,80,80,80,80,80,80,80,80,80,80,80,80,80,80,80,80,80,80,80,87,87,87,87,87,87,87,87,87,87,87,83,83,83,83,83,83,83,83,83],"card_choices":[{"not_picked":["Combust","Dual Wield"],"picked":"Rampage","floor":1},{"not_picked":["Evolve","Entrench"],"picked":"Armaments","floor":2},{"not_picked":["Cleave","Anger"],"picked":"Battle Trance","floor":4},{"not_picked":["Infernal Blade","Clash"],"picked":"Whirlwind","floor":5},{"not_picked":["Sentinel","Iron Wave"],"picked":"Rampage","floor":6},{"not_picked":["Headbutt","Rupture","Infernal Blade"],"picked":"SKIP","floor":8},{"not_picked":["Thunderclap","Heavy Blade"],"picked":"Shrug It Off","floor":11},{"not_picked":["Headbutt","Flex"],"picked":"Offering","floor":14},{"not_picked":["Dark Embrace","Fiend Fire"],"picked":"Reaper","floor":16},{"not_picked":["Battle Trance","Entrench"],"picked":"Thunderclap","floor":18},{"not_picked":["Anger","Body Slam","Heavy Blade"],"picked":"SKIP","floor":21},{"not_picked":["Armaments","Sword Boomerang+1"],"picked":"Inflame+1","floor":24},{"not_picked":["Reckless Charge","Spot Weakness"],"picked":"Dark Embrace","floor":25},{"not_picked":["Brutality+1","Clash"],"picked":"Infernal Blade+1","floor":27},{"not_picked":["Sentinel","Rampage"],"picked":"Warcry","floor":28},{"not_picked":["Flame Barrier+1","Body Slam","Whirlwind"],"picked":"SKIP","floor":30},{"not_picked":["Impervious","Double Tap"],"picked":"Demon Form+1","floor":33},{"not_picked":["Combust+1","Heavy Blade+1"],"picked":"Seeing Red+1","floor":35},{"not_picked":["Cleave+1","Clash","Flame Barrier"],"picked":"SKIP","floor":37},{"not_picked":["Searing Blow+1","Sword Boomerang+1","Perfected Strike"],"picked":"SKIP","floor":41},{"not_picked":["Twin Strike","Searing Blow+1"],"picked":"Havoc","floor":42},{"not_picked":["Combust+1","Warcry+1","Wild Strike+1"],"picked":"SKIP","floor":45},{"not_picked":["Perfected Strike","Bloodletting","Thunderclap"],"picked":"SKIP","floor":46},{"not_picked":["Havoc","Iron Wave+1","Corruption+1","Metallicize+1"],"picked":"SKIP","floor":48},{"not_picked":["Dropkick","Juggernaut+1","Clothesline","Clash"],"picked":"SKIP","floor":54}],"player_experience":183259,"relics_obtained":[{"floor":6,"key":"Omamori"},{"floor":9,"key":"Potion Belt"},{"floor":10,"key":"Bag of Preparation"},{"floor":11,"key":"Letter Opener"},{"floor":14,"key":"Lantern"},{"floor":22,"key":"Bronze Scales"},{"floor":25,"key":"Dead Branch"},{"floor":26,"key":"Frozen Egg 2"},{"floor":27,"key":"Tiny Chest"},{"floor":30,"key":"PreservedInsect"},{"floor":42,"key":"Happy Flower"},{"floor":46,"key":"Question Card"},{"floor":54,"key":"Bottled Flame"}],"event_choices":[{"damage_healed":0,"gold_gain":0,"player_choice":"Entered Light","damage_taken":16,"max_hp_gain":0,"max_hp_loss":0,"event_name":"Shining Light","floor":3,"gold_loss":0,"cards_upgraded":["Rampage","Bash"]},{"damage_healed":26,"gold_gain":0,"player_choice":"Banana","damage_taken":0,"max_hp_gain":0,"max_hp_loss":0,"event_name":"Big Fish","floor":13,"gold_loss":0},{"damage_healed":0,"gold_gain":99,"player_choice":"Stole From Cult","damage_taken":0,"max_hp_gain":0,"max_hp_loss":0,"event_name":"Nest","floor":20,"gold_loss":0},{"damage_healed":0,"gold_gain":250,"player_choice":"Bet on Owner","damage_taken":0,"max_hp_gain":0,"max_hp_loss":0,"event_name":"The Joust","floor":31,"gold_loss":50},{"damage_healed":0,"gold_gain":0,"player_choice":"Bought 3 Potions","damage_taken":0,"max_hp_gain":0,"max_hp_loss":0,"event_name":"The Woman in Blue","floor":38,"gold_loss":0},{"damage_healed":0,"gold_gain":0,"player_choice":"Max HP","damage_taken":0,"max_hp_gain":0,"max_hp_loss":4,"event_name":"Winding Halls","floor":47,"gold_loss":0}],"is_beta":false,"boss_relics":[{"not_picked":["Mark of Pain","Busted Crown"],"picked":"Runic Pyramid"},{"not_picked":["Lizard Tail","Pandora\u0027s Box"],"picked":"Philosopher\u0027s Stone"}],"items_purged_floors":[19,36,39,53],"is_endless":false,"potions_floor_spawned":[1,2,4,11,21,25,27,33,41,42,45,48],"ascension_level":5}