{"gold_per_floor":[109,109,126,52,112,143,143,174,174,174,192,192,212,232,232,332,332,348,348,367,136,154,154,154],"floor_reached":24,"playtime":1345,"items_purged":["Strike_B"],"score":309,"play_id":"004c6f79-7d2b-4a5c-afc2-51e9a1100385","local_time":"20190808005448","is_ascension_mode":true,"campfire_choices":[{"data":"Zap","floor":7,"key":"SMITH"},{"floor":12,"key":"REST"},{"floor":15,"key":"REST"},{"floor":23,"key":"REST"}],"neow_cost":"NONE","seed_source_timestamp":230173675963166,"circlet_count":0,"master_deck":["AscendersBane","Strike_B","Strike_B+1","Defend_B","Defend_B","Defend_B+1","Defend_B","Zap+1","Dualcast","Tempest","Force Field","Conserve Battery","Melter","Rebound","Multi-Cast+1","Cold Snap","Static Discharge","Go for the Eyes","Reboot+1","Steam+1","Beam Cell+1","Loop","Coolheaded+1","Cold Snap"],"relics":["Toxic Egg 2","Smiling Mask","Sundial","Philosopher\u0027s Stone","Nloth\u0027s Gift"],"potions_floor_usage":[6,6,8,11,16,22,24],"damage_taken":[{"damage":2,"enemies":"Jaw Worm","floor":1,"turns":4},{"damage":1,"enemies":"Cultist","floor":3,"turns":3},{"damage":6,"enemies":"Lagavulin","floor":6,"turns":5},{"damage":28,"enemies":"Gremlin Nob","floor":8,"turns":4},{"damage":5,"enemies":"Small Slimes","floor":11,"turns":3},{"damage":15,"enemies":"3 Louse","floor":13,"turns":3},{"damage":1,"enemies":"Blue Slaver","floor":14,"turns":3},{"damage":31,"enemies":"Slime Boss","floor":16,"turns":8},{"damage":18,"enemies":"2 Thieves","floor":18,"turns":4},{"damage":0,"enemies":"Spheric Guardian","floor":20,"turns":2},{"damage":23,"enemies":"Centurion and Healer","floor":22,"turns":8},{"damage":43,"enemies":"Book of Stabbing","floor":24,"turns":5}],"seed_played":"6527220246846071604","potions_obtained":[{"floor":1,"key":"Block Potion"},{"floor":2,"key":"Ancient Potion"},{"floor":2,"key":"SkillPotion"},{"floor":6,"key":"SteroidPotion"},{"floor":8,"key":"SteroidPotion"},{"floor":20,"key":"AttackPotion"},{"floor":22,"key":"Dexterity Potion"}],"is_trial":false,"path_per_floor":["M","?","M","$","?","E","R","E","T","?","M","R","M","M","R","B",null,"M","?","M","$","M","R","E"],"character_chosen":"DEFECT","items_purchased":["Melter","Loop","Coolheaded+1","Cold Snap"],"campfire_rested":3,"item_purchase_floors":[4,21,21,21],"current_hp_per_floor":[66,66,65,65,65,59,59,31,31,16,11,33,18,17,39,8,58,40,40,40,40,17,39,0],"gold":154,"neow_bonus":"TRANSFORM_CARD","is_prod":false,"is_daily":false,"chose_seed":false,"campfire_upgraded":1,"win_rate":0,"timestamp":1565250888,"path_taken":["M","?","M","?","?","E","R","E","T","?","?","R","M","M","R","BOSS","M","?","M","$","?","R","E"],"build_version":"2019-07-17","purchased_purges":1,"victory":false,"max_hp_per_floor":[75,75,75,75,75,75,75,75,75,75,75,75,75,75,75,75,75,75,75,75,75,75,75,75],"card_choices":[{"not_picked":["Steam","Leap"],"picked":"Force Field","floor":1},{"not_picked":["Streamline","Stack"],"picked":"Conserve Battery","floor":3},{"not_picked":["Go for the Eyes","BootSequence"],"picked":"Rebound","floor":6},{"not_picked":["Leap+1","Melter"],"picked":"Multi-Cast+1","floor":8},{"not_picked":["Gash","Steam Power+1"],"picked":"Cold Snap","floor":11},{"not_picked":["Steam+1","Gash"],"picked":"Static Discharge","floor":13},{"not_picked":["Blizzard","Compile Driver"],"picked":"Go for the Eyes","floor":14},{"not_picked":["Multi-Cast+1","Hyperbeam"],"picked":"Reboot+1","floor":16},{"not_picked":["Rebound","Go for the Eyes"],"picked":"Steam+1","floor":18},{"not_picked":["Turbo+1","Leap+1"],"picked":"Beam Cell+1","floor":20},{"not_picked":["Go for the Eyes","Capacitor","Doom and Gloom"],"picked":"SKIP","floor":22}],"player_experience":523056,"relics_obtained":[{"floor":6,"key":"Toxic Egg 2"},{"floor":8,"key":"Smiling Mask"},{"floor":9,"key":"Sundial"}],"event_choices":[{"damage_healed":0,"gold_gain":0,"player_choice":"Got Potions","damage_taken":0,"max_hp_gain":0,"max_hp_loss":0,"event_name":"Lab","floor":2,"gold_loss":0},{"damage_healed":0,"gold_gain":60,"player_choice":"Gained Gold","damage_taken":0,"max_hp_gain":0,"max_hp_loss":0,"event_name":"Golden Wing","floor":5,"gold_loss":0},{"damage_healed":0,"gold_gain":0,"player_choice":"Entered Light","damage_taken":15,"max_hp_gain":0,"max_hp_loss":0,"event_name":"Shining Light","floor":10,"gold_loss":0,"cards_upgraded":["Strike_B","Defend_B"]},{"damage_healed":0,"gold_gain":0,"player_choice":"Traded Relic","damage_taken":0,"relics_obtained":["Nloth\u0027s Gift"],"max_hp_gain":0,"max_hp_loss":0,"event_name":"N\u0027loth","floor":19,"relics_lost":["Cracked Core"],"gold_loss":0}],"is_beta":false,"boss_relics":[{"not_picked":["Ectoplasm","Velvet Choker"],"picked":"Philosopher\u0027s Stone"}],"items_purged_floors":[21],"is_endless":false,"potions_floor_spawned":[1,6,8,20,22],"killed_by":"Book of Stabbing","ascension_level":10}