{"gold_per_floor":[217,234,249,263,263,263,281,281,281,281,314,333,350,8,8,113,113,128,146,146,165,182,182],"floor_reached":23,"playtime":1745,"items_purged":[],"score":315,"play_id":"0adba1c5-5101-4125-8d42-fb662bb1373f","local_time":"20190804125244","is_ascension_mode":true,"campfire_choices":[{"data":"Rupture","floor":6,"key":"SMITH"},{"data":"Ghostly Armor","floor":10,"key":"SMITH"},{"data":"Inflame","floor":15,"key":"SMITH"}],"neow_cost":"NONE","seed_source_timestamp":969232068007812,"circlet_count":0,"master_deck":["AscendersBane","Strike_R","Strike_R","Strike_R","Strike_R","Strike_R","Defend_R","Defend_R","Defend_R","Defend_R","Bash","Rupture+1","Pummel","Ghostly Armor+1","Anger+1","Feel No Pain","Offering","Inflame+1","Dark Embrace","Heavy Blade","Burning Pact","Feel No Pain","Shockwave"],"relics":["Burning Blood","Regal Pillow","Orichalcum","Lee\u0027s Waffle","Oddly Smooth Stone","Sozu"],"potions_floor_usage":[2,7,16,16,23],"damage_taken":[{"damage":8,"enemies":"2 Louse","floor":1,"turns":4},{"damage":0,"enemies":"Small Slimes","floor":2,"turns":4},{"damage":6,"enemies":"Cultist","floor":3,"turns":3},{"damage":11,"enemies":"2 Fungi Beasts","floor":4,"turns":6},{"damage":6,"enemies":"Red Slaver","floor":7,"turns":5},{"damage":45,"enemies":"Lagavulin","floor":11,"turns":7},{"damage":14,"enemies":"Exordium Wildlife","floor":12,"turns":5},{"damage":13,"enemies":"3 Louse","floor":13,"turns":2},{"damage":61,"enemies":"Hexaghost","floor":16,"turns":9},{"damage":9,"enemies":"3 Byrds","floor":18,"turns":6},{"damage":25,"enemies":"2 Thieves","floor":19,"turns":4},{"damage":26,"enemies":"Snake Plant","floor":21,"turns":5},{"damage":28,"enemies":"Snecko","floor":22,"turns":6},{"damage":18,"enemies":"Slavers","floor":23,"turns":1}],"seed_played":"-1193309243938983218","potions_obtained":[{"floor":1,"key":"Explosive Potion"},{"floor":4,"key":"Weak Potion"},{"floor":12,"key":"EssenceOfSteel"},{"floor":13,"key":"PowerPotion"},{"floor":16,"key":"Energy Potion"}],"is_trial":false,"path_per_floor":["M","M","M","M","?","R","M","?","T","R","E","M","M","$","R","B",null,"M","M","?","M","M","E"],"character_chosen":"IRONCLAD","items_purchased":["Lee\u0027s Waffle","Oddly Smooth Stone"],"campfire_rested":0,"item_purchase_floors":[14,14],"current_hp_per_floor":[70,76,76,71,76,76,76,76,76,76,37,29,22,92,92,37,78,75,56,56,36,14,0],"gold":182,"neow_bonus":"HUNDRED_GOLD","is_prod":false,"is_daily":false,"chose_seed":false,"campfire_upgraded":3,"win_rate":0,"timestamp":1564948364,"path_taken":["M","M","M","M","?","R","M","?","T","R","E","M","M","$","R","BOSS","M","?","?","M","M","E"],"build_version":"2019-07-17","purchased_purges":0,"victory":false,"max_hp_per_floor":[80,80,80,80,85,85,85,85,85,85,85,85,85,92,92,92,92,92,92,92,92,92,92],"card_choices":[{"not_picked":["Second Wind","Whirlwind"],"picked":"Rupture","floor":1},{"not_picked":["Flex","Heavy Blade"],"picked":"Pummel","floor":2},{"not_picked":["Blood for Blood","Bloodletting"],"picked":"Ghostly Armor","floor":3},{"not_picked":["Burning Pact","Second Wind"],"picked":"Anger","floor":4},{"not_picked":["Clothesline","Corruption"],"picked":"Feel No Pain","floor":7},{"not_picked":["Sever Soul","Second Wind"],"picked":"Offering","floor":11},{"not_picked":["Perfected Strike","Pommel Strike","Warcry"],"picked":"SKIP","floor":12},{"not_picked":["Armaments","Infernal Blade"],"picked":"Inflame","floor":13},{"not_picked":["Impervious","Berserk"],"picked":"Dark Embrace","floor":16},{"not_picked":["Wild Strike","Second Wind"],"picked":"Heavy Blade","floor":18},{"not_picked":["Fire Breathing","Clothesline"],"picked":"Burning Pact","floor":19},{"not_picked":["Body Slam","Uppercut"],"picked":"Feel No Pain","floor":21},{"not_picked":["Seeing Red","Iron Wave"],"picked":"Shockwave","floor":22}],"player_experience":458913,"relics_obtained":[{"floor":9,"key":"Regal Pillow"},{"floor":11,"key":"Orichalcum"}],"event_choices":[{"damage_healed":0,"gold_gain":0,"player_choice":"Donut","damage_taken":0,"max_hp_gain":5,"max_hp_loss":0,"event_name":"Big Fish","floor":5,"gold_loss":0},{"damage_healed":0,"gold_gain":0,"player_choice":"Upgraded","damage_taken":0,"max_hp_gain":0,"max_hp_loss":0,"event_name":"Upgrade Shrine","floor":8,"gold_loss":0,"cards_upgraded":["Anger"]},{"damage_healed":0,"gold_gain":0,"player_choice":"Bought 0 Potions","damage_taken":0,"max_hp_gain":0,"max_hp_loss":0,"event_name":"The Woman in Blue","floor":20,"gold_loss":0}],"is_beta":false,"boss_relics":[{"not_picked":["Empty Cage","Busted Crown"],"picked":"Sozu"}],"items_purged_floors":[],"is_endless":false,"potions_floor_spawned":[1,4,12,13,16,19,22],"killed_by":"Slavers","ascension_level":12}