{"gold_per_floor":[115,40,55,71,71,71,71,97,149,149,169,169,181,181,181,181],"floor_reached":16,"playtime":621,"items_purged":["Strike_R"],"score":170,"play_id":"357709fa-21b9-4c64-9e9f-6e28e72b28ca","local_time":"20181008031830","is_ascension_mode":true,"campfire_choices":[{"data":"Warcry","floor":6.0,"key":"SMITH"},{"data":"Metallicize","floor":10.0,"key":"SMITH"},{"data":"Rampage","floor":12,"key":"SMITH"},{"floor":15,"key":"REST"}],"neow_cost":"NONE","seed_source_timestamp":2284603543058130,"circlet_count":0,"master_deck":["Strike_R","Strike_R","Strike_R","Defend_R","Defend_R","Defend_R","Defend_R","Bash","AscendersBane","Pommel Strike","Warcry+1","Metallicize+1","Rampage+1","Ghostly Armor"],"special_seed":0,"relics":["Burning Blood","Omamori","Dodecahedron","Ancient Tea Set"],"potions_floor_usage":[],"damage_taken":[{"damage":1.0,"enemies":"2 Louse","floor":1.0,"turns":4.0},{"damage":9.0,"enemies":"Jaw Worm","floor":3.0,"turns":4.0},{"damage":10.0,"enemies":"Cultist","floor":4.0,"turns":4.0},{"damage":33.0,"enemies":"Lagavulin","floor":8.0,"turns":5.0},{"damage":17,"enemies":"Lots of Slimes","floor":11,"turns":9},{"damage":9,"enemies":"Red Slaver","floor":13,"turns":2},{"damage":51,"enemies":"Hexaghost","floor":16,"turns":10}],"seed_played":"6580686248371418449","potions_obtained":[{"floor":1.0,"key":"BloodPotion"},{"floor":3.0,"key":"EssenceOfSteel"}],"is_trial":false,"path_per_floor":["M","$","M","M","?","R","$","E","T","R","M","R","M","?","R"],"character_chosen":"IRONCLAD","items_purchased":[],"campfire_rested":1,"item_purchase_floors":[],"current_hp_per_floor":[73,73,70,66,63,63,63,43,43,43,32,32,29,29,51,0],"gold":181,"neow_bonus":"REMOVE_CARD","is_prod":false,"is_daily":false,"chose_seed":false,"campfire_upgraded":3,"win_rate":0,"timestamp":1538983110,"path_taken":["M","$","M","M","?","R","$","E","T","R","M","R","M","?","R","BOSS"],"build_version":"2018-10-04v2","purchased_purges":1,"victory":false,"max_hp_per_floor":[75,75,75,75,75,75,75,75,75,75,75,75,75,75,75,75],"card_choices":[{"not_picked":["Uppercut","Thunderclap"],"picked":"Pommel Strike","floor":1.0},{"not_picked":["Infernal Blade","Searing Blow","Perfected Strike"],"picked":"SKIP","floor":3.0},{"not_picked":["Sword Boomerang","Clothesline","Warcry"],"picked":"SKIP","floor":4.0},{"not_picked":["Sword Boomerang","Clothesline"],"picked":"Warcry","floor":4.0},{"not_picked":["Searing Blow","Corruption"],"picked":"Metallicize","floor":8.0},{"not_picked":["Bloodletting","Clothesline"],"picked":"Rampage","floor":11},{"not_picked":["Pommel Strike","Havoc"],"picked":"Ghostly Armor","floor":13}],"player_experience":463321,"relics_obtained":[{"floor":8.0,"key":"Dodecahedron"},{"floor":9.0,"key":"Ancient Tea Set"}],"event_choices":[{"event_name":"Scrap Ooze","player_choice":"success","floor":5.0,"damage_taken":3.0},{"event_name":"Shining Light","player_choice":"Ignored","floor":14,"damage_taken":0}],"is_beta":false,"boss_relics":[],"items_purged_floors":[2],"is_endless":false,"potions_floor_spawned":[1,3,4],"killed_by":"Hexaghost","ascension_level":14}