{"gold_per_floor":[111,111,111,132,151,151,189,189,189,225,243,243],"floor_reached":12,"playtime":642,"items_purged":[],"score":172,"play_id":"27e09389-97b0-4ccd-ae07-5d797def00ec","local_time":"20190723101144","is_ascension_mode":true,"campfire_choices":[{"data":"Trip","floor":6,"key":"SMITH"},{"data":"Darkness","floor":8,"key":"SMITH"}],"neow_cost":"NONE","seed_source_timestamp":80351377002714,"circlet_count":0,"master_deck":["AscendersBane","Strike_B","Strike_B","Strike_B","Strike_B","Defend_B","Defend_B","Defend_B","Defend_B","Zap","Dualcast","Trip+1","Ball Lightning","Sweeping Beam","Darkness+1","Reboot","Consume"],"relics":["Cracked Core","Golden Idol","Darkstone Periapt","Happy Flower","Bag of Marbles"],"potions_floor_usage":[7,10,12,12],"damage_taken":[{"damage":3,"enemies":"2 Louse","floor":1,"turns":2},{"damage":2,"enemies":"Jaw Worm","floor":4,"turns":3},{"damage":0,"enemies":"Cultist","floor":5,"turns":2},{"damage":15,"enemies":"3 Sentries","floor":7,"turns":7},{"damage":11,"enemies":"Gremlin Nob","floor":10,"turns":3},{"damage":26,"enemies":"Exordium Thugs","floor":11,"turns":3},{"damage":14,"enemies":"Red Slaver","floor":12,"turns":1}],"seed_played":"-3655383338762919561","potions_obtained":[{"floor":3,"key":"Fire Potion"},{"floor":3,"key":"Weak Potion"},{"floor":5,"key":"FocusPotion"},{"floor":7,"key":"Fire Potion"},{"floor":10,"key":"Dexterity Potion"}],"is_trial":false,"path_per_floor":["M","?","?","M","M","R","E","R","T","E","M","M"],"character_chosen":"DEFECT","items_purchased":[],"campfire_rested":0,"item_purchase_floors":[],"current_hp_per_floor":[61,61,61,59,59,59,44,44,44,33,7,0],"gold":243,"neow_bonus":"RANDOM_COLORLESS","is_prod":false,"is_daily":false,"chose_seed":false,"campfire_upgraded":2,"win_rate":0,"timestamp":1563891104,"path_taken":["M","?","?","?","M","R","E","R","T","E","M","M"],"build_version":"2019-07-17","purchased_purges":0,"victory":false,"max_hp_per_floor":[71,64,64,64,64,64,64,64,64,64,64,64],"card_choices":[{"not_picked":["Sweeping Beam","Stack"],"picked":"Ball Lightning","floor":1},{"not_picked":["Turbo","Compile Driver"],"picked":"Sweeping Beam","floor":4},{"not_picked":["Storm","Scrape"],"picked":"Darkness","floor":5},{"not_picked":["Gash","Storm"],"picked":"Reboot","floor":7},{"not_picked":["Gash","Turbo","Beam Cell"],"picked":"SKIP","floor":10},{"not_picked":["Gash","Turbo","Beam Cell"],"picked":"SKIP","floor":10},{"not_picked":["Cold Snap","Gash"],"picked":"Consume","floor":11}],"player_experience":910228,"relics_obtained":[{"floor":7,"key":"Darkstone Periapt"},{"floor":9,"key":"Happy Flower"},{"floor":10,"key":"Bag of Marbles"}],"event_choices":[{"damage_healed":0,"gold_gain":0,"player_choice":"Lose Max HP","damage_taken":0,"relics_obtained":["Golden Idol"],"max_hp_gain":0,"max_hp_loss":7,"event_name":"Golden Idol","floor":2,"gold_loss":0},{"damage_healed":0,"gold_gain":0,"player_choice":"Got Potions","damage_taken":0,"max_hp_gain":0,"max_hp_loss":0,"event_name":"Lab","floor":3,"gold_loss":0}],"is_beta":false,"boss_relics":[],"items_purged_floors":[],"is_endless":false,"potions_floor_spawned":[5,7,10],"killed_by":"Red Slaver","ascension_level":19}