{"gold_per_floor":[109,128,140,157,174,201,218,243,243,275,293,318,318,318,318,420,420,439,439,439,439,45,72,85,114,187,187,199,231,250,262,262,361,361,381,397,409,212,212,212,239,139,216,251,102,102,115,195,195,195],"floor_reached":51,"playtime":4486,"items_purged":["Strike_B","Hyperbeam"],"score":1088,"play_id":"732ced10-e269-4d88-b354-af045fb99527","local_time":"20190814213143","is_ascension_mode":true,"campfire_choices":[{"floor":13.0,"key":"REST"},{"data":"Zap","floor":15.0,"key":"SMITH"},{"data":"RitualDagger","floor":27.0,"key":"SMITH"},{"data":"Capacitor","floor":32.0,"key":"SMITH"},{"data":"Biased Cognition","floor":40.0,"key":"SMITH"},{"floor":46,"key":"RECALL"},{"data":"Defragment","floor":49,"key":"SMITH"}],"neow_cost":"PERCENT_DAMAGE","seed_source_timestamp":246358914665800,"circlet_count":0,"master_deck":["Defend_B","Defend_B","Defend_B","Zap+1","Dualcast","Core Surge","FTL","Go for the Eyes","Auto Shields","All For One","Self Repair+1","Go for the Eyes","Steam","All For One","Biased Cognition+1","RitualDagger+1","Capacitor+1","Flash of Steel","Chill+1","Gash","Static Discharge+1","Aggregate+1","Streamline+1","Cold Snap","Glacier","Defragment+1"],"special_seed":0,"relics":["Cracked Core","Pocketwatch","Lantern","Shuriken","Letter Opener","Happy Flower","Runic Pyramid","Enchiridion","PreservedInsect","Ancient Tea Set","Boot","Singing Bowl","Astrolabe","Vajra","Bottled Flame","Bottled Lightning","Anchor","Bag of Preparation","Pantograph"],"potions_floor_usage":[],"damage_taken":[{"damage":0.0,"enemies":"Cultist","floor":1.0,"turns":3.0},{"damage":0.0,"enemies":"2 Louse","floor":2.0,"turns":2.0},{"damage":7.0,"enemies":"Jaw Worm","floor":3.0,"turns":2.0},{"damage":3.0,"enemies":"Large Slime","floor":4.0,"turns":5.0},{"damage":0.0,"enemies":"3 Louse","floor":5.0,"turns":2.0},{"damage":18.0,"enemies":"Gremlin Nob","floor":6.0,"turns":4.0},{"damage":0.0,"enemies":"Exordium Thugs","floor":7.0,"turns":4.0},{"damage":17.0,"enemies":"3 Sentries","floor":10.0,"turns":6.0},{"damage":0.0,"enemies":"Blue Slaver","floor":11.0,"turns":3.0},{"damage":10.0,"enemies":"Lagavulin","floor":12.0,"turns":4.0},{"damage":12.0,"enemies":"Hexaghost","floor":16.0,"turns":6.0},{"damage":0.0,"enemies":"3 Byrds","floor":18.0,"turns":4.0},{"damage":0.0,"enemies":"Gremlin Leader","floor":23.0,"turns":3.0},{"damage":8.0,"enemies":"Shell Parasite","floor":24.0,"turns":3.0},{"damage":6.0,"enemies":"Slavers","floor":25.0,"turns":3.0},{"damage":0.0,"enemies":"Centurion and Healer","floor":28.0,"turns":3.0},{"damage":17.0,"enemies":"Book of Stabbing","floor":29.0,"turns":3.0},{"damage":0.0,"enemies":"Sentry and Sphere","floor":30.0,"turns":3.0},{"damage":3.0,"enemies":"Cultist and Chosen","floor":31.0,"turns":4.0},{"damage":9.0,"enemies":"Automaton","floor":33.0,"turns":8.0},{"damage":17.0,"enemies":"Orb Walker","floor":35.0,"turns":4.0},{"damage":13.0,"enemies":"3 Darklings","floor":36.0,"turns":5.0},{"damage":0.0,"enemies":"Jaw Worm Horde","floor":37.0,"turns":3.0},{"damage":11.0,"enemies":"Giant Head","floor":41.0,"turns":7.0},{"damage":0,"enemies":"Nemesis","floor":44,"turns":3},{"damage":0,"enemies":"Writhing Mass","floor":47,"turns":6},{"damage":0,"enemies":"Awakened One","floor":50,"turns":10}],"seed_played":"-8183657091438017840","potions_obtained":[{"floor":2.0,"key":"SpeedPotion"},{"floor":5.0,"key":"SpeedPotion"},{"floor":10.0,"key":"AttackPotion"},{"floor":12.0,"key":"FearPotion"},{"floor":18.0,"key":"Explosive Potion"},{"floor":23.0,"key":"FocusPotion"},{"floor":25.0,"key":"FocusPotion"},{"floor":30.0,"key":"Fire Potion"},{"floor":35.0,"key":"SteroidPotion"},{"floor":36.0,"key":"Swift Potion"}],"is_trial":false,"path_per_floor":["M","M","M","M","M","E","M","T","T","E","M","E","R","?","R","B",null,"M","?","?","?","$","E","M","E","T","R","M","E","M","M","R","B",null,"M","M","M","$","?","R","E","$","T","E","$","R","M","T","R","B",null],"character_chosen":"DEFECT","items_purchased":["Capacitor","Flash of Steel","PreservedInsect","Cold Snap","Vajra","Bag of Preparation"],"campfire_rested":1,"item_purchase_floors":[22,22,22,38,38,45],"current_hp_per_floor":[50,50,43,40,40,29,36,36,36,19,26,23,45,45,45,33,65,75,75,69,53,53,53,55,49,49,49,59,52,64,73,73,76,80,83,85,87,87,87,87,86,86,86,87,87,87,89,89,89,89],"gold":195,"neow_bonus":"THREE_RARE_CARDS","is_prod":false,"is_daily":false,"chose_seed":false,"campfire_upgraded":5,"win_rate":0,"timestamp":1565807503,"path_taken":["M","M","M","M","?","E","M","?","T","E","M","E","R","?","R","BOSS","M","?","?","?","$","E","M","E","T","R","M","E","M","M","R","BOSS","M","M","M","$","?","R","E","?","T","E","$","R","M","?","R","BOSS"],"build_version":"2019-07-17","purchased_purges":2,"victory":true,"max_hp_per_floor":[75,75,75,75,75,75,75,75,75,75,75,75,75,75,75,75,75,75,75,75,75,75,75,75,75,75,75,75,75,77,79,79,81,81,83,85,87,87,87,87,87,87,87,87,87,87,89,89,89,89],"card_choices":[{"not_picked":["Reboot","Hyperbeam"],"picked":"Core Surge","floor":0.0},{"not_picked":["Ball Lightning","Reinforced Body"],"picked":"FTL","floor":1.0},{"not_picked":["Streamline","Loop"],"picked":"Go for the Eyes","floor":2.0},{"not_picked":["Go for the Eyes","Double Energy"],"picked":"Auto Shields","floor":3.0},{"not_picked":["Self Repair","Conserve Battery"],"picked":"All For One","floor":4.0},{"not_picked":["Redo","Conserve Battery"],"picked":"Self Repair","floor":5.0},{"not_picked":["Storm","Cold Snap"],"picked":"Go for the Eyes","floor":6.0},{"not_picked":["Turbo","Core Surge"],"picked":"Steam","floor":7.0},{"not_picked":["Melter","Undo","Leap"],"picked":"SKIP","floor":10.0},{"not_picked":["Fusion","Undo","Barrage"],"picked":"SKIP","floor":11.0},{"not_picked":["Heatsinks","Melter"],"picked":"All For One","floor":12.0},{"not_picked":["Buffer","Echo Form"],"picked":"Biased Cognition","floor":16.0},{"not_picked":["Sweeping Beam","Leap","Compile Driver"],"picked":"SKIP","floor":18.0},{"not_picked":["Ball Lightning","Hologram"],"picked":"Chill+1","floor":23.0},{"not_picked":["Melter","Aggregate","Go for the Eyes"],"picked":"SKIP","floor":24.0},{"not_picked":["Multi-Cast","Coolheaded"],"picked":"Gash","floor":25.0},{"not_picked":["Barrage","Compile Driver","Beam Cell"],"picked":"SKIP","floor":28.0},{"not_picked":["Chaos","Skim"],"picked":"Static Discharge+1","floor":29.0},{"not_picked":["Go for the Eyes","Conserve Battery","Doom and Gloom"],"picked":"Singing Bowl","floor":30.0},{"not_picked":["Fission","Leap","Undo"],"picked":"Singing Bowl","floor":31.0},{"not_picked":["Meteor Strike","Multi-Cast","All For One"],"picked":"Singing Bowl","floor":33.0},{"not_picked":["Capacitor+1","Ball Lightning+1","Streamline+1"],"picked":"Singing Bowl","floor":35.0},{"not_picked":["Conserve Battery","Hologram+1","Genetic Algorithm+1"],"picked":"Singing Bowl","floor":36.0},{"not_picked":["Stack+1","BootSequence+1","Sweeping Beam"],"picked":"Singing Bowl","floor":37.0},{"not_picked":["Leap+1","Stack"],"picked":"Glacier","floor":41.0},{"not_picked":["Beam Cell+1","Barrage"],"picked":"Defragment","floor":44},{"not_picked":["Tempest+1","Force Field+1","Genetic Algorithm"],"picked":"Singing Bowl","floor":47}],"player_experience":207054,"relics_obtained":[{"floor":6.0,"key":"Pocketwatch"},{"floor":8.0,"key":"Lantern"},{"floor":9.0,"key":"Shuriken"},{"floor":10.0,"key":"Letter Opener"},{"floor":12.0,"key":"Happy Flower"},{"floor":21.0,"key":"Enchiridion"},{"floor":23.0,"key":"Ancient Tea Set"},{"floor":25.0,"key":"Boot"},{"floor":29.0,"key":"Singing Bowl"},{"floor":41.0,"key":"Bottled Flame"},{"floor":43.0,"key":"Bottled Lightning"},{"floor":44,"key":"Anchor"},{"floor":48,"key":"Pantograph"}],"event_choices":[{"damage_healed":0.0,"max_hp_gain":0.0,"max_hp_loss":0.0,"gold_gain":0.0,"event_name":"Living Wall","player_choice":"Grow","floor":14.0,"gold_loss":0.0,"damage_taken":0.0,"cards_upgraded":["Self Repair"]},{"cards_removed":["Strike_B"],"damage_healed":0.0,"max_hp_gain":0.0,"max_hp_loss":0.0,"gold_gain":0.0,"event_name":"Back to Basics","player_choice":"Elegance","floor":19.0,"gold_loss":0.0,"damage_taken":0.0},{"damage_healed":0.0,"max_hp_gain":0.0,"max_hp_loss":0.0,"gold_gain":0.0,"event_name":"Nest","player_choice":"Joined the Cult","floor":20.0,"gold_loss":0.0,"damage_taken":6.0,"cards_obtained":["RitualDagger"]},{"damage_healed":0.0,"max_hp_gain":0.0,"max_hp_loss":0.0,"gold_gain":0.0,"event_name":"Cursed Tome","player_choice":"Obtained Book","floor":21.0,"gold_loss":0.0,"damage_taken":16.0},{"damage_healed":0.0,"max_hp_gain":0.0,"max_hp_loss":0.0,"gold_gain":0.0,"cards_transformed":["Amplify"],"event_name":"Transmorgrifier","player_choice":"Transformed","floor":39.0,"gold_loss":0.0,"damage_taken":0.0,"cards_obtained":["Hyperbeam"]}],"is_beta":false,"boss_relics":[{"not_picked":["Sozu","White Beast Statue"],"picked":"Runic Pyramid"},{"not_picked":["Lizard Tail","Calling Bell"],"picked":"Astrolabe"}],"items_purged_floors":[22,42],"is_endless":false,"potions_floor_spawned":[2,5,10,12,18,23,25,30,35,36,41],"ascension_level":6}