{"path_per_floor":["M","?","M","?","$","E","R","M","T","R","?","?","M","M","R","B",null,"M","M","?","?"],"character_chosen":"DEFECT","items_purchased":["Question Card"],"gold_per_floor":[119,194,209,309,52,77,77,91,137,137,137,137,156,173,173,269,269,284,298,298,324,324],"floor_reached":22,"campfire_rested":0,"playtime":1318,"current_hp_per_floor":[75,64,64,64,64,48,48,45,45,45,45,45,45,42,42,37,75,75,63,63,18,9],"items_purged":[],"gold":324,"score":193,"play_id":"278086af-c467-43bb-b8f6-8e4d7ff52ce7","local_time":"20180506112629","is_prod":false,"is_daily":false,"chose_seed":false,"is_ascension_mode":true,"campfire_upgraded":3,"timestamp":1525620389,"path_taken":["M","?","M","?","$","E","R","?","T","R","?","?","M","M","R","BOSS","M","M","?","?","M"],"build_version":"2018-05-03","seed_source_timestamp":0,"purchased_purges":0,"victory":false,"master_deck":["Strike_B","Strike_B","Strike_B","Defend_B","Defend_B","Defend_B","Defend_B","Zap+1","Dualcast+1","Coolheaded","White Noise","Beam Cell+1","Coolheaded+1","All For One","Ball Lightning","Machine Learning","Capacitor","Go for the Eyes+1","Defragment"],"max_hp_per_floor":[75,75,75,75,75,75,75,75,75,75,75,75,75,75,75,75,75,75,75,75,75,75],"relics":["Cracked Core","Question Card","Anchor","Dream Catcher","Runic Pyramid","Red Mask"],"card_choices":[{"not_picked":["Impulse","Auto Shields"],"picked":"Coolheaded","floor":1.0},{"not_picked":["Force Field","Scrape"],"picked":"White Noise","floor":3.0},{"not_picked":["Consume","Hologram","Rip and Tear"],"picked":"Beam Cell","floor":6.0},{"not_picked":["Sweeping Beam","Stack","Heatsinks"],"picked":"Coolheaded","floor":8.0},{"not_picked":["Sweeping Beam","Force Field","White Noise"],"picked":"All For One","floor":13.0},{"not_picked":["Tempest","Axe Kick","Barrage"],"picked":"Ball Lightning","floor":14},{"not_picked":["Seek","Amplify","Fusion"],"picked":"Machine Learning","floor":16},{"not_picked":["Beam Cell","Go for the Eyes","Leap"],"picked":"Capacitor","floor":18},{"not_picked":["Leap","Streamline","Force Field"],"picked":"Go for the Eyes","floor":19},{"not_picked":["Hologram","Coolheaded","Barrage"],"picked":"Defragment","floor":21}],"player_experience":520028,"potions_floor_usage":[16],"damage_taken":[{"damage":0.0,"enemies":"Cultist","floor":1.0,"turns":4.0},{"damage":0.0,"enemies":"2 Louse","floor":3.0,"turns":4.0},{"damage":16.0,"enemies":"3 Sentries","floor":6.0,"turns":7.0},{"damage":3.0,"enemies":"Small Slimes","floor":8.0,"turns":3.0},{"damage":0.0,"enemies":"Looter","floor":13.0,"turns":3.0},{"damage":3.0,"enemies":"Red Slaver","floor":14.0,"turns":2.0},{"damage":5,"enemies":"Slime Boss","floor":16,"turns":8},{"damage":0,"enemies":"Chosen","floor":18,"turns":3},{"damage":12,"enemies":"3 Byrds","floor":19,"turns":4},{"damage":45,"enemies":"Masked Bandits","floor":21,"turns":4},{"damage":9,"enemies":"Slaver and Parasite","floor":22,"turns":3}],"event_choices":[{"event_name":"World of Goop","player_choice":"Gather Gold","floor":2.0,"damage_taken":0.0},{"event_name":"Golden Shrine","player_choice":"Pray","floor":4.0,"damage_taken":0.0},{"event_name":"Upgrade Shrine","player_choice":"Upgraded","floor":11.0,"damage_taken":0.0},{"event_name":"Living Wall","player_choice":"Forget","floor":12.0,"damage_taken":0.0},{"event_name":"Ghosts","player_choice":"Ignored","floor":20,"damage_taken":0},{"event_name":"Masked Bandits","player_choice":"Fought over 298 gold","floor":21,"damage_taken":0}],"boss_relics":[{"not_picked":["Calling Bell","White Beast Statue"],"picked":"Runic Pyramid"}],"potions_floor_spawned":[3,14,21],"seed_played":"3523470737771633046","killed_by":"Slaver and Parasite","ascension_level":1,"is_trial":false}