{"gold_per_floor":[115,132,147,72,87,87,116,184,184,184,184,216,246,264,264,360,360,376,356,367,292,292,292,39,54,78,98,98,129,129,55,55,151,151,169,26,45,96,96,96,196,196,196,196,227,227,260,274,274,274],"floor_reached":51,"playtime":4497,"items_purged":["Strike_G","Strike_G"],"score":915,"play_id":"6af8e393-0e9f-41c5-85db-43be101196d5","local_time":"20190807230223","is_ascension_mode":true,"campfire_choices":[{"data":"Poisoned Stab","floor":6,"key":"SMITH"},{"data":"Skewer","floor":10,"key":"SMITH"},{"floor":15,"key":"REST"},{"data":"Noxious Fumes","floor":23,"key":"SMITH"},{"floor":28,"key":"REST"},{"data":"Neutralize","floor":30,"key":"SMITH"},{"floor":32,"key":"REST"},{"floor":40,"key":"REST"},{"data":"Infinite Blades","floor":42,"key":"SMITH"},{"data":"1","floor":44,"key":"LIFT"},{"data":"2","floor":46,"key":"LIFT"},{"floor":49,"key":"REST"}],"neow_cost":"NONE","seed_source_timestamp":171644276481016,"circlet_count":0,"master_deck":["Strike_G+1","Strike_G+1","Defend_G","Defend_G","Defend_G","Defend_G","Defend_G","Survivor","Neutralize+1","Skewer+1","Backstab","Dagger Spray","Poisoned Stab+1","Catalyst","Burst","Noxious Fumes+1","Doppelganger","Deflect","Slice+1","Bandage Up","Terror+1","Phantasmal Killer","Heel Hook","Slice","Envenom","Slice+1","Dodge and Roll","Infinite Blades+1","Doubt","Tools of the Trade"],"relics":["Ring of the Snake","Whetstone","Paper Crane","Mummified Hand","Ornamental Fan","Runic Pyramid","Kunai","Smiling Mask","WingedGreaves","Cursed Key","PreservedInsect","Mango","Unceasing Top","Girya","Happy Flower","Bag of Marbles"],"potions_floor_usage":[7,12,16,25,29,33,37,38,47,48,50,50],"damage_taken":[{"damage":1,"enemies":"Cultist","floor":1,"turns":3},{"damage":3,"enemies":"Jaw Worm","floor":2,"turns":4},{"damage":0,"enemies":"Small Slimes","floor":3,"turns":2},{"damage":5,"enemies":"3 Louse","floor":5,"turns":3},{"damage":10,"enemies":"Gremlin Nob","floor":7,"turns":4},{"damage":12,"enemies":"Lagavulin","floor":12,"turns":5},{"damage":0,"enemies":"Large Slime","floor":14,"turns":3},{"damage":18,"enemies":"Slime Boss","floor":16,"turns":7},{"damage":11,"enemies":"Spheric Guardian","floor":18,"turns":7},{"damage":0,"enemies":"Chosen","floor":20,"turns":6},{"damage":10,"enemies":"Snake Plant","floor":25,"turns":4},{"damage":9,"enemies":"3 Cultists","floor":27,"turns":5},{"damage":9,"enemies":"Gremlin Leader","floor":29,"turns":5},{"damage":41,"enemies":"Champ","floor":33,"turns":13},{"damage":1,"enemies":"3 Shapes","floor":35,"turns":4},{"damage":3,"enemies":"Orb Walker","floor":37,"turns":3},{"damage":38,"enemies":"2 Orb Walkers","floor":38,"turns":5},{"damage":3,"enemies":"Mind Bloom Boss Battle","floor":41,"turns":6},{"damage":0,"enemies":"Giant Head","floor":45,"turns":5},{"damage":37,"enemies":"Reptomancer","floor":47,"turns":4},{"damage":24,"enemies":"Sphere and 2 Shapes","floor":48,"turns":6},{"damage":43,"enemies":"Awakened One","floor":50,"turns":15}],"seed_played":"-2652581008979053027","potions_obtained":[{"floor":5,"key":"Energy Potion"},{"floor":7,"key":"PowerPotion"},{"floor":14,"key":"GhostInAJar"},{"floor":16,"key":"Swift Potion"},{"floor":18,"key":"GamblersBrew"},{"floor":19,"key":"EssenceOfSteel"},{"floor":29,"key":"SpeedPotion"},{"floor":33,"key":"GhostInAJar"},{"floor":35,"key":"Energy Potion"},{"floor":41,"key":"Weak Potion"},{"floor":45,"key":"Explosive Potion"},{"floor":48,"key":"Energy Potion"}],"is_trial":false,"path_per_floor":["M","M","M","$","M","R","E","?","T","R","?","E","?","M","R","B",null,"M","?","M","?","?","R","$","M","T","M","R","E","R","$","R","B",null,"M","$","M","?","?","R","?","R","T","R","E","R","E","M","R","B",null],"character_chosen":"THE_SILENT","items_purchased":["Kunai","Slice","PreservedInsect"],"campfire_rested":5,"item_purchase_floors":[24,31,36],"current_hp_per_floor":[62,59,59,59,54,54,44,44,44,44,44,32,32,32,53,35,61,50,50,50,50,36,36,36,30,30,25,46,41,41,41,62,25,59,62,62,63,43,43,67,68,68,68,68,72,72,39,23,47,8],"gold":274,"neow_bonus":"RANDOM_COMMON_RELIC","is_prod":false,"is_daily":false,"chose_seed":false,"campfire_upgraded":5,"win_rate":0,"timestamp":1565244143,"path_taken":["M","?","?","$","M","R","E","?","T","R","?","E","?","M","R","BOSS","M","?","?","?","?","R","$","?","T","M","R","E","R","$","R","BOSS","M","$","M","?","?","R","?","R","T","R","E","R","E","M","R","BOSS"],"build_version":"2019-07-17","purchased_purges":2,"victory":true,"max_hp_per_floor":[70,70,70,70,70,70,70,70,70,70,70,70,70,70,70,70,70,70,70,70,70,70,70,70,70,70,70,70,70,70,70,70,70,70,70,70,70,84,80,80,80,80,80,80,80,80,80,80,80,80],"card_choices":[{"not_picked":["Blade Dance","Deflect"],"picked":"Skewer","floor":1},{"not_picked":["Calculated Gamble","Heel Hook"],"picked":"Backstab","floor":2},{"not_picked":["Backflip","Expertise"],"picked":"Dagger Spray","floor":3},{"not_picked":["Slice","Caltrops"],"picked":"Poisoned Stab","floor":5},{"not_picked":["Masterful Stab","Slice"],"picked":"Catalyst","floor":7},{"not_picked":["Dagger Spray","Dodge and Roll"],"picked":"Burst","floor":12},{"not_picked":["Backflip","Sucker Punch"],"picked":"Noxious Fumes","floor":14},{"not_picked":["Unload","Phantasmal Killer"],"picked":"Doppelganger","floor":16},{"not_picked":["Dagger Throw","Eviscerate"],"picked":"Deflect","floor":18},{"not_picked":["Blade Dance","PiercingWail"],"picked":"Slice+1","floor":20},{"not_picked":["Setup","Slice"],"picked":"Terror+1","floor":25},{"not_picked":["Dagger Throw+1","Dodge and Roll"],"picked":"Phantasmal Killer","floor":27},{"not_picked":["Escape Plan","Reflex"],"picked":"Heel Hook","floor":29},{"not_picked":["Phantasmal Killer","Bullet Time"],"picked":"Envenom","floor":33},{"not_picked":["PiercingWail","Catalyst+1"],"picked":"Slice+1","floor":35},{"not_picked":["Calculated Gamble","Predator+1"],"picked":"Dodge and Roll","floor":37},{"not_picked":["Dagger Spray","Cloak And Dagger+1"],"picked":"Infinite Blades","floor":41},{"not_picked":["Crippling Poison+1","Underhanded Strike"],"picked":"Tools of the Trade","floor":45},{"not_picked":["Deadly Poison","Dagger Throw","Bullet Time"],"picked":"SKIP","floor":47},{"not_picked":["PiercingWail+1","Flechettes+1","Masterful Stab+1"],"picked":"SKIP","floor":48}],"player_experience":220690,"relics_obtained":[{"floor":7,"key":"Paper Crane"},{"floor":9,"key":"Mummified Hand"},{"floor":12,"key":"Ornamental Fan"},{"floor":26,"key":"Smiling Mask"},{"floor":29,"key":"WingedGreaves"},{"floor":38,"key":"Mango"},{"floor":41,"key":"Unceasing Top"},{"floor":43,"key":"Girya"},{"floor":45,"key":"Happy Flower"},{"floor":47,"key":"Bag of Marbles"}],"event_choices":[{"damage_healed":0,"gold_gain":68,"player_choice":"Gained Gold","damage_taken":0,"max_hp_gain":0,"max_hp_loss":0,"event_name":"Golden Wing","floor":8,"gold_loss":0},{"damage_healed":0,"gold_gain":0,"player_choice":"Ignored","damage_taken":0,"max_hp_gain":0,"max_hp_loss":0,"event_name":"Liars Game","floor":11,"gold_loss":0},{"damage_healed":0,"gold_gain":30,"player_choice":"Searched \u00271\u0027 times","damage_taken":0,"max_hp_gain":0,"max_hp_loss":0,"event_name":"Dead Adventurer","floor":13,"gold_loss":0},{"damage_healed":0,"gold_gain":0,"player_choice":"Bought 1 Potion","damage_taken":0,"max_hp_gain":0,"max_hp_loss":0,"event_name":"The Woman in Blue","floor":19,"gold_loss":0},{"cards_removed":["Strike_G"],"damage_healed":0,"gold_gain":0,"player_choice":"Gave Gold","damage_taken":0,"max_hp_gain":0,"max_hp_loss":0,"event_name":"Beggar","floor":21,"gold_loss":75},{"damage_healed":0,"gold_gain":0,"player_choice":"CARD ","damage_taken":14,"max_hp_gain":0,"max_hp_loss":0,"event_name":"Knowing Skull","floor":22,"potions_obtained":[],"gold_loss":0,"cards_obtained":["Bandage Up"]},{"damage_healed":0,"gold_gain":0,"player_choice":"Fight","damage_taken":0,"max_hp_gain":0,"max_hp_loss":0,"event_name":"Mysterious Sphere","floor":38,"gold_loss":0},{"damage_healed":0,"gold_gain":0,"player_choice":"Max HP","damage_taken":0,"max_hp_gain":0,"max_hp_loss":4,"event_name":"Winding Halls","floor":39,"gold_loss":0},{"damage_healed":0,"gold_gain":0,"player_choice":"Fight","damage_taken":0,"max_hp_gain":0,"max_hp_loss":0,"event_name":"MindBloom","floor":41,"gold_loss":0}],"is_beta":false,"boss_relics":[{"not_picked":["Eternal Feather","Coffee Dripper"],"picked":"Runic Pyramid"},{"not_picked":["Astrolabe","WristBlade"],"picked":"Cursed Key"}],"items_purged_floors":[4,31],"is_endless":false,"potions_floor_spawned":[5,7,14,16,18,29,33,35,41,45,48],"ascension_level":6}