{"gold_per_floor":[118,43,43,53,66,100,100,135,160,172,190,203,203,223,223,297,297,313,324,111,111,111,122,132,132,157,157],"floor_reached":27,"playtime":2457,"items_purged":["Strike_G"],"score":454,"play_id":"2cc00a59-994e-4c64-b855-f6dc25b3764f","local_time":"20190515134741","is_ascension_mode":true,"campfire_choices":[{"data":"Neutralize","floor":7.0,"key":"SMITH"},{"data":"Leg Sweep","floor":13.0,"key":"SMITH"},{"floor":15.0,"key":"REST"},{"floor":25,"key":"REST"}],"neow_cost":"TEN_PERCENT_HP_LOSS","seed_source_timestamp":0,"circlet_count":0,"master_deck":["AscendersBane","Defend_G","Defend_G","Defend_G","Defend_G","Strike_G","Strike_G+1","Survivor","Neutralize+1","Crippling Poison","Leg Sweep+1","Bouncing Flask","Masterful Stab+1","Backflip","Outmaneuver","Deadly Poison","Corpse Explosion","Bouncing Flask","Enlightenment","Calculated Gamble","Writhe","Decay"],"special_seed":0,"relics":["Ring of the Snake","Dream Catcher","PreservedInsect","Whetstone","Fusion Hammer","Blue Candle","Potion Belt"],"potions_floor_usage":[18],"damage_taken":[{"damage":3.0,"enemies":"Small Slimes","floor":1.0,"turns":5.0},{"damage":2.0,"enemies":"Cultist","floor":4.0,"turns":5.0},{"damage":1.0,"enemies":"2 Louse","floor":5.0,"turns":4.0},{"damage":15.0,"enemies":"3 Sentries","floor":6.0,"turns":10.0},{"damage":15.0,"enemies":"Lagavulin","floor":8.0,"turns":7.0},{"damage":1.0,"enemies":"Looter","floor":10.0,"turns":3.0},{"damage":0.0,"enemies":"Large Slime","floor":11.0,"turns":5.0},{"damage":4.0,"enemies":"Blue Slaver","floor":12.0,"turns":3.0},{"damage":1.0,"enemies":"2 Fungi Beasts","floor":14.0,"turns":3.0},{"damage":17.0,"enemies":"Hexaghost","floor":16.0,"turns":11.0},{"damage":7,"enemies":"3 Byrds","floor":18,"turns":3},{"damage":16,"enemies":"Spheric Guardian","floor":19,"turns":5},{"damage":19,"enemies":"Snecko","floor":23,"turns":7},{"damage":7,"enemies":"Centurion and Healer","floor":24,"turns":7},{"damage":23,"enemies":"Slavers","floor":27,"turns":2}],"seed_played":"4451632941490229848","potions_obtained":[{"floor":1.0,"key":"Strength Potion"},{"floor":3.0,"key":"Energy Potion"},{"floor":4.0,"key":"Poison Potion"},{"floor":8.0,"key":"SteroidPotion"},{"floor":11.0,"key":"AttackPotion"},{"floor":16.0,"key":"Swift Potion"},{"floor":18,"key":"SteroidPotion"}],"is_trial":false,"path_per_floor":["M","?","?","M","M","E","R","E","T","M","M","M","R","M","R","B",null,"M","M","$","?","?","M","M","R","T","E"],"character_chosen":"THE_SILENT","items_purchased":["Enlightenment","Calculated Gamble"],"campfire_rested":2,"item_purchase_floors":[20,20],"current_hp_per_floor":[56,56,56,54,53,38,38,23,23,22,22,18,18,17,35,18,50,43,27,27,27,27,8,1,19,19,0],"gold":157,"neow_bonus":"REMOVE_TWO","is_prod":false,"is_daily":false,"chose_seed":false,"campfire_upgraded":2,"win_rate":0,"timestamp":1557942461,"path_taken":["M","?","?","?","M","E","R","E","T","M","M","M","R","M","R","BOSS","M","M","$","?","?","M","M","R","T","E"],"build_version":"2019-01-23","purchased_purges":1,"victory":false,"max_hp_per_floor":[60,60,60,60,60,60,60,60,60,60,60,60,60,60,60,60,60,60,60,60,60,60,60,60,60,60,60],"card_choices":[{"not_picked":["Flying Knee","Prepared"],"picked":"Crippling Poison","floor":1.0},{"not_picked":["Outmaneuver","Caltrops"],"picked":"Leg Sweep","floor":4.0},{"not_picked":["Underhanded Strike","Outmaneuver"],"picked":"Bouncing Flask","floor":5.0},{"not_picked":["Deflect","Sucker Punch"],"picked":"Masterful Stab","floor":6.0},{"not_picked":["Setup","Underhanded Strike","Concentrate"],"picked":"SKIP","floor":8.0},{"not_picked":["PiercingWail","Expertise"],"picked":"Backflip","floor":10.0},{"not_picked":["Concentrate","Cloak And Dagger"],"picked":"Outmaneuver","floor":11.0},{"not_picked":["Finisher","Quick Slash","Dagger Throw"],"picked":"SKIP","floor":12.0},{"not_picked":["Prepared","Escape Plan","Flying Knee"],"picked":"SKIP","floor":14.0},{"not_picked":["PiercingWail","Bouncing Flask"],"picked":"Deadly Poison","floor":15.0},{"not_picked":["Die Die Die","Grand Finale"],"picked":"Corpse Explosion","floor":16.0},{"not_picked":["Accuracy","Sucker Punch","Deflect"],"picked":"SKIP","floor":18},{"not_picked":["Flying Knee+1","PiercingWail"],"picked":"Bouncing Flask","floor":19},{"not_picked":["Blade Dance","Setup","Skewer"],"picked":"SKIP","floor":23},{"not_picked":["Cloak And Dagger+1","Riddle With Holes","Masterful Stab"],"picked":"SKIP","floor":24}],"player_experience":813045,"relics_obtained":[{"floor":6.0,"key":"Dream Catcher"},{"floor":8.0,"key":"PreservedInsect"},{"floor":9.0,"key":"Whetstone"},{"floor":26,"key":"Potion Belt"}],"event_choices":[{"cards_removed":["Strike_G"],"damage_healed":0.0,"max_hp_gain":0.0,"max_hp_loss":0.0,"gold_gain":0.0,"event_name":"The Cleric","player_choice":"Card Removal","floor":2.0,"gold_loss":75.0,"damage_taken":0.0},{"damage_healed":0.0,"max_hp_gain":0.0,"max_hp_loss":0.0,"gold_gain":0.0,"event_name":"Lab","player_choice":"Got Potions","floor":3.0,"gold_loss":0.0,"damage_taken":0.0},{"damage_healed":0,"gold_gain":0,"player_choice":"Opened","damage_taken":0,"relics_obtained":["Blue Candle"],"max_hp_gain":0,"max_hp_loss":0,"event_name":"The Mausoleum","floor":21,"gold_loss":0,"cards_obtained":["Writhe"]},{"damage_healed":0,"gold_gain":0,"player_choice":"Smashed Altar","damage_taken":0,"max_hp_gain":0,"max_hp_loss":0,"event_name":"Forgotten Altar","floor":22,"gold_loss":0,"cards_obtained":["Decay"]}],"is_beta":false,"boss_relics":[{"not_picked":["Pandora\u0027s Box","WristBlade"],"picked":"Fusion Hammer"}],"items_purged_floors":[20],"is_endless":false,"potions_floor_spawned":[1,4,5,8,11,16,18],"killed_by":"Slavers","ascension_level":16}