{"gold_per_floor":[116,116,116,134,158,158,173,173],"floor_reached":8,"playtime":120,"items_purged":[],"score":48,"play_id":"75431a3c-1b99-4a77-b7e9-502c5c0a6007","local_time":"20190706175341","is_ascension_mode":false,"campfire_choices":[{"data":"Evolve","floor":6,"key":"SMITH"}],"neow_cost":"NONE","seed_source_timestamp":395533463463193,"circlet_count":0,"master_deck":["Strike_R","Strike_R","Strike_R","Strike_R","Strike_R","Defend_R","Defend_R","Defend_R","Defend_R","Bash","Thunderclap","Evolve+1","Pummel"],"relics":["Burning Blood","NeowsBlessing","Golden Idol"],"potions_floor_usage":[3,7],"damage_taken":[{"damage":0,"enemies":"2 Louse","floor":1,"turns":1},{"damage":0,"enemies":"Cultist","floor":4,"turns":1},{"damage":0,"enemies":"Small Slimes","floor":5,"turns":1},{"damage":39,"enemies":"Gremlin Gang","floor":7,"turns":4},{"damage":0,"enemies":"Exordium Thugs","floor":8,"turns":1}],"seed_played":"-6949208582839110723","potions_obtained":[{"floor":1,"key":"SkillPotion"},{"floor":3,"key":"FearPotion"},{"floor":3,"key":"Fruit Juice"},{"floor":3,"key":"EntropicBrew"},{"floor":5,"key":"EssenceOfSteel"}],"is_trial":false,"path_per_floor":["M","?","?","M","M","R","M","M"],"character_chosen":"IRONCLAD","items_purchased":[],"campfire_rested":0,"item_purchase_floors":[],"current_hp_per_floor":[80,74,79,79,79,79,46,46],"gold":173,"neow_bonus":"THREE_ENEMY_KILL","is_prod":false,"is_daily":false,"chose_seed":false,"campfire_upgraded":1,"win_rate":0,"timestamp":1562450021,"path_taken":["M","?","?","M","?","R","M","M"],"build_version":"2019-07-05","purchased_purges":0,"victory":false,"max_hp_per_floor":[80,74,79,79,79,79,79,79],"card_choices":[{"not_picked":["Armaments","Pommel Strike"],"picked":"Thunderclap","floor":1},{"not_picked":["Clash","Wild Strike"],"picked":"Evolve","floor":4},{"not_picked":["Flex","Cleave"],"picked":"Pummel","floor":5},{"not_picked":["Wild Strike","Entrench","Seeing Red"],"picked":"SKIP","floor":7}],"player_experience":866582,"relics_obtained":[],"event_choices":[{"damage_healed":0,"gold_gain":0,"player_choice":"Lose Max HP","damage_taken":0,"relics_obtained":["Golden Idol"],"max_hp_gain":0,"max_hp_loss":6,"event_name":"Golden Idol","floor":2,"gold_loss":0},{"damage_healed":0,"gold_gain":0,"player_choice":"Got Potions","damage_taken":0,"max_hp_gain":0,"max_hp_loss":0,"event_name":"Lab","floor":3,"gold_loss":0}],"is_beta":false,"boss_relics":[],"items_purged_floors":[],"is_endless":false,"potions_floor_spawned":[1,4,5],"killed_by":"Exordium Thugs","ascension_level":0}