{"gold_per_floor":[115,190,202,132,7,7,27,27,27,27,46,57,92,92,92,192,192,204,104,119,119,135,135,160,160,160,179,191,209,209,222,222,317,317,331,206,206,206,219,219,239,252,252,252,266,266,266,266,266,266],"floor_reached":51,"playtime":2522,"items_purged":["Strike_R","Strike_R","Strike_R"],"score":694,"play_id":"9e9a8279-52e6-4445-bd30-4196d9624ff9","local_time":"20190813134025","is_ascension_mode":false,"campfire_choices":[{"data":"Bash","floor":6,"key":"SMITH"},{"data":"Heavy Blade","floor":10,"key":"SMITH"},{"data":"Barricade","floor":15,"key":"SMITH"},{"floor":23,"key":"REST"},{"data":"Brutality","floor":25,"key":"SMITH"},{"data":"Shrug It Off","floor":32,"key":"SMITH"},{"data":"Defend_R","floor":40,"key":"SMITH"},{"data":"Inflame","floor":44,"key":"SMITH"},{"data":"Rupture","floor":46,"key":"SMITH"},{"data":"Inflame","floor":49,"key":"SMITH"}],"neow_cost":"TEN_PERCENT_HP_LOSS","seed_source_timestamp":83357777637506,"circlet_count":0,"master_deck":["Defend_R+1","Defend_R+1","Defend_R+1","Defend_R+1","Bash+1","Carnage","Shrug It Off+1","Inflame+1","Heavy Blade+1","Barricade+1","Reaper+1","Inflame+1","Iron Wave+1","Body Slam+1","Brutality+1","Thunderclap+1","Rupture+1","Offering+1","Shrug It Off+1","Shrug It Off+1"],"relics":["Burning Blood","Bag of Marbles","War Paint","Molten Egg 2","Bottled Tornado","Cursed Key","Omamori","Paper Frog","Toxic Egg 2","Philosopher\u0027s Stone"],"potions_floor_usage":[3,13,16,16,24,33,35,50,50],"damage_taken":[{"damage":0,"enemies":"2 Louse","floor":1,"turns":3},{"damage":1,"enemies":"Cultist","floor":3,"turns":3},{"damage":1,"enemies":"Jaw Worm","floor":7,"turns":4},{"damage":1,"enemies":"Exordium Thugs","floor":11,"turns":4},{"damage":10,"enemies":"Looter","floor":12,"turns":2},{"damage":6,"enemies":"Gremlin Nob","floor":13,"turns":3},{"damage":22,"enemies":"Hexaghost","floor":16,"turns":10},{"damage":5,"enemies":"Shell Parasite","floor":18,"turns":8},{"damage":39,"enemies":"2 Thieves","floor":20,"turns":5},{"damage":13,"enemies":"Centurion and Healer","floor":22,"turns":8},{"damage":24,"enemies":"Gremlin Leader","floor":24,"turns":6},{"damage":4,"enemies":"Snecko","floor":27,"turns":3},{"damage":7,"enemies":"Cultist and Chosen","floor":28,"turns":6},{"damage":13,"enemies":"Centurion and Healer","floor":29,"turns":5},{"damage":17,"enemies":"Sentry and Sphere","floor":31,"turns":6},{"damage":30,"enemies":"Automaton","floor":33,"turns":8},{"damage":7,"enemies":"3 Shapes","floor":35,"turns":2},{"damage":8,"enemies":"3 Darklings","floor":39,"turns":3},{"damage":15,"enemies":"Writhing Mass","floor":41,"turns":4},{"damage":10,"enemies":"Maw","floor":42,"turns":5},{"damage":2,"enemies":"Spire Growth","floor":45,"turns":3},{"damage":50,"enemies":"Awakened One","floor":50,"turns":8}],"seed_played":"6099010106590863951","potions_obtained":[{"floor":1,"key":"Poison Potion"},{"floor":3,"key":"SpeedPotion"},{"floor":12,"key":"Poison Potion"},{"floor":13,"key":"Strength Potion"},{"floor":16,"key":"BloodPotion"},{"floor":20,"key":"LiquidBronze"},{"floor":24,"key":"BloodPotion"},{"floor":29,"key":"EssenceOfSteel"},{"floor":33,"key":"Explosive Potion"},{"floor":41,"key":"FearPotion"}],"is_trial":false,"path_per_floor":["M","?","M","$","$","R","M","?","T","R","M","M","E","T","R","B",null,"M","$","M","?","M","R","E","R","T","M","M","M","T","M","R","B",null,"M","$","T","?","M","R","M","M","T","R","M","R","?","?","R","B",null],"character_chosen":"IRONCLAD","items_purchased":["Inflame","Heavy Blade"],"campfire_rested":1,"item_purchase_floors":[4,5],"current_hp_per_floor":[72,65,70,70,70,70,72,69,69,69,72,68,68,68,68,52,72,72,72,39,39,46,67,56,56,56,66,72,72,72,70,70,60,72,72,72,72,72,72,72,72,72,72,72,72,72,72,72,72,65],"gold":266,"neow_bonus":"REMOVE_TWO","is_prod":false,"is_daily":false,"chose_seed":false,"campfire_upgraded":9,"win_rate":0,"timestamp":1565718025,"path_taken":["M","?","M","?","$","R","M","?","T","R","M","?","E","?","R","BOSS","M","$","M","?","M","R","E","R","T","M","M","M","?","?","R","BOSS","M","$","?","?","M","R","M","M","T","R","?","R","?","?","R","BOSS"],"build_version":"2019-07-17","purchased_purges":3,"victory":true,"max_hp_per_floor":[72,72,72,72,72,72,72,72,72,72,72,72,72,72,72,72,72,72,72,72,72,72,72,72,72,72,72,72,72,72,72,72,72,72,72,72,72,72,72,72,72,72,72,72,72,72,72,72,72,72],"card_choices":[{"not_picked":["Pummel","Shrug It Off"],"picked":"Carnage","floor":1},{"not_picked":["Headbutt","Warcry"],"picked":"Shrug It Off","floor":3},{"not_picked":["Anger","Havoc"],"picked":"Barricade","floor":7},{"not_picked":["Headbutt","Rampage","Clash"],"picked":"SKIP","floor":11},{"not_picked":["Sword Boomerang","Blood for Blood","Perfected Strike"],"picked":"SKIP","floor":12},{"not_picked":["Carnage","Anger","Fire Breathing"],"picked":"SKIP","floor":13},{"not_picked":["Bludgeon+1","Fiend Fire+1"],"picked":"Reaper+1","floor":16},{"not_picked":["Anger+1","Hemokinesis+1","Pummel+1"],"picked":"SKIP","floor":18},{"not_picked":["Pummel+1","Hemokinesis+1"],"picked":"Inflame","floor":20},{"not_picked":["Wild Strike+1","Shrug It Off"],"picked":"Body Slam+1","floor":22},{"not_picked":["Inflame+1","Rupture+1"],"picked":"Brutality","floor":24},{"not_picked":["Bloodletting+1","Wild Strike+1","Second Wind"],"picked":"SKIP","floor":27},{"not_picked":["Wild Strike+1","Reckless Charge+1","Bloodletting"],"picked":"SKIP","floor":28},{"not_picked":["Havoc","Pommel Strike+1"],"picked":"Thunderclap+1","floor":29},{"not_picked":["Clothesline+1","Offering+1"],"picked":"Rupture","floor":31},{"not_picked":["Limit Break+1","Demon Form"],"picked":"Offering+1","floor":33},{"not_picked":["Twin Strike+1","Thunderclap+1","Armaments+1"],"picked":"SKIP","floor":35},{"not_picked":["Heavy Blade+1","Bloodletting+1"],"picked":"Shrug It Off+1","floor":39},{"not_picked":["Armaments+1","Sever Soul+1"],"picked":"Shrug It Off+1","floor":41},{"not_picked":["Armaments+1","Searing Blow+1","Anger+1"],"picked":"SKIP","floor":42},{"not_picked":["Infernal Blade+1","True Grit+1","Limit Break+1"],"picked":"SKIP","floor":45}],"player_experience":969931,"relics_obtained":[{"floor":9,"key":"War Paint"},{"floor":13,"key":"Molten Egg 2"},{"floor":14,"key":"Bottled Tornado"},{"floor":24,"key":"Omamori"},{"floor":26,"key":"Paper Frog"},{"floor":30,"key":"Toxic Egg 2"}],"event_choices":[{"damage_healed":0,"gold_gain":75,"player_choice":"Touch","damage_taken":7,"max_hp_gain":0,"max_hp_loss":0,"event_name":"FaceTrader","floor":2,"gold_loss":0},{"damage_healed":0,"gold_gain":0,"player_choice":"Success","damage_taken":3,"relics_obtained":["Bag of Marbles"],"max_hp_gain":0,"max_hp_loss":0,"event_name":"Scrap Ooze","floor":8,"gold_loss":0},{"damage_healed":0,"gold_gain":0,"player_choice":"Read","damage_taken":0,"max_hp_gain":0,"max_hp_loss":0,"event_name":"The Library","floor":21,"gold_loss":0,"cards_obtained":["Iron Wave"]},{"damage_healed":0,"gold_gain":0,"player_choice":"Upgraded","damage_taken":0,"max_hp_gain":0,"max_hp_loss":0,"event_name":"Upgrade Shrine","floor":38,"gold_loss":0,"cards_upgraded":["Defend_R"]},{"damage_healed":0,"gold_gain":0,"player_choice":"Memory 1","damage_taken":0,"max_hp_gain":0,"max_hp_loss":0,"event_name":"SensoryStone","floor":47,"gold_loss":0},{"damage_healed":0,"gold_gain":0,"player_choice":"Ignored","damage_taken":0,"max_hp_gain":0,"max_hp_loss":0,"event_name":"Mysterious Sphere","floor":48,"gold_loss":0}],"is_beta":false,"boss_relics":[{"not_picked":["Ectoplasm","Lizard Tail"],"picked":"Cursed Key"},{"not_picked":["Mark of Pain","Black Star"],"picked":"Philosopher\u0027s Stone"}],"items_purged_floors":[5,19,36],"is_endless":false,"potions_floor_spawned":[1,3,12,13,16,20,24,29,31,33,41],"ascension_level":0}