{"gold_per_floor":[111,125,95,106,118,152,152,152,152,152,179,197,72,86,86,182,182,200,150,21,35,46,80,80],"floor_reached":24,"playtime":2148,"items_purged":["Strike_B"],"score":329,"play_id":"1c8cd691-7c77-4202-b0c7-631a01923d3f","local_time":"20190721232347","is_ascension_mode":true,"campfire_choices":[{"data":"Zap","floor":8,"key":"SMITH"},{"data":"Dualcast","floor":10,"key":"SMITH"},{"floor":15,"key":"REST"}],"neow_cost":"PERCENT_DAMAGE","seed_source_timestamp":1145509909014682,"circlet_count":0,"master_deck":["Strike_B","Strike_B","Strike_B","Defend_B","Defend_B","Defend_B","Defend_B","Zap+1","Dualcast+1","Conserve Battery","Glacier","Hello World","Heatsinks","Core Surge","Capacitor","Coolheaded","Chaos","Seek","Capacitor+1","Defragment","Static Discharge","Melter","Scrape+1"],"relics":["Cracked Core","Mango","Darkstone Periapt","Omamori","Ornamental Fan","Bag of Marbles","Black Star","Bottled Tornado","Oddly Smooth Stone"],"potions_floor_usage":[6,11,11,11,11,16,16,16,21,22],"damage_taken":[{"damage":9,"enemies":"Small Slimes","floor":1,"turns":3},{"damage":0,"enemies":"Cultist","floor":2,"turns":3},{"damage":2,"enemies":"Jaw Worm","floor":4,"turns":6},{"damage":8,"enemies":"Exordium Thugs","floor":5,"turns":4},{"damage":4,"enemies":"Lagavulin","floor":6,"turns":9},{"damage":0,"enemies":"3 Sentries","floor":11,"turns":8},{"damage":1,"enemies":"Blue Slaver","floor":12,"turns":4},{"damage":0,"enemies":"Exordium Wildlife","floor":14,"turns":3},{"damage":1,"enemies":"Slime Boss","floor":16,"turns":9},{"damage":0,"enemies":"Chosen","floor":18,"turns":6},{"damage":0,"enemies":"Spheric Guardian","floor":21,"turns":8},{"damage":23,"enemies":"Snake Plant","floor":22,"turns":5},{"damage":66,"enemies":"Slavers","floor":23,"turns":7},{"damage":8,"enemies":"Shelled Parasite and Fungi","floor":24,"turns":1}],"seed_played":"2841994230818373019","potions_obtained":[{"floor":2,"key":"Ancient Potion"},{"floor":3,"key":"EntropicBrew"},{"floor":3,"key":"SteroidPotion"},{"floor":4,"key":"LiquidBronze"},{"floor":11,"key":"FearPotion"},{"floor":21,"key":"Regen Potion"},{"floor":23,"key":"Strength Potion"}],"is_trial":false,"path_per_floor":["M","M","?","M","M","E","?","R","T","R","E","M","$","M","R","B",null,"M","?","$","M","M","E","M"],"character_chosen":"DEFECT","items_purchased":["SkillPotion","Defragment","Block Potion"],"campfire_rested":1,"item_purchase_floors":[13,20,20],"current_hp_per_floor":[55,55,55,53,45,41,38,38,38,38,38,37,37,37,63,62,82,82,82,82,82,68,2,0],"gold":80,"neow_bonus":"ONE_RARE_RELIC","is_prod":false,"is_daily":false,"chose_seed":false,"campfire_upgraded":2,"win_rate":0,"timestamp":1563776627,"path_taken":["M","M","?","M","?","E","?","R","T","R","E","M","?","M","R","BOSS","M","?","?","?","M","E","M"],"build_version":"2019-07-17","purchased_purges":1,"victory":false,"max_hp_per_floor":[89,89,89,89,89,89,89,89,89,89,89,89,89,89,89,89,89,89,89,89,89,89,89,89],"card_choices":[{"not_picked":["Ball Lightning","Leap"],"picked":"Conserve Battery","floor":1},{"not_picked":["Beam Cell","Go for the Eyes"],"picked":"Glacier","floor":2},{"not_picked":["Sweeping Beam","Stack"],"picked":"Hello World","floor":4},{"not_picked":["Double Energy","Genetic Algorithm"],"picked":"Heatsinks","floor":5},{"not_picked":["Beam Cell","Cold Snap"],"picked":"Core Surge","floor":6},{"not_picked":["Double Energy","Scrape"],"picked":"Capacitor","floor":11},{"not_picked":["Beam Cell","Turbo"],"picked":"Coolheaded","floor":12},{"not_picked":["Ball Lightning","Hologram"],"picked":"Chaos","floor":14},{"not_picked":["All For One","Hyperbeam"],"picked":"Seek","floor":16},{"not_picked":["Coolheaded","Beam Cell"],"picked":"Capacitor+1","floor":18},{"not_picked":["Gash","Redo"],"picked":"Static Discharge","floor":21},{"not_picked":["Rebound","Sweeping Beam"],"picked":"Melter","floor":22},{"not_picked":["Streamline+1","Aggregate"],"picked":"Scrape+1","floor":23}],"player_experience":377368,"relics_obtained":[{"floor":6,"key":"Darkstone Periapt"},{"floor":9,"key":"Ornamental Fan"},{"floor":11,"key":"Bag of Marbles"},{"floor":23,"key":"Bottled Tornado"},{"floor":23,"key":"Oddly Smooth Stone"}],"event_choices":[{"damage_healed":0,"gold_gain":0,"player_choice":"Bought 2 Potions","damage_taken":0,"max_hp_gain":0,"max_hp_loss":0,"event_name":"The Woman in Blue","floor":3,"gold_loss":0},{"damage_healed":0,"gold_gain":0,"player_choice":"Success","damage_taken":3,"relics_obtained":["Omamori"],"max_hp_gain":0,"max_hp_loss":0,"event_name":"Scrap Ooze","floor":7,"gold_loss":0},{"damage_healed":0,"gold_gain":0,"player_choice":"Bet on Murderer","damage_taken":0,"max_hp_gain":0,"max_hp_loss":0,"event_name":"The Joust","floor":19,"gold_loss":50}],"is_beta":false,"boss_relics":[{"not_picked":["Ectoplasm","FrozenCore"],"picked":"Black Star"}],"items_purged_floors":[13],"is_endless":false,"potions_floor_spawned":[2,4,5,11,21,23],"killed_by":"Shelled Parasite and Fungi","ascension_level":6}