{"path_per_floor":["M","T","?","?","M","E","R","?","T","R","M","?","M","$","R","B",null,"M","$","?","M","M"],"character_chosen":"IRONCLAD","items_purchased":["Battle Trance","True Grit","Shrug It Off"],"gold_per_floor":[109,109,109,109,129,160,160,160,236,236,249,324,334,168,168,270,270,290,145,145,160,170],"floor_reached":23,"campfire_rested":0,"playtime":2037,"current_hp_per_floor":[64,64,64,64,63,38,38,35,35,35,41,30,36,36,36,37,80,80,80,65,71,61],"items_purged":["Regret","Strike_R"],"gold":170,"play_id":"c3a310eb-cdc0-4e5d-b17e-3066bac46b80","is_prod":false,"is_daily":false,"is_ascension_mode":true,"campfire_upgraded":3,"path_taken":["M","?","?","?","?","E","R","?","T","R","M","?","M","$","R","BOSS","M","$","?","M","M","E"],"build_version":"2018-01-25-PROD3","purchased_purges":2,"victory":false,"master_deck":["Strike_R","Strike_R","Strike_R","Strike_R","Defend_R","Defend_R","Defend_R","Bash+1","Headbutt","Battle Trance","Cleave+1","Clash","Battle Trance","True Grit+1","Barricade","Sentinel","Shrug It Off","Armaments+1","Sentinel"],"max_hp_per_floor":[80,80,80,80,80,80,80,80,80,80,80,80,80,80,80,80,80,80,80,85,85,85],"relics":["Burning Blood","Ginger","Prayer Wheel","Thread and Needle","Vajra","Shuriken","Runic Pyramid"],"card_choices":[{"not_picked":["Pummel","Wild Strike"],"picked":"Headbutt"},{"not_picked":["Iron Wave","Twin Strike"],"picked":"Battle Trance"},{"not_picked":["Pommel Strike","Shockwave"],"picked":"Cleave"},{"not_picked":["Pommel Strike","Twin Strike"],"picked":"Clash"},{"not_picked":["Fiend Fire","Exhume"],"picked":"Barricade"},{"not_picked":["Warcry","Thunderclap"],"picked":"Sentinel"},{"not_picked":["True Grit","Headbutt"],"picked":"Armaments"},{"not_picked":["Flex","Sever Soul"],"picked":"Sentinel"}],"player_experience":172345,"potions_floor_usage":[6,6,13,23],"damage_taken":[{"damage":22,"enemies":"Blue Slaver","floor":1,"turns":5},{"damage":7,"enemies":"2 Louse","floor":5,"turns":3},{"damage":31,"enemies":"Gremlin Nob","floor":6,"turns":4},{"damage":0,"enemies":"Small Slimes","floor":11,"turns":2},{"damage":0,"enemies":"Looter","floor":13,"turns":1},{"damage":5,"enemies":"Slime Boss","floor":16,"turns":8},{"damage":0,"enemies":"Spheric Guardian","floor":18,"turns":6},{"damage":0,"enemies":"Chosen","floor":21,"turns":5},{"damage":16,"enemies":"Sentry and Sphere","floor":22,"turns":21},{"damage":67,"enemies":"Book of Stabbing","floor":23,"turns":7}],"event_choices":[{"event_name":"Big Fish","player_choice":"Box","floor":3,"damage_taken":0},{"event_name":"The Lab","player_choice":"Got Potions","floor":4,"damage_taken":0},{"event_name":"Scrap Ooze","player_choice":"success","floor":8,"damage_taken":3},{"event_name":"World of Goop","player_choice":"Gather Gold","floor":12,"damage_taken":0},{"event_name":"Forgotten Altar","player_choice":"Shed Blood","floor":20,"damage_taken":0}],"boss_relics":[{"not_picked":["Philosopher\u0027s Stone","Black Star"],"picked":"Runic Pyramid"}],"potions_floor_spawned":[1,11,16],"seed_played":"2493875300430977415","killed_by":"Book of Stabbing","ascension_level":4,"is_trial":false}