{"gold_per_floor":[117,117,133,133,149,188,203,221,221,246,266,21,41,64,64,64],"floor_reached":16,"playtime":1014,"items_purged":[],"score":173,"play_id":"ebb9fca4-72c2-4dde-9dff-e2c52c9f9228","local_time":"20190802180931","is_ascension_mode":true,"campfire_choices":[{"floor":15,"key":"REST"}],"neow_cost":"CURSE","seed_source_timestamp":0,"circlet_count":0,"master_deck":["AscendersBane","Strike_R","Strike_R","Strike_R","Defend_R","Defend_R","Defend_R","Defend_R","Bash","Sword Boomerang","Exhume","Ghostly Armor","Flame Barrier","Combust","Shrug It Off","Whirlwind","Body Slam","Combust","Master of Strategy","Thunderclap","Immolate"],"special_seed":0,"relics":["Burning Blood","Golden Idol","Bag of Marbles","Dream Catcher"],"potions_floor_usage":[13,16],"damage_taken":[{"damage":0.0,"enemies":"2 Louse","floor":1.0,"turns":3.0},{"damage":7.0,"enemies":"Jaw Worm","floor":3.0,"turns":4.0},{"damage":5.0,"enemies":"Cultist","floor":5.0,"turns":6.0},{"damage":39.0,"enemies":"Gremlin Nob","floor":6.0,"turns":5.0},{"damage":1.0,"enemies":"Blue Slaver","floor":7.0,"turns":6.0},{"damage":16.0,"enemies":"Gremlin Gang","floor":8.0,"turns":5.0},{"damage":3,"enemies":"2 Fungi Beasts","floor":10,"turns":3},{"damage":8,"enemies":"Blue Slaver","floor":11,"turns":4},{"damage":13,"enemies":"Looter","floor":13,"turns":4},{"damage":0,"enemies":"2 Fungi Beasts","floor":14,"turns":2},{"damage":38,"enemies":"The Guardian","floor":16,"turns":8}],"seed_played":"-8636392743828280314","potions_obtained":[{"floor":1.0,"key":"Dexterity Potion"},{"floor":3.0,"key":"Ancient Potion"},{"floor":11,"key":"Ancient Potion"},{"floor":13,"key":"Poison Potion"}],"is_trial":false,"path_per_floor":["M","?","M","?","M","E","M","M","T","M","M","$","M","M","R","B"],"character_chosen":"IRONCLAD","items_purchased":["Master of Strategy","PowerPotion"],"campfire_rested":1,"item_purchase_floors":[12,12],"current_hp_per_floor":[78,58,57,50,51,18,23,13,13,16,14,14,7,13,36,0],"gold":64,"neow_bonus":"TRANSFORM_TWO_CARDS","is_prod":false,"is_daily":false,"chose_seed":false,"campfire_upgraded":0,"win_rate":0,"timestamp":1564794571,"path_taken":["M","?","M","?","M","E","M","?","T","?","M","$","M","M","R","BOSS"],"build_version":"2019-07-17","purchased_purges":0,"victory":false,"max_hp_per_floor":[80,80,80,77,77,77,77,77,77,77,77,77,77,77,77,77],"card_choices":[{"not_picked":["Power Through","Intimidate"],"picked":"Ghostly Armor","floor":1.0},{"not_picked":["Flex","Armaments"],"picked":"Flame Barrier","floor":3.0},{"not_picked":["Reckless Charge","Armaments","Warcry"],"picked":"SKIP","floor":5.0},{"not_picked":["Clash","Perfected Strike"],"picked":"Combust","floor":6.0},{"not_picked":["Sentinel","True Grit"],"picked":"Shrug It Off","floor":7.0},{"not_picked":["Searing Blow","Evolve"],"picked":"Whirlwind","floor":8},{"not_picked":["Flame Barrier","Flex"],"picked":"Body Slam","floor":10},{"not_picked":["Cleave","Iron Wave"],"picked":"Combust","floor":11},{"not_picked":["Wild Strike","Sword Boomerang"],"picked":"Thunderclap","floor":13},{"not_picked":["Rage","Twin Strike","Carnage"],"picked":"SKIP","floor":14},{"not_picked":["Anger","Thunderclap"],"picked":"Immolate","floor":15}],"player_experience":439928,"relics_obtained":[{"floor":6.0,"key":"Bag of Marbles"},{"floor":9,"key":"Dream Catcher"}],"event_choices":[{"damage_healed":0.0,"max_hp_gain":0.0,"max_hp_loss":0.0,"gold_gain":0.0,"event_name":"Golden Idol","player_choice":"Take Damage","floor":2.0,"gold_loss":0.0,"damage_taken":20.0,"relics_obtained":["Golden Idol"]},{"cards_removed":["Parasite"],"damage_healed":0.0,"max_hp_gain":0.0,"max_hp_loss":0.0,"gold_gain":0.0,"event_name":"Golden Wing","player_choice":"Card Removal","floor":4.0,"gold_loss":0.0,"damage_taken":7.0}],"is_beta":false,"boss_relics":[],"items_purged_floors":[],"is_endless":false,"potions_floor_spawned":[1,3,5,11,13],"killed_by":"The Guardian","ascension_level":12}