{"gold_per_floor":[116,41,0,0,19,44,44,44,44,44,64,64,81,92,92,169,169,179,229,154,79,90,119,119,144,167,67,67,11,11,29,29,106,106,125,125,140,159,159,159,176,176,202,212,212,33,83,0,0,0],"floor_reached":51,"playtime":3321,"items_purged":["Strike_R","Strike_R+1","Bludgeon"],"score":1406,"play_id":"ae482843-9168-4c51-9c2c-7cb07d0f1e5a","local_time":"20181228171856","is_ascension_mode":true,"campfire_choices":[{"data":"Whirlwind","floor":8,"key":"SMITH"},{"data":"Spot Weakness","floor":10,"key":"SMITH"},{"data":"Bash","floor":15,"key":"SMITH"},{"floor":28,"key":"REST"},{"floor":32,"key":"REST"},{"floor":40,"key":"REST"},{"floor":42,"key":"REST"},{"floor":45,"key":"REST"},{"floor":49,"key":"REST"}],"neow_cost":"NONE","seed_source_timestamp":197584937476228,"circlet_count":0,"master_deck":["AscendersBane","Defend_R+1","Defend_R+1","Defend_R+1","Bash+1","Whirlwind+1","Spot Weakness+1","Offering","Entrench+1"],"relics":["Burning Blood","NeowsBlessing","Juzu Bracelet","Singing Bowl","Odd Mushroom","Fusion Hammer","StoneCalendar","MutagenicStrength","PreservedInsect","Potion Belt","Velvet Choker","Lantern","Red Mask"],"potions_floor_usage":[11,23,23,41,41,50,50],"damage_taken":[{"damage":0,"enemies":"Jaw Worm","floor":1,"turns":1},{"damage":0,"enemies":"2 Louse","floor":5,"turns":1},{"damage":0,"enemies":"Lagavulin","floor":6,"turns":2},{"damage":11,"enemies":"The Mushroom Lair","floor":11,"turns":3},{"damage":0,"enemies":"Small Slimes","floor":13,"turns":2},{"damage":6,"enemies":"2 Fungi Beasts","floor":14,"turns":3},{"damage":62,"enemies":"Hexaghost","floor":16,"turns":7},{"damage":0,"enemies":"3 Byrds","floor":18,"turns":3},{"damage":3,"enemies":"Spheric Guardian","floor":22,"turns":3},{"damage":0,"enemies":"Gremlin Leader","floor":23,"turns":4},{"damage":76,"enemies":"Book of Stabbing","floor":25,"turns":6},{"damage":5,"enemies":"Centurion and Healer","floor":31,"turns":8},{"damage":54,"enemies":"Collector","floor":33,"turns":8},{"damage":6,"enemies":"Orb Walker","floor":35,"turns":1},{"damage":6,"enemies":"3 Darklings","floor":37,"turns":1},{"damage":0,"enemies":"Jaw Worm Horde","floor":38,"turns":1},{"damage":21,"enemies":"Writhing Mass","floor":41,"turns":4},{"damage":7,"enemies":"Spire Growth","floor":44,"turns":3},{"damage":52,"enemies":"Awakened One","floor":50,"turns":10}],"seed_played":"3233171763882633978","potions_obtained":[{"floor":6,"key":"AttackPotion"},{"floor":13,"key":"Fire Potion"},{"floor":22,"key":"Explosive Potion"},{"floor":33,"key":"Weak Potion"},{"floor":35,"key":"Regen Potion"},{"floor":37,"key":"Energy Potion"}],"is_trial":false,"path_per_floor":["M","?","$","?","M","E","?","R","T","R","?","?","M","M","R","B",null,"M","?","$","?","M","E","?","E","T","$","R","$","?","M","R","B",null,"M","?","M","M","?","R","M","R","T","M","R","$","?","?","R","B",null],"character_chosen":"IRONCLAD","items_purchased":["Whirlwind","FearPotion","Swift Potion"],"campfire_rested":6,"item_purchase_floors":[3,29,46],"current_hp_per_floor":[74,74,74,74,75,75,52,52,52,52,49,74,79,81,81,25,67,75,75,75,75,80,87,87,19,19,19,45,45,45,46,72,26,75,77,77,79,87,87,97,82,97,97,98,99,99,99,99,99,68],"gold":0,"neow_bonus":"THREE_ENEMY_KILL","is_prod":false,"is_daily":false,"chose_seed":false,"campfire_upgraded":3,"win_rate":0,"timestamp":1546035536,"path_taken":["M","?","$","?","M","E","?","R","T","R","?","?","M","M","R","BOSS","M","?","$","?","M","E","?","E","T","?","R","$","?","M","R","BOSS","M","?","M","M","?","R","M","R","T","M","R","$","?","?","R","BOSS"],"build_version":"2018-12-20","purchased_purges":3,"victory":true,"max_hp_per_floor":[75,75,75,75,75,75,75,75,75,75,77,77,79,81,81,81,81,83,83,83,83,85,87,87,89,89,89,89,89,89,89,89,91,91,93,93,95,97,97,97,97,97,97,99,99,99,99,99,99,99],"card_choices":[{"not_picked":["Perfected Strike","Flame Barrier","Warcry"],"picked":"SKIP","floor":1},{"not_picked":["Perfected Strike","Twin Strike"],"picked":"Spot Weakness","floor":5},{"not_picked":["Headbutt","Havoc","Rampage"],"picked":"SKIP","floor":6},{"not_picked":["Perfected Strike","Anger","Entrench"],"picked":"Singing Bowl","floor":11},{"not_picked":["Cleave","Iron Wave","Thunderclap"],"picked":"Singing Bowl","floor":13},{"not_picked":["Warcry","Pommel Strike","Feel No Pain"],"picked":"Singing Bowl","floor":14},{"not_picked":["Fiend Fire","Immolate"],"picked":"Bludgeon","floor":16},{"not_picked":["Perfected Strike","Cleave","Wild Strike+1"],"picked":"Singing Bowl","floor":18},{"not_picked":["True Grit","Entrench+1","Burning Pact"],"picked":"Singing Bowl","floor":22},{"not_picked":["Inflame","Perfected Strike","Clash"],"picked":"Singing Bowl","floor":23},{"not_picked":["True Grit","Burning Pact","Metallicize"],"picked":"Singing Bowl","floor":25},{"not_picked":["Shrug It Off","Pommel Strike"],"picked":"Offering","floor":31},{"not_picked":["Bludgeon","Dark Embrace","Demon Form"],"picked":"Singing Bowl","floor":33},{"not_picked":["Thunderclap","True Grit","Flex+1"],"picked":"Singing Bowl","floor":35},{"not_picked":["Thunderclap","Shockwave","Sword Boomerang"],"picked":"Singing Bowl","floor":37},{"not_picked":["Dark Embrace","Metallicize","True Grit"],"picked":"Singing Bowl","floor":38},{"not_picked":["Havoc","Clash"],"picked":"Entrench+1","floor":41},{"not_picked":["Rage","Heavy Blade+1","Twin Strike"],"picked":"Singing Bowl","floor":44}],"player_experience":635413,"relics_obtained":[{"floor":6,"key":"Juzu Bracelet"},{"floor":9,"key":"Singing Bowl"},{"floor":11,"key":"Odd Mushroom"},{"floor":23,"key":"StoneCalendar"},{"floor":25,"key":"PreservedInsect"},{"floor":26,"key":"Potion Belt"},{"floor":43,"key":"Lantern"}],"event_choices":[{"cards_removed":["Strike_R"],"damage_healed":0,"gold_gain":0,"player_choice":"Card Removal","damage_taken":0,"max_hp_gain":0,"max_hp_loss":0,"event_name":"The Cleric","floor":2,"gold_loss":75},{"cards_removed":["Strike_R"],"damage_healed":0,"gold_gain":0,"player_choice":"Forget","damage_taken":0,"max_hp_gain":0,"max_hp_loss":0,"event_name":"Living Wall","floor":4,"gold_loss":0},{"damage_healed":0,"gold_gain":0,"player_choice":"Entered Light","damage_taken":23,"max_hp_gain":0,"max_hp_loss":0,"event_name":"Shining Light","floor":7,"gold_loss":0,"cards_upgraded":["Strike_R","Defend_R"]},{"damage_healed":0,"gold_gain":0,"player_choice":"Fought Mushrooms","damage_taken":0,"max_hp_gain":0,"max_hp_loss":0,"event_name":"Mushrooms","floor":11,"gold_loss":0},{"damage_healed":25,"gold_gain":0,"player_choice":"Banana","damage_taken":0,"max_hp_gain":0,"max_hp_loss":0,"event_name":"Big Fish","floor":12,"gold_loss":0},{"damage_healed":0,"gold_gain":50,"player_choice":"Stole From Cult","damage_taken":0,"max_hp_gain":0,"max_hp_loss":0,"event_name":"Nest","floor":19,"gold_loss":0},{"cards_removed":["Strike_R"],"damage_healed":0,"gold_gain":0,"player_choice":"Gave Gold","damage_taken":0,"max_hp_gain":0,"max_hp_loss":0,"event_name":"Beggar","floor":21,"gold_loss":75},{"damage_healed":0,"gold_gain":0,"player_choice":"Inject Mutagens","damage_taken":0,"relics_obtained":["MutagenicStrength"],"max_hp_gain":0,"max_hp_loss":0,"event_name":"Drug Dealer","floor":24,"gold_loss":0},{"damage_healed":0,"gold_gain":0,"player_choice":"Simplicity","damage_taken":0,"max_hp_gain":0,"max_hp_loss":0,"event_name":"Back to Basics","floor":30,"gold_loss":0,"cards_upgraded":["Defend_R","Defend_R","Defend_R"]},{"damage_healed":0,"gold_gain":0,"player_choice":"Ignored","damage_taken":0,"max_hp_gain":0,"max_hp_loss":0,"event_name":"Mysterious Sphere","floor":36,"gold_loss":0},{"cards_removed":["Defend_R"],"damage_healed":0,"gold_gain":0,"player_choice":"Removed Skill","damage_taken":0,"max_hp_gain":0,"max_hp_loss":0,"event_name":"Falling","floor":39,"gold_loss":0},{"damage_healed":0,"gold_gain":50,"player_choice":"Pray","damage_taken":0,"max_hp_gain":0,"max_hp_loss":0,"event_name":"Golden Shrine","floor":47,"gold_loss":0},{"damage_healed":0,"gold_gain":0,"player_choice":"Paid","damage_taken":0,"relics_obtained":["Red Mask"],"max_hp_gain":0,"max_hp_loss":0,"event_name":"Tomb of Lord Red Mask","floor":48,"gold_loss":83}],"is_beta":false,"boss_relics":[{"not_picked":["Tiny House","Astrolabe"],"picked":"Fusion Hammer"},{"not_picked":["Coffee Dripper","Calling Bell"],"picked":"Velvet Choker"}],"items_purged_floors":[20,27,46],"is_endless":false,"potions_floor_spawned":[6,13,22,33,35,37],"ascension_level":17}