{"gold_per_floor":[111,111,36,36,46,71,71,1,24,24,50,70,102,122,122,217,217,231,231,250,250],"floor_reached":21,"playtime":916,"items_purged":["Strike_B"],"score":344,"play_id":"7820fdce-a6a7-4444-8883-712daf3287c2","local_time":"20181021142315","is_ascension_mode":true,"campfire_choices":[{"data":"Sunder","floor":7,"key":"SMITH"},{"floor":15,"key":"REST"}],"neow_cost":"NONE","seed_source_timestamp":703736693780692,"circlet_count":0,"master_deck":["Strike_B","Strike_B+1","Strike_B","Defend_B","Defend_B","Defend_B","Defend_B+1","Zap+1","Dualcast","AscendersBane","Sunder+1","Sunder","Fusion","BootSequence+1"],"relics":["Cracked Core","NeowsBlessing","Ice Cream","Blood Vial","Oddly Smooth Stone","Lizard Tail","Nloth\u0027s Gift"],"potions_floor_usage":[12,16,18,21],"damage_taken":[{"damage":0,"enemies":"Cultist","floor":1,"turns":1},{"damage":0,"enemies":"2 Louse","floor":5,"turns":1},{"damage":0,"enemies":"3 Sentries","floor":6,"turns":1},{"damage":10,"enemies":"Lagavulin","floor":11,"turns":5},{"damage":0,"enemies":"Jaw Worm","floor":12,"turns":2},{"damage":28,"enemies":"Gremlin Nob","floor":13,"turns":4},{"damage":6,"enemies":"Lots of Slimes","floor":14,"turns":2},{"damage":27,"enemies":"The Guardian","floor":16,"turns":10},{"damage":20,"enemies":"Shell Parasite","floor":18,"turns":6},{"damage":63,"enemies":"3 Byrds","floor":20,"turns":6},{"damage":21,"enemies":"Snecko","floor":21,"turns":5}],"seed_played":"-6994121885927174482","potions_obtained":[{"floor":5,"key":"EssenceOfSteel"},{"floor":11,"key":"AttackPotion"},{"floor":14,"key":"Strength Potion"},{"floor":16,"key":"PowerPotion"},{"floor":20,"key":"SpeedPotion"}],"is_trial":false,"path_per_floor":["M","?","$","?","M","E","R","$","T","?","E","M","E","M","R","B",null,"M","?","M"],"character_chosen":"DEFECT","items_purchased":["Sunder"],"campfire_rested":1,"item_purchase_floors":[8],"current_hp_per_floor":[68,68,68,68,68,68,68,68,68,53,45,47,21,17,39,14,60,42,42,18,0],"gold":250,"neow_bonus":"THREE_ENEMY_KILL","is_prod":false,"is_daily":false,"chose_seed":false,"campfire_upgraded":1,"win_rate":0,"timestamp":1540146195,"path_taken":["M","?","$","?","?","E","R","$","T","?","E","M","E","M","R","BOSS","M","?","M","M"],"build_version":"2018-10-18","purchased_purges":1,"victory":false,"max_hp_per_floor":[75,75,75,75,75,75,75,75,75,75,75,75,75,75,75,75,75,75,75,75,75],"card_choices":[{"not_picked":["Streamline","Compile Driver","Turbo"],"picked":"SKIP","floor":1},{"not_picked":["Redo","Streamline"],"picked":"Sunder","floor":5},{"not_picked":["Hyperbeam","Turbo","Compile Driver"],"picked":"SKIP","floor":6},{"not_picked":["Reprogram","Redo","Leap"],"picked":"SKIP","floor":11},{"not_picked":["Static Discharge","Streamline","Stack"],"picked":"SKIP","floor":12},{"not_picked":["Streamline","Biased Cognition","Sweeping Beam"],"picked":"SKIP","floor":13},{"not_picked":["Rebound","Sunder"],"picked":"Fusion","floor":14},{"not_picked":["Lockon","Conserve Battery"],"picked":"BootSequence+1","floor":18},{"not_picked":["Compile Driver","FTL","Go for the Eyes"],"picked":"SKIP","floor":20}],"player_experience":534854,"relics_obtained":[{"floor":6,"key":"Ice Cream"},{"floor":9,"key":"Blood Vial"},{"floor":11,"key":"Oddly Smooth Stone"},{"floor":13,"key":"Bronze Scales"}],"event_choices":[{"damage_healed":0,"gold_gain":0,"player_choice":"Forge","damage_taken":0,"max_hp_gain":0,"max_hp_loss":0,"event_name":"Accursed Blacksmith","floor":2,"gold_loss":0,"cards_upgraded":["Zap"]},{"damage_healed":0,"gold_gain":0,"player_choice":"Leave","damage_taken":0,"max_hp_gain":0,"max_hp_loss":0,"event_name":"The Cleric","floor":4,"gold_loss":0},{"damage_healed":0,"gold_gain":0,"player_choice":"Entered Light","damage_taken":15,"max_hp_gain":0,"max_hp_loss":0,"event_name":"Shining Light","floor":10,"gold_loss":0,"cards_upgraded":["Defend_B","Strike_B"]},{"damage_healed":0,"gold_gain":0,"player_choice":"Traded Relic","damage_taken":0,"relics_obtained":["Nloth\u0027s Gift"],"max_hp_gain":0,"max_hp_loss":0,"event_name":"N\u0027loth","floor":19,"relics_lost":["Bronze Scales"],"gold_loss":0}],"is_beta":false,"boss_relics":[{"not_picked":["Philosopher\u0027s Stone","Inserter"],"picked":"Lizard Tail"}],"items_purged_floors":[3],"is_endless":false,"potions_floor_spawned":[5,11,14,16,20],"killed_by":"Snecko","ascension_level":11}