{"gold_per_floor":[110,110,122,147,247,278,289,289,313,333,0,30,205,34,34,137,137,150,163,38,38,49,49,75,75,75,75,75,102,102,132,132,234,234,246,246,260,273,273,273,284,304,304,304,304,333,243,258,258,258],"floor_reached":51,"playtime":6208,"items_purged":["Strike_G","Doubt","Strike_G"],"score":1062,"play_id":"5cceafc8-f71f-401a-8fe8-8a53a4814249","local_time":"20190807015212","is_ascension_mode":true,"campfire_choices":[{"data":"A Thousand Cuts","floor":15,"key":"SMITH"},{"data":"Footwork","floor":23,"key":"SMITH"},{"floor":28,"key":"REST"},{"data":"Caltrops","floor":30,"key":"SMITH"},{"floor":32,"key":"REST"},{"floor":40,"key":"REST"},{"floor":45,"key":"REST"},{"floor":49,"key":"REST"}],"neow_cost":"NONE","seed_source_timestamp":142322882232927,"circlet_count":0,"master_deck":["Defend_G+1","Survivor","Neutralize","Cloak And Dagger","Dodge and Roll","Flying Knee","Prepared","A Thousand Cuts+1","Backflip","Well Laid Plans","Caltrops+1","Infinite Blades","After Image","Outmaneuver+1","Endless Agony+1","Finisher+1","Heel Hook+1","PiercingWail","Footwork+1","Backflip+1","Leg Sweep","Masterful Stab+1","PiercingWail","Prepared","Outmaneuver+1","Venomology","Madness","Madness","Footwork","Storm of Steel","Crippling Poison+1","Prepared+1","Cloak And Dagger+1","Accuracy+1","Dodge and Roll+1","Backstab+1","Underhanded Strike+1"],"relics":["Ring of the Snake","NeowsBlessing","Dream Catcher","Happy Flower","Oddly Smooth Stone","Vajra","Bottled Flame","Astrolabe","Ancient Tea Set","Juzu Bracelet","Potion Belt","Omamori","White Beast Statue","Mercury Hourglass","Shuriken","Orichalcum"],"potions_floor_usage":[12,12,24,29,31,33,37,38,41,41,41,41,41,41,42,42,46,48,50,50,50,50,50,50,50],"damage_taken":[{"damage":0,"enemies":"Jaw Worm","floor":1,"turns":1},{"damage":0,"enemies":"Small Slimes","floor":3,"turns":1},{"damage":0,"enemies":"Gremlin Nob","floor":6,"turns":1},{"damage":0,"enemies":"Cultist","floor":7,"turns":3},{"damage":0,"enemies":"Blue Slaver","floor":10,"turns":4},{"damage":2,"enemies":"Lagavulin","floor":12,"turns":7},{"damage":13,"enemies":"Slime Boss","floor":16,"turns":6},{"damage":9,"enemies":"Spheric Guardian","floor":18,"turns":5},{"damage":14,"enemies":"Shell Parasite","floor":19,"turns":5},{"damage":0,"enemies":"Snake Plant","floor":22,"turns":5},{"damage":12,"enemies":"Book of Stabbing","floor":24,"turns":6},{"damage":0,"enemies":"Gremlin Leader","floor":29,"turns":7},{"damage":15,"enemies":"Slavers","floor":31,"turns":5},{"damage":48,"enemies":"Collector","floor":33,"turns":9},{"damage":13,"enemies":"3 Darklings","floor":35,"turns":7},{"damage":0,"enemies":"Orb Walker","floor":37,"turns":5},{"damage":22,"enemies":"4 Shapes","floor":38,"turns":5},{"damage":14,"enemies":"Jaw Worm Horde","floor":41,"turns":4},{"damage":0,"enemies":"Maw","floor":42,"turns":8},{"damage":13,"enemies":"Nemesis","floor":46,"turns":9},{"damage":3,"enemies":"4 Shapes","floor":48,"turns":2},{"damage":33,"enemies":"Time Eater","floor":50,"turns":11}],"seed_played":"2997430852506140310","potions_obtained":[{"floor":6,"key":"Swift Potion"},{"floor":7,"key":"EssenceOfSteel"},{"floor":10,"key":"Block Potion"},{"floor":16,"key":"Explosive Potion"},{"floor":19,"key":"SpeedPotion"},{"floor":24,"key":"SmokeBomb"},{"floor":31,"key":"Explosive Potion"},{"floor":33,"key":"Poison Potion"},{"floor":35,"key":"Dexterity Potion"},{"floor":37,"key":"Weak Potion"},{"floor":38,"key":"EntropicBrew"},{"floor":41,"key":"SpeedPotion"},{"floor":42,"key":"EntropicBrew"},{"floor":46,"key":"SkillPotion"},{"floor":48,"key":"Block Potion"}],"is_trial":false,"path_per_floor":["M","?","M","T","?","E","M","?","T","M","$","E","?","$","R","B",null,"M","M","$","?","M","R","E","$","T","?","R","E","R","E","R","B",null,"M","?","M","M","T","R","M","M","T","?","R","E","?","M","R","B",null],"character_chosen":"THE_SILENT","items_purchased":["Vajra","Backflip","Well Laid Plans","Infinite Blades"],"campfire_rested":5,"item_purchase_floors":[11,11,11,14],"current_hp_per_floor":[63,56,56,56,56,56,56,42,42,42,42,40,40,40,40,27,59,50,36,36,36,36,36,24,24,24,24,45,45,45,30,51,3,53,40,31,31,9,9,30,16,16,16,16,37,24,24,21,42,9],"gold":258,"neow_bonus":"THREE_ENEMY_KILL","is_prod":false,"is_daily":false,"chose_seed":false,"campfire_upgraded":3,"win_rate":0,"timestamp":1565167932,"path_taken":["M","?","M","?","?","E","?","?","T","M","$","E","?","$","R","BOSS","M","M","$","?","M","R","E","$","T","?","R","E","R","E","R","BOSS","M","?","M","M","?","R","M","M","T","?","R","E","?","M","R","BOSS"],"build_version":"2019-07-17","purchased_purges":3,"victory":true,"max_hp_per_floor":[70,70,70,70,70,70,70,70,70,70,70,70,70,70,70,70,70,70,70,70,70,70,70,70,70,70,70,70,70,70,70,70,70,70,70,70,70,70,70,70,70,70,70,70,70,70,70,70,70,70],"card_choices":[{"not_picked":["Skewer","Dagger Spray"],"picked":"Cloak And Dagger","floor":1},{"not_picked":["Bane","Prepared"],"picked":"Dodge and Roll","floor":3},{"not_picked":["Dagger Spray","Dagger Throw"],"picked":"Flying Knee","floor":6},{"not_picked":["Heel Hook","Dagger Throw"],"picked":"Prepared","floor":7},{"not_picked":["Sucker Punch","Concentrate"],"picked":"A Thousand Cuts","floor":10},{"not_picked":["Eviscerate","Blade Dance"],"picked":"Caltrops","floor":12},{"not_picked":["A Thousand Cuts","Grand Finale"],"picked":"After Image","floor":16},{"not_picked":["Sucker Punch","Outmaneuver"],"picked":"Heel Hook+1","floor":18},{"not_picked":["Outmaneuver+1","Expertise"],"picked":"PiercingWail","floor":19},{"not_picked":["Blade Dance+1","Terror+1"],"picked":"Footwork","floor":22},{"not_picked":["A Thousand Cuts","Glass Knife"],"picked":"Backflip","floor":24},{"not_picked":["Underhanded Strike","Flying Knee"],"picked":"Masterful Stab+1","floor":28},{"not_picked":["Dodge and Roll","Sucker Punch"],"picked":"PiercingWail","floor":29},{"not_picked":["Deadly Poison","Bouncing Flask"],"picked":"Prepared","floor":31},{"not_picked":["Riddle With Holes","Bane+1"],"picked":"Outmaneuver+1","floor":32},{"not_picked":["Adrenaline","Die Die Die"],"picked":"Venomology","floor":33},{"not_picked":["Quick Slash","Prepared","Riddle With Holes"],"picked":"SKIP","floor":35},{"not_picked":["Deflect","PiercingWail+1"],"picked":"Footwork","floor":37},{"not_picked":["Dodge and Roll","Dash+1"],"picked":"Storm of Steel","floor":38},{"not_picked":["Flying Knee+1","Deadly Poison"],"picked":"Crippling Poison+1","floor":40},{"not_picked":["Expertise+1","Bane"],"picked":"Prepared+1","floor":41},{"not_picked":["Sucker Punch","Acrobatics"],"picked":"Cloak And Dagger+1","floor":42},{"not_picked":["Backstab+1","Reflex+1"],"picked":"Accuracy+1","floor":45},{"not_picked":["Glass Knife","Acrobatics"],"picked":"Dodge and Roll+1","floor":46},{"not_picked":["Acrobatics","Underhanded Strike"],"picked":"Backstab+1","floor":48},{"not_picked":["Quick Slash+1","Blade Dance"],"picked":"Underhanded Strike+1","floor":49}],"player_experience":502763,"relics_obtained":[{"floor":4,"key":"Dream Catcher"},{"floor":6,"key":"Happy Flower"},{"floor":9,"key":"Oddly Smooth Stone"},{"floor":12,"key":"Bottled Flame"},{"floor":24,"key":"Ancient Tea Set"},{"floor":26,"key":"Juzu Bracelet"},{"floor":29,"key":"Potion Belt"},{"floor":31,"key":"Omamori"},{"floor":39,"key":"Mercury Hourglass"},{"floor":43,"key":"Shuriken"},{"floor":46,"key":"Orichalcum"}],"event_choices":[{"cards_removed":["Defend_G"],"damage_healed":0,"gold_gain":0,"player_choice":"Card Removal","damage_taken":7,"max_hp_gain":0,"max_hp_loss":0,"event_name":"Golden Wing","floor":2,"gold_loss":0},{"damage_healed":0,"gold_gain":100,"player_choice":"Gold","damage_taken":0,"max_hp_gain":0,"max_hp_loss":0,"event_name":"Wheel of Change","floor":5,"gold_loss":0},{"damage_healed":0,"gold_gain":0,"player_choice":"Entered Light","damage_taken":14,"max_hp_gain":0,"max_hp_loss":0,"event_name":"Shining Light","floor":8,"gold_loss":0,"cards_upgraded":["Defend_G","Strike_G"]},{"damage_healed":0,"gold_gain":175,"player_choice":"AGREE","damage_taken":0,"max_hp_gain":0,"max_hp_loss":0,"event_name":"Liars Game","floor":13,"gold_loss":0,"cards_obtained":["Doubt"]},{"cards_removed":["Defend_G"],"damage_healed":0,"gold_gain":0,"player_choice":"Elegance","damage_taken":0,"max_hp_gain":0,"max_hp_loss":0,"event_name":"Back to Basics","floor":21,"gold_loss":0},{"damage_healed":0,"gold_gain":0,"cards_transformed":["Defend_G"],"player_choice":"Transformed","damage_taken":0,"max_hp_gain":0,"max_hp_loss":0,"event_name":"Transmorgrifier","floor":27,"gold_loss":0,"cards_obtained":["Leg Sweep"]},{"damage_healed":0,"gold_gain":0,"player_choice":"Embrace Madness","damage_taken":9,"max_hp_gain":0,"max_hp_loss":0,"event_name":"Winding Halls","floor":36,"gold_loss":0,"cards_obtained":["Madness","Madness"]},{"damage_healed":0,"gold_gain":0,"player_choice":"Ignored","damage_taken":0,"max_hp_gain":0,"max_hp_loss":0,"event_name":"Tomb of Lord Red Mask","floor":44,"gold_loss":0},{"cards_removed":["Strike_G"],"damage_healed":0,"gold_gain":0,"player_choice":"Upgrade and Remove","damage_taken":0,"max_hp_gain":0,"max_hp_loss":0,"event_name":"Designer","floor":47,"gold_loss":90,"cards_upgraded":["Backflip"]}],"is_beta":false,"boss_relics":[{"not_picked":["HoveringKite","Runic Dome"],"picked":"Astrolabe"},{"not_picked":["Lizard Tail","Snecko Eye"],"picked":"White Beast Statue"}],"items_purged_floors":[11,14,20],"is_endless":false,"potions_floor_spawned":[6,7,10,16,19,24,31,33,35,37,38,41,42,46,48],"ascension_level":8}