{"path_per_floor":["M","M","$","M","?","E","R","?","T","E","?","?","$","M","R","B",null,"M","?","?","?","M","R"],"character_chosen":"IRONCLAD","items_purchased":["True Grit"],"gold_per_floor":[110,122,23,43,43,70,70,20,20,54,54,122,22,38,38,163,163,176,176,176,101,117,117],"floor_reached":24,"campfire_rested":1,"playtime":1003,"current_hp_per_floor":[72,78,78,72,72,69,69,69,69,47,47,52,52,53,53,54,79,51,51,51,51,16,42],"items_purged":["Strike_R","Defend_R"],"gold":117,"score":273,"play_id":"38534430-8b77-40d4-a7ec-d31e6b926a2a","is_prod":false,"is_daily":false,"is_ascension_mode":true,"campfire_upgraded":2,"path_taken":["M","M","?","M","?","E","R","?","T","E","?","?","$","M","R","BOSS","M","?","?","?","M","R","E"],"build_version":"2018-02-15-PROD1","purchased_purges":2,"victory":false,"master_deck":["Strike_R","Strike_R","Defend_R","Defend_R","Defend_R","Bash","Cleave","Clash","True Grit+1","Brutality","Battle Trance","Metallicize","Demon Form+1","Berserk","Dual Wield","Shrug It Off"],"max_hp_per_floor":[80,80,80,80,80,94,94,94,94,94,87,87,87,87,87,87,87,87,87,87,87,87,87],"relics":["Burning Blood","Omamori","Mango","Gambling Chip","Paper Frog","Golden Idol","Lantern","Question Card","Anchor"],"card_choices":[{"not_picked":["Uppercut","Headbutt"],"picked":"Cleave"},{"not_picked":["Flame Barrier","Iron Wave"],"picked":"Clash"},{"not_picked":["Twin Strike","Feel No Pain"],"picked":"Brutality"},{"not_picked":["Corruption","Warcry"],"picked":"Battle Trance"},{"not_picked":["Power Through","Anger"],"picked":"Metallicize"},{"not_picked":["Cleave","Blood for Blood"],"picked":"Demon Form"},{"not_picked":["Bludgeon","Demon Form"],"picked":"Berserk"},{"not_picked":["Second Wind","Cleave","Twin Strike"],"picked":"Dual Wield"},{"not_picked":["Entrench","Twin Strike","True Grit"],"picked":"Shrug It Off"}],"player_experience":245887,"potions_floor_usage":[],"damage_taken":[{"damage":6.0,"enemies":"Cultist","floor":1.0,"turns":4.0},{"damage":0.0,"enemies":"Small Slimes","floor":2.0,"turns":3.0},{"damage":12.0,"enemies":"Jaw Worm","floor":4.0,"turns":2.0},{"damage":23.0,"enemies":"Lagavulin","floor":6.0,"turns":7.0},{"damage":28.0,"enemies":"Gremlin Nob","floor":10.0,"turns":4.0},{"damage":1.0,"enemies":"Gremlin Nob","floor":12.0,"turns":2.0},{"damage":5.0,"enemies":"3 Louse","floor":14.0,"turns":5.0},{"damage":5.0,"enemies":"Slime Boss","floor":16.0,"turns":5.0},{"damage":34.0,"enemies":"3 Byrds","floor":18.0,"turns":6.0},{"damage":41.0,"enemies":"Chosen","floor":22.0,"turns":7.0},{"damage":0,"enemies":"Gremlin Leader","floor":24,"turns":1}],"event_choices":[{"event_name":"Liars Game","player_choice":"disagreed","floor":5.0,"damage_taken":0.0},{"event_name":"The Cleric","player_choice":"Card Removal","floor":8.0,"damage_taken":0.0},{"event_name":"Golden Idol","player_choice":"Lose Max HP","floor":11.0,"damage_taken":0.0},{"event_name":"Dead Adventurer","player_choice":"Searched \u00273\u0027 times","floor":12.0,"damage_taken":0.0},{"event_name":"Drug Dealer","player_choice":"Ignored","floor":19.0,"damage_taken":0.0},{"event_name":"The Mausoleum","player_choice":"Yes","floor":20.0,"damage_taken":0.0},{"event_name":"Beggar","player_choice":"Gave Gold","floor":21.0,"damage_taken":0.0}],"boss_relics":[],"potions_floor_spawned":[6,10,14,16,22],"seed_played":"4933545982632306219","killed_by":"Gremlin Leader","ascension_level":7,"is_trial":false}