{"gold_per_floor":[118,68,68,81,91,91,16,16,63,63,73,104,121,121,121,217,217,185,199,64,84,84,84,84,84,108,27,45,45,64,90,90,193,193,212,1211,1211,1266,1280,1280,1299,682,682,682,241,241,241,42,42,42],"floor_reached":51,"playtime":5725,"items_purged":["Strike_B","Strike_B","Strike_B","Defend_B+1"],"score":963,"play_id":"adbd6dba-aab8-4cc0-b846-a45c4bbea848","local_time":"20181224192225","is_ascension_mode":true,"campfire_choices":[{"data":"Coolheaded","floor":6.0,"key":"SMITH"},{"data":"Conserve Battery","floor":10.0,"key":"SMITH"},{"floor":15.0,"key":"REST"},{"data":"Redo","floor":23,"key":"SMITH"},{"data":"Creative AI","floor":25,"key":"SMITH"},{"data":"Heatsinks","floor":29,"key":"SMITH"},{"data":"Fusion","floor":32,"key":"SMITH"},{"data":"Buffer","floor":40,"key":"SMITH"},{"data":"Heatsinks","floor":44,"key":"SMITH"},{"data":"Deep Breath","floor":46,"key":"SMITH"},{"data":"Machine Learning","floor":49,"key":"SMITH"}],"neow_cost":"TEN_PERCENT_HP_LOSS","seed_source_timestamp":0,"circlet_count":0,"master_deck":["Zap+1","Dualcast+1","Conserve Battery+1","Coolheaded+1","Leap+1","Genetic Algorithm+1","Creative AI+1","Compile Driver","Redo+1","Heatsinks+1","Fusion+1","Buffer+1","Defragment+1","Heatsinks+1","Deep Breath+1","Machine Learning+1"],"special_seed":0,"relics":["Cracked Core","Lantern","Thread and Needle","Nuclear Battery","Nilry\u0027s Codex","Omamori","Girya","Runic Dome","Incense Burner","War Paint","Mango","Bottled Tornado","Vajra","HandDrill"],"potions_floor_usage":[38,38,50,50,50],"damage_taken":[{"damage":8.0,"enemies":"Small Slimes","floor":1.0,"turns":3.0},{"damage":2.0,"enemies":"Jaw Worm","floor":4.0,"turns":4.0},{"damage":0.0,"enemies":"Cultist","floor":5.0,"turns":3.0},{"damage":0.0,"enemies":"Exordium Thugs","floor":11.0,"turns":5.0},{"damage":3.0,"enemies":"Lagavulin","floor":12.0,"turns":7.0},{"damage":0.0,"enemies":"3 Louse","floor":13.0,"turns":3.0},{"damage":4.0,"enemies":"The Guardian","floor":16.0,"turns":17.0},{"damage":0.0,"enemies":"2 Thieves","floor":18.0,"turns":5.0},{"damage":2.0,"enemies":"Chosen","floor":19.0,"turns":5.0},{"damage":13.0,"enemies":"Snecko","floor":21.0,"turns":7.0},{"damage":0,"enemies":"Colosseum Slavers","floor":22,"turns":6},{"damage":0,"enemies":"Cultist and Chosen","floor":28,"turns":6},{"damage":0,"enemies":"Centurion and Healer","floor":30,"turns":5},{"damage":0,"enemies":"Book of Stabbing","floor":31,"turns":6},{"damage":0,"enemies":"Champ","floor":33,"turns":10},{"damage":0,"enemies":"Orb Walker","floor":35,"turns":5},{"damage":0,"enemies":"2 Orb Walkers","floor":38,"turns":6},{"damage":0,"enemies":"3 Darklings","floor":39,"turns":4},{"damage":0,"enemies":"Spire Growth","floor":41,"turns":4},{"damage":0,"enemies":"Donu and Deca","floor":50,"turns":1}],"seed_played":"-6309691242166737277","potions_obtained":[{"floor":1.0,"key":"SteroidPotion"},{"floor":5.0,"key":"Ancient Potion"},{"floor":11.0,"key":"Energy Potion"},{"floor":12.0,"key":"Swift Potion"},{"floor":19.0,"key":"Weak Potion"},{"floor":28,"key":"Block Potion"},{"floor":31,"key":"Swift Potion"},{"floor":38,"key":"FocusPotion"}],"is_trial":false,"path_per_floor":["M","?","?","M","M","R","$","?","T","R","M","E","M","?","R","B",null,"M","M","$","M","?","R","?","R","T","$","M","R","M","E","R","B",null,"M","?","?","?","M","R","M","$","T","R","$","R","?","$","R","B",null],"character_chosen":"DEFECT","items_purchased":["Heatsinks","Fusion","War Paint","Mango","Heatsinks","Vajra","Dexterity Potion","Deep Breath","HandDrill"],"campfire_rested":1,"item_purchase_floors":[20,27,42,42,42,45,45,45,48],"current_hp_per_floor":[60,60,60,58,58,58,58,44,44,44,44,41,41,41,61,57,68,68,66,66,53,53,53,37,37,37,37,37,37,37,37,37,37,68,68,68,68,68,68,68,68,82,82,82,82,82,82,82,82,82],"gold":42,"neow_bonus":"REMOVE_TWO","is_prod":false,"is_daily":false,"chose_seed":false,"campfire_upgraded":10,"win_rate":0,"timestamp":1545697345,"path_taken":["M","?","?","M","M","R","$","?","T","R","M","E","M","?","R","BOSS","M","M","$","?","?","R","?","R","T","$","?","R","?","E","R","BOSS","M","?","?","?","?","R","M","$","T","R","$","R","?","?","R","BOSS"],"build_version":"2018-12-20","purchased_purges":4,"victory":true,"max_hp_per_floor":[68,68,68,68,68,68,68,68,68,68,68,68,68,68,68,68,68,68,68,68,68,68,68,68,68,68,68,68,68,68,68,68,68,68,68,68,68,68,68,68,68,82,82,82,82,82,82,82,82,82],"card_choices":[{"not_picked":["Hello World","Consume"],"picked":"Conserve Battery","floor":1.0},{"not_picked":["Turbo","Stack"],"picked":"Coolheaded","floor":4.0},{"not_picked":["FTL","Rebound"],"picked":"Leap","floor":5.0},{"not_picked":["Recycle","Leap"],"picked":"Genetic Algorithm","floor":11.0},{"not_picked":["Leap","Stack","Darkness"],"picked":"SKIP","floor":12.0},{"not_picked":["Streamline","Core Surge","Redo"],"picked":"SKIP","floor":13.0},{"not_picked":["Fission","Amplify"],"picked":"Creative AI","floor":16.0},{"not_picked":["Rebound","Go for the Eyes+1"],"picked":"Compile Driver","floor":18.0},{"not_picked":["Rip and Tear","Beam Cell"],"picked":"Redo","floor":19.0},{"not_picked":["Skim+1","Turbo+1","Undo+1"],"picked":"SKIP","floor":21.0},{"not_picked":["Darkness+1","Gash+1","Steam Power"],"picked":"SKIP","floor":28},{"not_picked":["Turbo+1","Genetic Algorithm+1","Streamline"],"picked":"SKIP","floor":30},{"not_picked":["Barrage","Ball Lightning","Electrodynamics"],"picked":"SKIP","floor":31},{"not_picked":["Core Surge","Machine Learning"],"picked":"Buffer","floor":33},{"not_picked":["Hologram","Heatsinks+1"],"picked":"Defragment+1","floor":35},{"not_picked":["Turbo+1","Beam Cell","Sweeping Beam"],"picked":"SKIP","floor":39},{"not_picked":["Leap+1","Hello World+1","Conserve Battery+1"],"picked":"SKIP","floor":41}],"player_experience":541861,"relics_obtained":[{"floor":9.0,"key":"Lantern"},{"floor":12.0,"key":"Thread and Needle"},{"floor":24,"key":"Nilry\u0027s Codex"},{"floor":26,"key":"Omamori"},{"floor":31,"key":"Girya"},{"floor":38,"key":"Incense Burner"},{"floor":43,"key":"Bottled Tornado"}],"event_choices":[{"cards_removed":["Defend_B"],"damage_healed":0.0,"max_hp_gain":0.0,"max_hp_loss":0.0,"gold_gain":0.0,"event_name":"The Cleric","player_choice":"Card Removal","floor":2.0,"gold_loss":50.0,"damage_taken":0.0},{"damage_healed":0.0,"max_hp_gain":0.0,"max_hp_loss":0.0,"gold_gain":0.0,"event_name":"Liars Game","player_choice":"Ignored","floor":3.0,"gold_loss":0.0,"damage_taken":0.0},{"damage_healed":0.0,"max_hp_gain":0.0,"max_hp_loss":0.0,"gold_gain":0.0,"event_name":"Shining Light","player_choice":"Entered Light","floor":8.0,"gold_loss":0.0,"damage_taken":14.0,"cards_upgraded":["Dualcast","Zap"]},{"damage_healed":0.0,"max_hp_gain":0.0,"max_hp_loss":0.0,"gold_gain":0.0,"event_name":"Accursed Blacksmith","player_choice":"Forge","floor":14.0,"gold_loss":0.0,"damage_taken":0.0,"cards_upgraded":["Leap"]},{"damage_healed":0,"gold_gain":0,"player_choice":"Fight","damage_taken":0,"max_hp_gain":0,"max_hp_loss":0,"event_name":"Colosseum","floor":22,"gold_loss":0},{"damage_healed":0,"gold_gain":0,"player_choice":"Fled From Nobs","damage_taken":0,"max_hp_gain":0,"max_hp_loss":0,"event_name":"Colosseum","floor":22,"gold_loss":0},{"damage_healed":0,"gold_gain":0,"player_choice":"Obtained Book","damage_taken":16,"max_hp_gain":0,"max_hp_loss":0,"event_name":"Cursed Tome","floor":24,"gold_loss":0},{"damage_healed":0,"gold_gain":999,"player_choice":"Gold","damage_taken":0,"max_hp_gain":0,"max_hp_loss":0,"event_name":"MindBloom","floor":36,"gold_loss":0,"cards_obtained":["Normality","Normality"]},{"cards_removed":["Defend_B"],"damage_healed":0,"gold_gain":0,"player_choice":"Removed Skill","damage_taken":0,"max_hp_gain":0,"max_hp_loss":0,"event_name":"Falling","floor":37,"gold_loss":0},{"damage_healed":0,"gold_gain":0,"player_choice":"Fight","damage_taken":0,"max_hp_gain":0,"max_hp_loss":0,"event_name":"Mysterious Sphere","floor":38,"gold_loss":0},{"damage_healed":0,"gold_gain":0,"player_choice":"1 cards matched","damage_taken":0,"max_hp_gain":0,"max_hp_loss":0,"event_name":"Match and Keep!","floor":47,"gold_loss":0,"cards_obtained":["Machine Learning"]}],"is_beta":true,"boss_relics":[{"not_picked":["Pandora\u0027s Box","Velvet Choker"],"picked":"Nuclear Battery"},{"not_picked":["Coffee Dripper","Busted Crown"],"picked":"Runic Dome"}],"items_purged_floors":[7,20,42,45],"is_endless":false,"potions_floor_spawned":[1,5,11,12,16,19,28,31,33,35,38],"ascension_level":4}