{"gold_per_floor":[211,231,70,145,165,165,198,198,198,213,213,213,233,265,265,265],"floor_reached":16,"playtime":1479,"items_purged":["Strike_G"],"score":171,"play_id":"c71cf21b-1810-4772-86b2-9465c4847b56","local_time":"20190315144912","is_ascension_mode":true,"campfire_choices":[{"data":"Dagger Spray","floor":6.0,"key":"SMITH"},{"data":"Neutralize","floor":8.0,"key":"SMITH"},{"floor":11.0,"key":"DIG"},{"floor":12.0,"key":"DIG"},{"floor":15.0,"key":"DIG"}],"neow_cost":"NONE","seed_source_timestamp":0,"circlet_count":0,"master_deck":["AscendersBane","Defend_G","Defend_G","Defend_G","Defend_G","Defend_G","Strike_G","Strike_G","Strike_G","Strike_G","Survivor","Neutralize+1","Infinite Blades","Deadly Poison","Predator","Deadly Poison","Dagger Spray+1","Accuracy","Wraith Form v2","Backstab","Leg Sweep"],"special_seed":0,"relics":["Ring of the Snake","WingedGreaves","Shovel","Lantern","Bronze Scales","Ice Cream","StoneCalendar"],"potions_floor_usage":[16],"damage_taken":[{"damage":3.0,"enemies":"Jaw Worm","floor":1.0,"turns":8.0},{"damage":6.0,"enemies":"Small Slimes","floor":2.0,"turns":4.0},{"damage":0.0,"enemies":"2 Louse","floor":5.0,"turns":2.0},{"damage":16.0,"enemies":"Gremlin Nob","floor":7.0,"turns":3.0},{"damage":4.0,"enemies":"Looter","floor":10.0,"turns":3.0},{"damage":0.0,"enemies":"Large Slime","floor":13.0,"turns":4.0},{"damage":17.0,"enemies":"3 Sentries","floor":14.0,"turns":5.0},{"damage":21,"enemies":"The Guardian","floor":16,"turns":6}],"seed_played":"-8074877292452291049","potions_obtained":[{"floor":2.0,"key":"FearPotion"},{"floor":7.0,"key":"SmokeBomb"},{"floor":10.0,"key":"Regen Potion"},{"floor":14.0,"key":"Weak Potion"}],"is_trial":false,"path_per_floor":["M","M","$","?","M","R","E","R","T","M","R","R","M","E","R","B"],"character_chosen":"THE_SILENT","items_purchased":["Predator","Deadly Poison"],"campfire_rested":0,"item_purchase_floors":[3,3],"current_hp_per_floor":[60,54,54,43,43,43,27,27,27,23,23,23,37,20,20,0],"gold":265,"neow_bonus":"HUNDRED_GOLD","is_prod":false,"is_daily":false,"chose_seed":false,"campfire_upgraded":2,"win_rate":0,"timestamp":1552675752,"path_taken":["M","M","$","?","M","R","E","R","T","M","R","R","M","E","R","BOSS"],"build_version":"2019-01-23","purchased_purges":1,"victory":false,"max_hp_per_floor":[70,70,70,70,70,70,70,70,70,70,70,70,70,70,70,70],"card_choices":[{"not_picked":["Deflect","Slice"],"picked":"Infinite Blades","floor":1.0},{"not_picked":["Outmaneuver","Cloak And Dagger"],"picked":"Deadly Poison","floor":2.0},{"not_picked":["Quick Slash","Deflect"],"picked":"Dagger Spray","floor":5.0},{"not_picked":["Predator","Bane"],"picked":"Accuracy","floor":7.0},{"not_picked":["Flying Knee","Dagger Throw"],"picked":"Wraith Form v2","floor":10.0},{"not_picked":["Deadly Poison","Sucker Punch"],"picked":"Backstab","floor":13.0},{"not_picked":["Dagger Throw","Acrobatics"],"picked":"Leg Sweep","floor":14.0}],"player_experience":768751,"relics_obtained":[{"floor":7.0,"key":"WingedGreaves"},{"floor":9.0,"key":"Shovel"},{"floor":11.0,"key":"Lantern"},{"floor":12.0,"key":"Bronze Scales"},{"floor":14.0,"key":"Ice Cream"},{"floor":15.0,"key":"StoneCalendar"}],"event_choices":[{"damage_healed":0.0,"max_hp_gain":0.0,"max_hp_loss":0.0,"gold_gain":75.0,"event_name":"World of Goop","player_choice":"Gather Gold","floor":4.0,"gold_loss":0.0,"damage_taken":11.0}],"is_beta":false,"boss_relics":[],"items_purged_floors":[3],"is_endless":false,"potions_floor_spawned":[2,7,10,14],"killed_by":"The Guardian","ascension_level":11}