{"gold_per_floor":[359,371,386,404,404,404,422,422,422,422,174,207,9,27,27,146,146,162,177,177],"floor_reached":20,"playtime":1351,"items_purged":["Strike_B"],"score":229,"play_id":"0e549dab-d8ea-49d5-a3a7-f6a7de068da3","local_time":"20190813113019","is_ascension_mode":true,"campfire_choices":[{"floor":6,"key":"REST"},{"floor":8,"key":"REST"},{"floor":15,"key":"REST"}],"neow_cost":"PERCENT_DAMAGE","seed_source_timestamp":231925091223600,"circlet_count":0,"master_deck":["Strike_B","Strike_B","Strike_B","Defend_B","Defend_B","Defend_B","Defend_B","Zap","Dualcast","Defragment","Recycle","Defragment","Ball Lightning","Undo","Electrodynamics","Leap+1","Loop","Creative AI","Turbo+1","Sweeping Beam"],"relics":["Cracked Core","Golden Idol","Toxic Egg 2","CultistMask","Pantograph","Membership Card","Cursed Key"],"potions_floor_usage":[12,18,19],"damage_taken":[{"damage":1,"enemies":"Cultist","floor":1,"turns":4},{"damage":3,"enemies":"Jaw Worm","floor":2,"turns":4},{"damage":7,"enemies":"Small Slimes","floor":3,"turns":3},{"damage":35,"enemies":"Gremlin Gang","floor":4,"turns":4},{"damage":11,"enemies":"Blue Slaver","floor":7,"turns":4},{"damage":9,"enemies":"Lagavulin","floor":12,"turns":5},{"damage":15,"enemies":"Exordium Thugs","floor":14,"turns":4},{"damage":18,"enemies":"The Guardian","floor":16,"turns":11},{"damage":6,"enemies":"Chosen","floor":18,"turns":5},{"damage":28,"enemies":"Shell Parasite","floor":19,"turns":7},{"damage":36,"enemies":"Masked Bandits","floor":20,"turns":2}],"seed_played":"8796939341575475176","potions_obtained":[{"floor":1,"key":"PowerPotion"},{"floor":14,"key":"SpeedPotion"},{"floor":16,"key":"Ancient Potion"},{"floor":18,"key":"Weak Potion"}],"is_trial":false,"path_per_floor":["M","M","M","M","?","R","M","R","T","?","$","E","$","M","R","B",null,"M","M","?"],"character_chosen":"DEFECT","items_purchased":["Electrodynamics","Leap+1","Membership Card"],"campfire_rested":3,"item_purchase_floors":[11,11,13],"current_hp_per_floor":[49,46,39,4,4,24,13,33,33,33,33,24,24,9,29,36,61,55,27,0],"gold":177,"neow_bonus":"TWO_FIFTY_GOLD","is_prod":false,"is_daily":false,"chose_seed":false,"campfire_upgraded":0,"win_rate":0,"timestamp":1565721019,"path_taken":["M","?","M","M","?","R","M","R","T","?","$","E","$","M","R","BOSS","M","?","?"],"build_version":"2019-07-17","purchased_purges":1,"victory":false,"max_hp_per_floor":[75,75,75,75,69,69,69,69,69,69,69,69,69,69,69,69,69,69,69,69],"card_choices":[{"not_picked":["Sweeping Beam","Steam"],"picked":"Defragment","floor":1},{"not_picked":["Beam Cell","Coolheaded"],"picked":"Recycle","floor":2},{"not_picked":["Hologram","Darkness"],"picked":"Defragment","floor":3},{"not_picked":["Fusion","Stack"],"picked":"Ball Lightning","floor":4},{"not_picked":["Turbo","Beam Cell"],"picked":"Undo","floor":7},{"not_picked":["Storm","Rebound","Doom and Gloom"],"picked":"SKIP","floor":12},{"not_picked":["Streamline","FTL"],"picked":"Loop","floor":14},{"not_picked":["Buffer","Reboot+1"],"picked":"Creative AI","floor":16},{"not_picked":["Barrage","Rebound"],"picked":"Turbo+1","floor":18},{"not_picked":["Barrage+1","Genetic Algorithm+1"],"picked":"Sweeping Beam","floor":19}],"player_experience":329131,"relics_obtained":[{"floor":9,"key":"Toxic Egg 2"},{"floor":12,"key":"Pantograph"}],"event_choices":[{"damage_healed":0,"gold_gain":0,"player_choice":"Lose Max HP","damage_taken":0,"relics_obtained":["Golden Idol"],"max_hp_gain":0,"max_hp_loss":6,"event_name":"Golden Idol","floor":5,"gold_loss":0},{"damage_healed":0,"gold_gain":0,"player_choice":"Trade","damage_taken":0,"relics_obtained":["CultistMask"],"max_hp_gain":0,"max_hp_loss":0,"event_name":"FaceTrader","floor":10,"gold_loss":0},{"damage_healed":0,"gold_gain":0,"player_choice":"Fought Bandits","damage_taken":0,"max_hp_gain":0,"max_hp_loss":0,"event_name":"Masked Bandits","floor":20,"gold_loss":0}],"is_beta":false,"boss_relics":[{"not_picked":["Busted Crown","Coffee Dripper"],"picked":"Cursed Key"}],"items_purged_floors":[11],"is_endless":false,"potions_floor_spawned":[1,14,16,18],"killed_by":"Masked Bandits","ascension_level":6}