{"gold_per_floor":[117,117,132,155,217,229,276,299,311,323,351,363,300,330,330,404,404,423,63,73,73,83,83,114,114,114,125,125,137,137,137,137,211,211,224,324,324,334,346,346,359,60,60,60,74,74,74,86,86,86],"floor_reached":51,"playtime":4517,"items_purged":["Strike_B"],"score":1156,"play_id":"446928d0-4436-44b8-b36c-6d8fecd15bad","local_time":"20190720130054","is_ascension_mode":true,"campfire_choices":[{"data":"Sunder","floor":6.0,"key":"SMITH"},{"data":"Defragment","floor":10.0,"key":"SMITH"},{"floor":12.0,"key":"REST"},{"floor":15.0,"key":"REST"},{"data":"Machine Learning","floor":23.0,"key":"SMITH"},{"data":"Darkness","floor":28.0,"key":"SMITH"},{"floor":30.0,"key":"REST"},{"floor":32.0,"key":"REST"},{"data":"Buffer","floor":40.0,"key":"SMITH"},{"floor":44,"key":"REST"},{"data":"Loop","floor":46,"key":"SMITH"},{"floor":49,"key":"REST"}],"neow_cost":"NONE","seed_source_timestamp":0,"circlet_count":0,"master_deck":["AscendersBane","Strike_B","Strike_B","Strike_B","Defend_B","Defend_B","Defend_B","Defend_B","Zap+1","Dualcast","Barrage","Sunder+1","Defragment+1","Darkness+1","Coolheaded","Amplify","Machine Learning+1","Steam+1","Echo Form","Coolheaded","Leap","Loop+1","Coolheaded","Reinforced Body+1","Buffer+1","Glacier","Multi-Cast"],"special_seed":0,"relics":["Cracked Core","Juzu Bracelet","MawBank","Darkstone Periapt","Pocketwatch","Mummified Hand","Cursed Key","Meat on the Bone","Ice Cream","Sozu","Unceasing Top","Chemical X"],"potions_floor_usage":[],"damage_taken":[{"damage":0.0,"enemies":"2 Louse","floor":1.0,"turns":2.0},{"damage":2.0,"enemies":"Jaw Worm","floor":3.0,"turns":3.0},{"damage":25.0,"enemies":"3 Sentries","floor":7.0,"turns":6.0},{"damage":0.0,"enemies":"Cultist","floor":8.0,"turns":2.0},{"damage":7.0,"enemies":"Lots of Slimes","floor":11.0,"turns":4.0},{"damage":12.0,"enemies":"Gremlin Nob","floor":14.0,"turns":3.0},{"damage":19.0,"enemies":"Hexaghost","floor":16.0,"turns":8.0},{"damage":23.0,"enemies":"2 Thieves","floor":18.0,"turns":4.0},{"damage":12.0,"enemies":"3 Byrds","floor":20.0,"turns":3.0},{"damage":4.0,"enemies":"Cultist and Chosen","floor":22.0,"turns":5.0},{"damage":10.0,"enemies":"Gremlin Leader","floor":24.0,"turns":7.0},{"damage":26.0,"enemies":"Shelled Parasite and Fungi","floor":27.0,"turns":4.0},{"damage":0.0,"enemies":"3 Cultists","floor":29.0,"turns":5.0},{"damage":23.0,"enemies":"Champ","floor":33.0,"turns":9.0},{"damage":2.0,"enemies":"3 Shapes","floor":35.0,"turns":6.0},{"damage":0.0,"enemies":"Mind Bloom Boss Battle","floor":36.0,"turns":8.0},{"damage":34.0,"enemies":"3 Darklings","floor":38.0,"turns":5.0},{"damage":20.0,"enemies":"Jaw Worm Horde","floor":39.0,"turns":7.0},{"damage":9,"enemies":"Spire Growth","floor":41,"turns":6},{"damage":4,"enemies":"Writhing Mass","floor":45,"turns":6},{"damage":0,"enemies":"4 Shapes","floor":48,"turns":8},{"damage":10,"enemies":"Time Eater","floor":50,"turns":9}],"seed_played":"-2700495315964490187","potions_obtained":[{"floor":7.0,"key":"AttackPotion"},{"floor":14.0,"key":"LiquidBronze"},{"floor":18.0,"key":"Energy Potion"},{"floor":33.0,"key":"Block Potion"}],"is_trial":false,"path_per_floor":["M","?","M","T","?","R","E","M","T","R","M","R","$","E","R","B",null,"M","$","M","$","M","R","E","?","T","M","R","M","R","?","R","B",null,"M","?","?","M","M","R","M","$","T","R","M","R","$","M","R","B",null],"character_chosen":"DEFECT","items_purchased":["Echo Form","Meat on the Bone","Multi-Cast","Chemical X"],"campfire_rested":6,"item_purchase_floors":[19,19,42,42],"current_hp_per_floor":[64,59,57,57,50,50,25,25,25,25,18,39,39,27,48,29,61,38,38,38,38,46,46,36,36,36,22,22,34,55,35,57,46,69,67,67,67,45,37,37,40,40,40,62,58,58,58,58,76,66],"gold":86,"neow_bonus":"UPGRADE_CARD","is_prod":false,"is_daily":false,"chose_seed":false,"campfire_upgraded":6,"win_rate":0,"timestamp":1563642054,"path_taken":["M","?","M","?","?","R","E","M","T","R","M","R","$","E","R","BOSS","M","$","M","?","M","R","E","?","T","M","R","M","R","?","R","BOSS","M","?","?","M","M","R","M","$","T","R","M","R","$","M","R","BOSS"],"build_version":"2019-07-17","purchased_purges":1,"victory":true,"max_hp_per_floor":[71,71,71,71,71,71,71,71,71,71,71,71,71,71,71,71,71,71,71,71,71,71,71,71,71,71,71,71,71,71,76,76,76,76,76,76,76,76,76,76,76,76,76,76,76,76,76,76,76,76],"card_choices":[{"not_picked":["Static Discharge","Conserve Battery"],"picked":"Barrage","floor":1.0},{"not_picked":["Leap","Ball Lightning"],"picked":"Sunder","floor":3.0},{"not_picked":["Cold Snap","BootSequence"],"picked":"Defragment","floor":7.0},{"not_picked":["Streamline","Double Energy"],"picked":"Darkness","floor":8.0},{"not_picked":["Ball Lightning","Reinforced Body"],"picked":"Coolheaded","floor":11.0},{"not_picked":["Go for the Eyes","Ball Lightning"],"picked":"Amplify","floor":14.0},{"not_picked":["Multi-Cast","Thunder Strike"],"picked":"Machine Learning","floor":16.0},{"not_picked":["Barrage","Turbo"],"picked":"Steam+1","floor":18.0},{"not_picked":["Blizzard+1","Cold Snap"],"picked":"Coolheaded","floor":20.0},{"not_picked":["Hologram","Storm"],"picked":"Leap","floor":22.0},{"not_picked":["Cold Snap","Conserve Battery"],"picked":"Loop","floor":24.0},{"not_picked":["Hologram+1","Go for the Eyes"],"picked":"Coolheaded","floor":27.0},{"not_picked":["Steam","Leap"],"picked":"Reinforced Body+1","floor":29.0},{"not_picked":["Amplify","Meteor Strike"],"picked":"Buffer","floor":33.0},{"not_picked":["Go for the Eyes","Reprogram","Stack"],"picked":"SKIP","floor":35.0},{"not_picked":["Barrage","Conserve Battery"],"picked":"Glacier","floor":38.0},{"not_picked":["Coolheaded","Steam+1","Barrage"],"picked":"SKIP","floor":39.0},{"not_picked":["Doom and Gloom","Skim","Hello World+1"],"picked":"SKIP","floor":41},{"not_picked":["Fusion","Heatsinks+1","Ball Lightning"],"picked":"SKIP","floor":45},{"not_picked":["Cold Snap+1","Melter+1","Sweeping Beam"],"picked":"SKIP","floor":48}],"player_experience":893558,"relics_obtained":[{"floor":4.0,"key":"MawBank"},{"floor":7.0,"key":"Darkstone Periapt"},{"floor":9.0,"key":"Pocketwatch"},{"floor":14.0,"key":"Mummified Hand"},{"floor":24.0,"key":"Ice Cream"},{"floor":36.0,"key":"Unceasing Top"}],"event_choices":[{"damage_healed":0.0,"max_hp_gain":0.0,"max_hp_loss":0.0,"gold_gain":0.0,"event_name":"Scrap Ooze","player_choice":"Success","floor":2.0,"gold_loss":0.0,"damage_taken":5.0,"relics_obtained":["Juzu Bracelet"]},{"damage_healed":0.0,"max_hp_gain":0.0,"max_hp_loss":0.0,"gold_gain":50.0,"event_name":"FaceTrader","player_choice":"Touch","floor":5.0,"gold_loss":0.0,"damage_taken":7.0},{"damage_healed":0.0,"max_hp_gain":0.0,"max_hp_loss":0.0,"gold_gain":0.0,"event_name":"Ghosts","player_choice":"Ignored","floor":25.0,"gold_loss":0.0,"damage_taken":0.0},{"damage_healed":0.0,"max_hp_gain":5.0,"max_hp_loss":0.0,"gold_gain":0.0,"event_name":"Forgotten Altar","player_choice":"Shed Blood","floor":31.0,"gold_loss":0.0,"damage_taken":25.0},{"damage_healed":0.0,"max_hp_gain":0.0,"max_hp_loss":0.0,"gold_gain":0.0,"event_name":"MindBloom","player_choice":"Fight","floor":36.0,"gold_loss":0.0,"damage_taken":0.0},{"damage_healed":0.0,"max_hp_gain":0.0,"max_hp_loss":0.0,"gold_gain":0.0,"event_name":"Mysterious Sphere","player_choice":"Ignored","floor":37.0,"gold_loss":0.0,"damage_taken":0.0}],"is_beta":false,"boss_relics":[{"not_picked":["Tiny House","Coffee Dripper"],"picked":"Cursed Key"},{"not_picked":["Empty Cage","Velvet Choker"],"picked":"Sozu"}],"items_purged_floors":[13],"is_endless":false,"potions_floor_spawned":[7,14,18,33,39,41,45],"ascension_level":17}