{"gold_per_floor":[113,113,131,131,142,142,176,190,214,214,214,214,247,247,247,350,350,361,286,286],"floor_reached":20,"playtime":709,"items_purged":["Strike_R"],"score":180,"play_id":"038b4871-2f1a-4fbd-bc05-f5edfaf07431","local_time":"20190105213113","is_ascension_mode":false,"campfire_choices":[{"data":"Spot Weakness","floor":6,"key":"SMITH"},{"data":"Searing Blow","floor":10,"key":"SMITH"},{"data":"Searing Blow+1","floor":12,"key":"SMITH"},{"data":"Searing Blow+2","floor":15,"key":"SMITH"}],"neow_cost":"NONE","seed_source_timestamp":41432428078154,"circlet_count":0,"master_deck":["Defend_R","Defend_R","Defend_R+1","Defend_R","Bash+1","Spot Weakness+1","Searing Blow+3","Whirlwind","Evolve+1","Double Tap","Limit Break+1","Dark Embrace+1","Spot Weakness+1"],"relics":["Runic Dome","Potion Belt","Ancient Tea Set","Omamori","Astrolabe"],"potions_floor_usage":[8,13,16],"damage_taken":[{"damage":6,"enemies":"2 Louse","floor":1,"turns":2},{"damage":6,"enemies":"Cultist","floor":3,"turns":3},{"damage":0,"enemies":"Small Slimes","floor":5,"turns":3},{"damage":34,"enemies":"Lagavulin","floor":7,"turns":6},{"damage":2,"enemies":"3 Louse","floor":8,"turns":3},{"damage":18,"enemies":"3 Sentries","floor":13,"turns":5},{"damage":4,"enemies":"Hexaghost","floor":16,"turns":6},{"damage":17,"enemies":"Spheric Guardian","floor":18,"turns":4},{"damage":0,"enemies":"Chosen","floor":20,"turns":1}],"seed_played":"-5602956256436228601","potions_obtained":[{"floor":5,"key":"Fire Potion"},{"floor":7,"key":"SpeedPotion"},{"floor":8,"key":"Strength Potion"},{"floor":16,"key":"SpeedPotion"}],"is_trial":false,"path_per_floor":["M","?","M","?","M","R","E","M","T","R","?","R","E","?","R","B",null,"M","$","M"],"character_chosen":"IRONCLAD","items_purchased":[],"campfire_rested":0,"item_purchase_floors":[],"current_hp_per_floor":[74,74,68,68,68,68,34,32,32,32,58,58,40,24,24,20,80,63,63,63],"gold":286,"neow_bonus":"BOSS_RELIC","is_prod":false,"is_daily":false,"chose_seed":false,"campfire_upgraded":4,"win_rate":0,"timestamp":1546741873,"path_taken":["M","?","M","?","M","R","E","?","T","R","?","R","E","?","R","BOSS","M","$","M"],"build_version":"2019-01-03v4","purchased_purges":1,"victory":false,"max_hp_per_floor":[80,80,80,80,80,80,80,80,80,80,80,80,80,80,80,80,80,80,80,80],"card_choices":[{"not_picked":["Perfected Strike","Sword Boomerang","Anger"],"picked":"SKIP","floor":1},{"not_picked":["Cleave","Sentinel","Havoc"],"picked":"SKIP","floor":3},{"not_picked":["Rupture","Body Slam"],"picked":"Spot Weakness","floor":5},{"not_picked":["Anger","Flex"],"picked":"Searing Blow","floor":7},{"not_picked":["Intimidate","Twin Strike"],"picked":"Whirlwind","floor":8},{"not_picked":["Flex","Uppercut"],"picked":"Evolve","floor":13},{"not_picked":["Brutality","Juggernaut"],"picked":"Double Tap","floor":16},{"not_picked":["Body Slam","Searing Blow","Thunderclap"],"picked":"SKIP","floor":18}],"player_experience":678746,"relics_obtained":[{"floor":7,"key":"Potion Belt"},{"floor":9,"key":"Ancient Tea Set"},{"floor":13,"key":"Omamori"}],"event_choices":[{"cards_removed":["Strike_R"],"damage_healed":0,"gold_gain":0,"player_choice":"Forget","damage_taken":0,"max_hp_gain":0,"max_hp_loss":0,"event_name":"Living Wall","floor":2,"gold_loss":0},{"damage_healed":0,"gold_gain":0,"player_choice":"Forge","damage_taken":0,"max_hp_gain":0,"max_hp_loss":0,"event_name":"Accursed Blacksmith","floor":4,"gold_loss":0,"cards_upgraded":["Bash"]},{"damage_healed":26,"gold_gain":0,"player_choice":"Banana","damage_taken":0,"max_hp_gain":0,"max_hp_loss":0,"event_name":"Big Fish","floor":11,"gold_loss":0},{"damage_healed":0,"gold_gain":0,"player_choice":"Entered Light","damage_taken":16,"max_hp_gain":0,"max_hp_loss":0,"event_name":"Shining Light","floor":14,"gold_loss":0,"cards_upgraded":["Evolve","Defend_R"]}],"is_beta":false,"boss_relics":[{"not_picked":["Eternal Feather","Tiny House"],"picked":"Astrolabe"}],"items_purged_floors":[19],"is_endless":false,"potions_floor_spawned":[5,7,8,16],"killed_by":"Chosen","ascension_level":0}