{"gold_per_floor":[115,115,40,40,64,108,128,128,180,8,8,8,33,54,54,54],"floor_reached":16,"playtime":835,"items_purged":["Defend_R","Strike_R"],"score":100,"play_id":"d134800e-9026-42c8-b2a8-6339a3bf7c62","local_time":"20190104231819","is_ascension_mode":false,"campfire_choices":[{"data":"Bash","floor":8,"key":"SMITH"},{"data":"Evolve","floor":11,"key":"SMITH"},{"data":"Inflame","floor":15,"key":"SMITH"}],"neow_cost":"NONE","seed_source_timestamp":169999699179075,"circlet_count":0,"master_deck":["Strike_R","Strike_R","Defend_R","Defend_R","Defend_R","Bash+1","Evolve+1","Inflame+1"],"relics":["Burning Blood","Golden Idol","Potion Belt","Strawberry","Toxic Egg 2"],"potions_floor_usage":[6,14],"damage_taken":[{"damage":1,"enemies":"Cultist","floor":1,"turns":3},{"damage":5,"enemies":"Small Slimes","floor":5,"turns":4},{"damage":26,"enemies":"3 Sentries","floor":6,"turns":11},{"damage":5,"enemies":"Jaw Worm","floor":7,"turns":5},{"damage":11,"enemies":"Blue Slaver","floor":13,"turns":5},{"damage":5,"enemies":"Looter","floor":14,"turns":4},{"damage":54,"enemies":"Hexaghost","floor":16,"turns":9}],"seed_played":"5492106755454892643","potions_obtained":[{"floor":1,"key":"Explosive Potion"},{"floor":6,"key":"FearPotion"},{"floor":7,"key":"Strength Potion"}],"is_trial":false,"path_per_floor":["M","?","$","?","M","E","M","R","T","$","R","?","M","M","R","B"],"character_chosen":"IRONCLAD","items_purchased":["Evolve"],"campfire_rested":0,"item_purchase_floors":[10],"current_hp_per_floor":[80,73,73,73,74,54,55,55,62,62,62,55,50,51,51,0],"gold":54,"neow_bonus":"REMOVE_CARD","is_prod":false,"is_daily":false,"chose_seed":false,"campfire_upgraded":3,"win_rate":0,"timestamp":1546661899,"path_taken":["M","?","$","?","M","E","?","R","T","$","R","?","M","M","R","BOSS"],"build_version":"2019-01-03v4","purchased_purges":2,"victory":false,"max_hp_per_floor":[80,80,80,74,74,74,74,74,81,81,81,81,81,81,81,81],"card_choices":[{"not_picked":["Feel No Pain","Havoc","True Grit"],"picked":"SKIP","floor":1},{"not_picked":["Clash","Dual Wield","Intimidate"],"picked":"SKIP","floor":5},{"not_picked":["Second Wind","Reckless Charge","Rage"],"picked":"SKIP","floor":6},{"not_picked":["Clash","Rage","Burning Pact"],"picked":"SKIP","floor":7},{"not_picked":["Blood for Blood","Body Slam","Heavy Blade"],"picked":"SKIP","floor":13},{"not_picked":["Iron Wave","Combust"],"picked":"Inflame","floor":14}],"player_experience":669166,"relics_obtained":[{"floor":6,"key":"Potion Belt"},{"floor":9,"key":"Strawberry"}],"event_choices":[{"cards_removed":["Strike_R"],"damage_healed":0,"gold_gain":0,"player_choice":"Card Removal","damage_taken":7,"max_hp_gain":0,"max_hp_loss":0,"event_name":"Golden Wing","floor":2,"gold_loss":0},{"damage_healed":0,"gold_gain":0,"player_choice":"Lose Max HP","damage_taken":0,"relics_obtained":["Golden Idol"],"max_hp_gain":0,"max_hp_loss":6,"event_name":"Golden Idol","floor":4,"gold_loss":0},{"damage_healed":0,"gold_gain":0,"player_choice":"Success","damage_taken":7,"relics_obtained":["Toxic Egg 2"],"max_hp_gain":0,"max_hp_loss":0,"event_name":"Scrap Ooze","floor":12,"gold_loss":0}],"is_beta":false,"boss_relics":[],"items_purged_floors":[3,10],"is_endless":false,"potions_floor_spawned":[1,6,7],"killed_by":"Hexaghost","ascension_level":0}