{"gold_per_floor":[114,289,289,289,300,300,329,2,2,2,12,45,45,70,70,169,219,232,232,232,157,1,1,30,30,30,41,76,89,52,65,65,164,164,176,223,237,255,255,255,284,298,298,308,322,354,374,79,79,79,79,79,19,53,53],"floor_reached":55,"playtime":6495,"items_purged":["Heatsinks"],"score":923,"play_id":"89d64abf-a087-4b86-aa6b-b0e00617d392","local_time":"20190705213053","is_ascension_mode":false,"campfire_choices":[{"data":"Fission","floor":6,"key":"SMITH"},{"data":"Buffer","floor":10,"key":"SMITH"},{"data":"Zap","floor":13,"key":"SMITH"},{"data":"Fusion","floor":15,"key":"SMITH"},{"floor":23,"key":"RECALL"},{"floor":25,"key":"REST"},{"floor":32,"key":"REST"},{"floor":40,"key":"REST"},{"floor":49,"key":"REST"},{"floor":52,"key":"REST"}],"neow_cost":"NONE","seed_source_timestamp":11599066439437,"circlet_count":0,"master_deck":["Zap+1","Dualcast+1","Buffer+1","Fission+1","Sweeping Beam+1","Barrage+1","Genetic Algorithm+1","Fusion+1","White Noise+1","Go for the Eyes+1","Sweeping Beam+1","Chaos+1","Darkness+1","Seek+1","Conserve Battery+1","Conserve Battery+1","Gash+1","Streamline+1","Force Field+1","Loop+1","Capacitor+1","Gash+1","Cold Snap+1","Electrodynamics","White Noise+1","Doom and Gloom+1","Streamline+1","Force Field+1","Flash of Steel+1","Redo+1","Compile Driver+1","Gash+1","Multi-Cast+1","White Noise+1","Lockon+1"],"relics":["Pandora\u0027s Box","Molten Egg 2","Juzu Bracelet","Toxic Egg 2","Meat on the Bone","Smiling Mask","Ancient Tea Set","Tiny House","War Paint","Whetstone","The Courier","Fusion Hammer","StoneCalendar","Mummified Hand","Kunai","Dream Catcher","Shuriken","Pantograph"],"potions_floor_usage":[7,12,24,29,33,33,33,41,41,50,50,50,55],"damage_taken":[{"damage":0,"enemies":"Jaw Worm","floor":1,"turns":5},{"damage":3,"enemies":"2 Louse","floor":5,"turns":3},{"damage":22,"enemies":"3 Sentries","floor":7,"turns":7},{"damage":0,"enemies":"Small Slimes","floor":11,"turns":3},{"damage":0,"enemies":"Gremlin Nob","floor":12,"turns":4},{"damage":0,"enemies":"Slime Boss","floor":16,"turns":7},{"damage":0,"enemies":"2 Thieves","floor":18,"turns":3},{"damage":0,"enemies":"Book of Stabbing","floor":24,"turns":4},{"damage":0,"enemies":"Shell Parasite","floor":27,"turns":3},{"damage":0,"enemies":"Gremlin Leader","floor":28,"turns":6},{"damage":6,"enemies":"Snecko","floor":29,"turns":4},{"damage":17,"enemies":"Shelled Parasite and Fungi","floor":31,"turns":4},{"damage":4,"enemies":"Collector","floor":33,"turns":7},{"damage":0,"enemies":"3 Shapes","floor":35,"turns":4},{"damage":35,"enemies":"2 Orb Walkers","floor":36,"turns":5},{"damage":0,"enemies":"Orb Walker","floor":37,"turns":5},{"damage":11,"enemies":"Sphere and 2 Shapes","floor":38,"turns":4},{"damage":14,"enemies":"Nemesis","floor":41,"turns":7},{"damage":0,"enemies":"Transient","floor":42,"turns":5},{"damage":23,"enemies":"4 Shapes","floor":44,"turns":4},{"damage":0,"enemies":"Writhing Mass","floor":45,"turns":7},{"damage":0,"enemies":"Reptomancer","floor":46,"turns":5},{"damage":0,"enemies":"Sphere and 2 Shapes","floor":47,"turns":4},{"damage":16,"enemies":"Donu and Deca","floor":50,"turns":5},{"damage":23,"enemies":"Shield and Spear","floor":54,"turns":5},{"damage":104,"enemies":"The Heart","floor":55,"turns":6}],"seed_played":"-8791769711198971878","potions_obtained":[{"floor":1,"key":"Swift Potion"},{"floor":11,"key":"Strength Potion"},{"floor":16,"key":"Poison Potion"},{"floor":17,"key":"Strength Potion"},{"floor":24,"key":"LiquidBronze"},{"floor":27,"key":"EssenceOfSteel"},{"floor":28,"key":"SkillPotion"},{"floor":29,"key":"Ancient Potion"},{"floor":35,"key":"LiquidBronze"},{"floor":36,"key":"LiquidBronze"},{"floor":46,"key":"PowerPotion"},{"floor":54,"key":"FairyPotion"}],"is_trial":false,"path_per_floor":["M","?","?","?","M","R","E","$","T","R","M","E","R","T","R","B",null,"M","?","?","?","$","R","E","R","T","M","E","M","$","M","R","B",null,"M","?","M","M","?","R","E","M","T","M","M","E","M","$","R","B",null,"R","$","E","B"],"character_chosen":"DEFECT","items_purchased":["Toxic Egg 2","War Paint","Gash+1","Shuriken","FocusPotion","PowerPotion","FocusPotion"],"campfire_rested":5,"item_purchase_floors":[8,22,30,48,48,48,53],"current_hp_per_floor":[75,75,72,72,69,69,47,47,47,47,47,47,47,47,47,47,80,80,80,80,80,80,80,80,80,80,80,80,74,74,57,80,76,80,80,45,45,46,46,70,56,56,56,45,45,45,45,45,69,53,80,80,80,57,0],"gold":53,"neow_bonus":"BOSS_RELIC","is_prod":false,"is_daily":false,"chose_seed":false,"campfire_upgraded":4,"win_rate":0,"timestamp":1562387453,"path_taken":["M","?","?","?","M","R","E","$","T","R","M","E","R","?","R","BOSS","M","?","?","?","?","R","E","R","T","M","E","M","$","M","R","BOSS","M","?","M","M","?","R","E","M","T","M","M","E","M","$","R","BOSS","R","$","E","BOSS"],"build_version":"2019-07-05","purchased_purges":1,"victory":false,"max_hp_per_floor":[75,75,75,75,75,75,75,75,75,75,75,75,75,75,75,75,80,80,80,80,80,80,80,80,80,80,80,80,80,80,80,80,80,80,80,80,80,80,80,80,80,80,80,80,80,80,80,80,80,80,80,80,80,80,80],"card_choices":[{"not_picked":["Consume","Redo"],"picked":"White Noise","floor":1},{"not_picked":["Beam Cell+1","Loop"],"picked":"Go for the Eyes+1","floor":5},{"not_picked":["Streamline+1","Storm"],"picked":"Sweeping Beam+1","floor":7},{"not_picked":["Beam Cell+1","Turbo+1"],"picked":"Chaos+1","floor":11},{"not_picked":["Barrage+1","Aggregate+1"],"picked":"Darkness+1","floor":12},{"not_picked":["Multi-Cast+1","Buffer"],"picked":"Seek+1","floor":16},{"not_picked":["Stack+1","Streamline+1"],"picked":"Conserve Battery+1","floor":17},{"not_picked":["Stack+1","Beam Cell+1"],"picked":"Conserve Battery+1","floor":18},{"not_picked":["Double Energy+1","Stack+1"],"picked":"Streamline+1","floor":24},{"not_picked":["Steam+1","Compile Driver+1"],"picked":"Force Field+1","floor":27},{"not_picked":["Beam Cell+1","Ball Lightning+1"],"picked":"Loop+1","floor":28},{"not_picked":["Biased Cognition","Go for the Eyes+1"],"picked":"Capacitor+1","floor":29},{"not_picked":["Turbo+1","Steam+1"],"picked":"Cold Snap+1","floor":31},{"not_picked":["Fission+1","Buffer"],"picked":"Electrodynamics","floor":33},{"not_picked":["Conserve Battery+1","Self Repair"],"picked":"White Noise+1","floor":35},{"not_picked":["Auto Shields+1","Storm"],"picked":"Doom and Gloom+1","floor":36},{"not_picked":["Conserve Battery+1","Leap+1"],"picked":"Streamline+1","floor":37},{"not_picked":["Genetic Algorithm+1","Darkness+1"],"picked":"Force Field+1","floor":38},{"not_picked":["PanicButton+1","Madness+1"],"picked":"Flash of Steel+1","floor":39},{"not_picked":["Rip and Tear+1","Coolheaded+1"],"picked":"Redo+1","floor":41},{"not_picked":["Conserve Battery+1","Redo+1","Beam Cell+1"],"picked":"SKIP","floor":42},{"not_picked":["Fusion+1","Doom and Gloom+1"],"picked":"Compile Driver+1","floor":44},{"not_picked":["Compile Driver+1","Tempest+1"],"picked":"Gash+1","floor":45},{"not_picked":["Rebound+1","Undo+1"],"picked":"Multi-Cast+1","floor":46},{"not_picked":["Turbo+1","Streamline+1"],"picked":"White Noise+1","floor":47},{"not_picked":["Doom and Gloom+1","Streamline+1"],"picked":"Lockon+1","floor":54}],"player_experience":187520,"relics_obtained":[{"floor":7,"key":"Juzu Bracelet"},{"floor":9,"key":"Meat on the Bone"},{"floor":12,"key":"Smiling Mask"},{"floor":14,"key":"Ancient Tea Set"},{"floor":24,"key":"Whetstone"},{"floor":28,"key":"The Courier"},{"floor":36,"key":"StoneCalendar"},{"floor":41,"key":"Mummified Hand"},{"floor":43,"key":"Kunai"},{"floor":46,"key":"Dream Catcher"},{"floor":54,"key":"Pantograph"}],"event_choices":[{"damage_healed":0,"gold_gain":175,"player_choice":"AGREE","damage_taken":0,"max_hp_gain":0,"max_hp_loss":0,"event_name":"Liars Game","floor":2,"gold_loss":0,"cards_obtained":["Doubt"]},{"damage_healed":0,"gold_gain":0,"player_choice":"Success","damage_taken":3,"relics_obtained":["Molten Egg 2"],"max_hp_gain":0,"max_hp_loss":0,"event_name":"Scrap Ooze","floor":3,"gold_loss":0},{"cards_removed":["Doubt"],"damage_healed":0,"gold_gain":0,"player_choice":"Forget","damage_taken":0,"max_hp_gain":0,"max_hp_loss":0,"event_name":"Living Wall","floor":4,"gold_loss":0},{"damage_healed":0,"gold_gain":0,"player_choice":"Read","damage_taken":0,"max_hp_gain":0,"max_hp_loss":0,"event_name":"The Library","floor":19,"gold_loss":0,"cards_obtained":["Gash"]},{"damage_healed":0,"gold_gain":0,"player_choice":"Ignored","damage_taken":0,"max_hp_gain":0,"max_hp_loss":0,"event_name":"Vampires","floor":20,"gold_loss":0},{"cards_removed":["Reinforced Body"],"damage_healed":0,"gold_gain":0,"player_choice":"Gave Gold","damage_taken":0,"max_hp_gain":0,"max_hp_loss":0,"event_name":"Beggar","floor":21,"gold_loss":75},{"damage_healed":0,"gold_gain":0,"player_choice":"Fight","damage_taken":0,"max_hp_gain":0,"max_hp_loss":0,"event_name":"Mysterious Sphere","floor":36,"gold_loss":0},{"damage_healed":0,"gold_gain":0,"player_choice":"Memory 1","damage_taken":0,"max_hp_gain":0,"max_hp_loss":0,"event_name":"SensoryStone","floor":39,"gold_loss":0}],"is_beta":false,"boss_relics":[{"not_picked":["Sozu","Runic Pyramid"],"picked":"Tiny House"},{"not_picked":["Busted Crown","Lizard Tail"],"picked":"Fusion Hammer"}],"items_purged_floors":[8],"is_endless":false,"potions_floor_spawned":[1,11,16,24,27,28,29,35,36,46,54],"killed_by":"The Heart","ascension_level":0}