{"gold_per_floor":[118,138,88,99,116,131,131,158,158,158,158,158,186,286,286,388,388,403,415,271,271],"floor_reached":21,"playtime":968,"items_purged":["Strike_B"],"score":302,"play_id":"d51214e2-be50-4450-9988-6728a70b805c","local_time":"20181022160100","is_ascension_mode":true,"campfire_choices":[{"data":"Zap","floor":7,"key":"SMITH"},{"floor":10,"key":"REST"},{"data":"Coolheaded","floor":12,"key":"SMITH"},{"data":"Go for the Eyes","floor":15,"key":"SMITH"}],"neow_cost":"NONE","seed_source_timestamp":795950572287180,"circlet_count":0,"master_deck":["Strike_B","Strike_B+1","Defend_B","Defend_B","Defend_B","Defend_B","Zap+1","Dualcast","AscendersBane","Ball Lightning","Go for the Eyes+1","Conserve Battery","Beam Cell+1","Core Surge","Coolheaded+1","Thunder Strike","Glacier+1","Consume"],"relics":["Cracked Core","Whetstone","Matryoshka","Darkstone Periapt","Cursed Key"],"potions_floor_usage":[2,6,8,13,21],"damage_taken":[{"damage":4,"enemies":"2 Louse","floor":1,"turns":2},{"damage":7,"enemies":"Jaw Worm","floor":2,"turns":3},{"damage":1,"enemies":"Cultist","floor":4,"turns":3},{"damage":10,"enemies":"2 Fungi Beasts","floor":5,"turns":3},{"damage":5,"enemies":"Exordium Thugs","floor":6,"turns":5},{"damage":23,"enemies":"3 Sentries","floor":8,"turns":8},{"damage":23,"enemies":"Lagavulin","floor":13,"turns":5},{"damage":11,"enemies":"The Guardian","floor":16,"turns":12},{"damage":42,"enemies":"3 Byrds","floor":18,"turns":4},{"damage":10,"enemies":"Spheric Guardian","floor":19,"turns":4},{"damage":19,"enemies":"Centurion and Healer","floor":21,"turns":2}],"seed_played":"-5681593604915136991","potions_obtained":[{"floor":1,"key":"AttackPotion"},{"floor":2,"key":"EssenceOfSteel"},{"floor":6,"key":"Swift Potion"},{"floor":8,"key":"Poison Potion"},{"floor":19,"key":"Poison Potion"}],"is_trial":false,"path_per_floor":["M","M","?","M","M","M","R","E","T","R","?","R","E","?","R","B",null,"M","M","$"],"character_chosen":"DEFECT","items_purchased":["Consume"],"campfire_rested":1,"item_purchase_floors":[20],"current_hp_per_floor":[71,64,64,63,53,48,48,25,25,49,49,49,26,26,26,15,65,23,13,13,0],"gold":271,"neow_bonus":"TEN_PERCENT_HP_BONUS","is_prod":false,"is_daily":false,"chose_seed":false,"campfire_upgraded":3,"win_rate":0,"timestamp":1540238460,"path_taken":["M","M","?","?","M","M","R","E","T","R","?","R","E","?","R","BOSS","M","M","$","M"],"build_version":"2018-10-18","purchased_purges":1,"victory":false,"max_hp_per_floor":[82,82,82,82,82,82,82,82,82,82,82,82,82,82,82,82,82,82,82,82,82],"card_choices":[{"not_picked":["Streamline","Beam Cell"],"picked":"Ball Lightning","floor":1},{"not_picked":["Stack","Hologram"],"picked":"Go for the Eyes","floor":2},{"not_picked":["Leap","Go for the Eyes"],"picked":"Conserve Battery","floor":4},{"not_picked":["Sweeping Beam","Redo"],"picked":"Beam Cell","floor":5},{"not_picked":["Cold Snap","Steam"],"picked":"Core Surge","floor":6},{"not_picked":["Reprogram","Go for the Eyes"],"picked":"Coolheaded","floor":8},{"not_picked":["Beam Cell","Leap","Compile Driver"],"picked":"SKIP","floor":13},{"not_picked":["Meteor Strike","Machine Learning"],"picked":"Thunder Strike","floor":16},{"not_picked":["Force Field","Ball Lightning"],"picked":"Glacier+1","floor":18},{"not_picked":["Steam Power","Redo","Compile Driver+1"],"picked":"SKIP","floor":19}],"player_experience":542206,"relics_obtained":[{"floor":8,"key":"Whetstone"},{"floor":9,"key":"Matryoshka"},{"floor":13,"key":"Darkstone Periapt"}],"event_choices":[{"cards_removed":["Strike_B"],"damage_healed":0,"gold_gain":0,"player_choice":"Card Removal","damage_taken":0,"max_hp_gain":0,"max_hp_loss":0,"event_name":"The Cleric","floor":3,"gold_loss":50},{"damage_healed":0,"gold_gain":0,"player_choice":"Ignored","damage_taken":0,"max_hp_gain":0,"max_hp_loss":0,"event_name":"Liars Game","floor":11,"gold_loss":0},{"damage_healed":0,"gold_gain":100,"player_choice":"Pray","damage_taken":0,"max_hp_gain":0,"max_hp_loss":0,"event_name":"Golden Shrine","floor":14,"gold_loss":0}],"is_beta":false,"boss_relics":[{"not_picked":["Nuclear Battery","Inserter"],"picked":"Cursed Key"}],"items_purged_floors":[20],"is_endless":false,"potions_floor_spawned":[1,2,6,8,19],"killed_by":"Centurion and Healer","ascension_level":12}