{"path_per_floor":["M","M","$","?","M","R","M","?","T","M","$","?","R","M","R","B",null,"M","M","M","?","$","E","$","?","T","E","T","$","T","?","R","B",null,"M","?","M","?","?","R","?","R","T","R","T","M","$","M","R","B"],"character_chosen":"IRONCLAD","items_purchased":["Deep Breath","Apotheosis","Pommel Strike","Bottled Lightning","Mummified Hand","Burning Pact","Vajra"],"gold_per_floor":[114,129,35,35,54,54,73,248,323,342,76,76,76,95,95,220,220,239,258,277,277,202,270,20,270,270,308,333,13,38,38,38,163,163,182,182,201,201,259,259,259,259,259,259,259,278,28,47,47,47],"floor_reached":51,"campfire_rested":0,"playtime":2028,"current_hp_per_floor":[77,77,77,83,83,83,77,83,89,88,88,88,88,87,87,84,104,103,102,72,104,104,101,101,107,113,122,128,128,134,134,134,140,141,139,139,132,132,137,137,147,147,153,153,159,156,156,155,155,142],"items_purged":["Warcry","Pain"],"gold":47,"score":1023,"play_id":"a1659677-c16b-4e4d-88b9-5ab7d3a7bb26","local_time":"20180324154957","daily_mods":["Allstar","Cursed Run","Insanity"],"is_prod":false,"is_daily":true,"is_ascension_mode":false,"campfire_upgraded":8,"timestamp":1521920997,"path_taken":["M","M","$","?","M","R","?","?","T","?","$","?","R","M","R","BOSS","M","M","M","?","$","E","?","?","T","E","?","$","?","?","R","BOSS","M","?","M","?","?","R","?","R","T","R","?","M","$","M","R","BOSS"],"build_version":"2018-03-22v2","purchased_purges":2,"victory":true,"master_deck":["Impervious","Power Through","Flame Barrier","Sever Soul","Headbutt","Shrug It Off+1","Flame Barrier","Impervious","Entrench+1","Pommel Strike","Clash","Strike_R","Sentinel","Rampage","Corruption","Infernal Blade","Clothesline","Seeing Red","Twin Strike","Second Wind","Iron Wave","Brutality+1","Bash","Disarm","Flame Barrier","Sever Soul","Uppercut","Bloodletting","Dual Wield","Searing Blow+4","Shockwave","Headbutt","Double Tap","Wild Strike","Headbutt","Rage","Armaments","Shockwave","Anger","Sever Soul","Flex","Power Through","Corruption","Rampage","Bludgeon","Headbutt","Uppercut","True Grit","Blind","Transmutation","Whirlwind","Havoc+1","Deep Breath+1","Injury","Headbutt","Pommel Strike","Doubt","Doubt","Inflame","Apotheosis+1","Pommel Strike","Blood for Blood","Reaper","Armaments+1","Battle Trance+1","Regret","Injury","Clumsy","Burning Pact","Clumsy","Writhe","Limit Break","Feel No Pain+1","Rupture","Pommel Strike","Hemokinesis","Havoc+1","Writhe","Injury","Regret","Sword Boomerang","Combust","Parasite"],"max_hp_per_floor":[80,80,80,86,86,86,86,92,98,98,98,98,98,98,98,104,104,104,104,104,104,104,104,104,110,116,123,129,129,135,135,135,141,141,141,141,141,141,141,141,147,147,153,153,159,159,159,159,159,165],"relics":["Cursed Key","Darkstone Periapt","Du-Vu Doll","Golden Idol","Letter Opener","Runic Cube","Tiny Chest","Bottled Lightning","War Paint","Strawberry","Orichalcum","Mummified Hand","Juzu Bracelet","Sozu","Gambling Chip","Thread and Needle","Calipers","Vajra"],"card_choices":[{"not_picked":["Rupture","Sever Soul"],"picked":"Whirlwind","floor":1},{"not_picked":["Perfected Strike","Sword Boomerang"],"picked":"Havoc","floor":2},{"not_picked":["Anger","Juggernaut"],"picked":"Headbutt","floor":5},{"not_picked":["Warcry","Thunderclap"],"picked":"Pommel Strike","floor":7},{"not_picked":["Havoc","Blood for Blood"],"picked":"Inflame","floor":10},{"not_picked":["Feel No Pain","Disarm"],"picked":"Blood for Blood","floor":14},{"not_picked":["Exhume","Juggernaut"],"picked":"Reaper","floor":16},{"not_picked":["Iron Wave","Hemokinesis"],"picked":"Armaments","floor":18},{"not_picked":["Wild Strike","Fiend Fire"],"picked":"Battle Trance","floor":23},{"not_picked":["Berserk","Barricade"],"picked":"Limit Break","floor":33},{"not_picked":["Flex","Heavy Blade"],"picked":"Feel No Pain","floor":35},{"not_picked":["Second Wind","Body Slam"],"picked":"Rupture","floor":37},{"not_picked":["Entrench","Reckless Charge"],"picked":"Havoc","floor":39},{"not_picked":["Flex","Twin Strike"],"picked":"Sword Boomerang","floor":46},{"not_picked":["Disarm","Blood for Blood"],"picked":"Combust","floor":48}],"player_experience":501042,"potions_floor_usage":[39,50,50],"damage_taken":[{"damage":3,"enemies":"Jaw Worm","floor":1,"turns":2},{"damage":0,"enemies":"2 Louse","floor":2,"turns":1},{"damage":0,"enemies":"Small Slimes","floor":5,"turns":2},{"damage":6,"enemies":"Gremlin Gang","floor":7,"turns":3},{"damage":1,"enemies":"3 Louse","floor":10,"turns":2},{"damage":1,"enemies":"Exordium Wildlife","floor":14,"turns":2},{"damage":9,"enemies":"The Guardian","floor":16,"turns":7},{"damage":1,"enemies":"2 Thieves","floor":18,"turns":2},{"damage":1,"enemies":"Spheric Guardian","floor":19,"turns":2},{"damage":30,"enemies":"Slaver and Parasite","floor":20,"turns":4},{"damage":16,"enemies":"Book of Stabbing","floor":23,"turns":3},{"damage":35,"enemies":"Slavers","floor":27,"turns":3},{"damage":3,"enemies":"Champ","floor":33,"turns":4},{"damage":10,"enemies":"3 Shapes","floor":35,"turns":3},{"damage":7,"enemies":"3 Darklings","floor":37,"turns":3},{"damage":19,"enemies":"Mysterious Sphere","floor":39,"turns":5},{"damage":3,"enemies":"Maw","floor":46,"turns":4},{"damage":1,"enemies":"Sphere and 2 Shapes","floor":48,"turns":2},{"damage":19,"enemies":"Time Eater","floor":50,"turns":6}],"event_choices":[{"event_name":"Golden Idol","player_choice":"Take Wound","floor":4,"damage_taken":0},{"event_name":"Liars Game","player_choice":"agreed","floor":8,"damage_taken":0},{"event_name":"Purifier","player_choice":"One Purge","floor":12,"damage_taken":0},{"event_name":"The Library","player_choice":"Heal","floor":21,"damage_taken":0},{"event_name":"Golden Shrine","player_choice":"Desecrate","floor":25,"damage_taken":0},{"event_name":"Vampires","player_choice":"Ignored","floor":31,"damage_taken":0},{"event_name":"The Moai Head","player_choice":"Ignored","floor":36,"damage_taken":0},{"event_name":"Match and Keep!","player_choice":"2 cards matched","floor":38,"damage_taken":0},{"event_name":"Mysterious Sphere","player_choice":"Fight","floor":39,"damage_taken":0},{"event_name":"Winding Halls","player_choice":"Writhe","floor":41,"damage_taken":0}],"boss_relics":[{"not_picked":["Snecko Eye","Philosopher\u0027s Stone"],"picked":"Runic Cube"},{"not_picked":["Runic Pyramid","Black Star"],"picked":"Sozu"}],"potions_floor_spawned":[2,5,16,19,23,27,33,35,46],"seed_played":"-8935585720801490496","ascension_level":0,"is_trial":false}