{"gold_per_floor":[119,119,136,151,151,182,182,194,194,229,229,239,239,164,164,241,241,258,258,333,183,193,193,212,212,212,212,16,16,41,41,41,117,117,128,144,144,144,144,144,144],"floor_reached":41,"playtime":2214,"items_purged":["Strike_B","Strike_B","Dualcast"],"score":791,"play_id":"5b55ec80-c888-4eb8-b250-302554698725","local_time":"20190717162842","is_ascension_mode":true,"campfire_choices":[{"data":"Streamline","floor":7.0,"key":"SMITH"},{"data":"Hyperbeam","floor":11.0,"key":"SMITH"},{"data":"Melter","floor":13.0,"key":"SMITH"},{"floor":15.0,"key":"REST"},{"data":"Coolheaded","floor":23.0,"key":"SMITH"},{"data":"Conserve Battery","floor":25.0,"key":"SMITH"},{"data":"Leap","floor":27.0,"key":"SMITH"},{"floor":32.0,"key":"REST"},{"data":"Machine Learning","floor":40,"key":"SMITH"}],"neow_cost":"NONE","seed_source_timestamp":592615011058575,"circlet_count":0,"master_deck":["AscendersBane","Strike_B+1","Strike_B+1","Defend_B","Defend_B","Defend_B","Defend_B","Zap+1","Beam Cell+1","BootSequence","Blizzard","Streamline+1","Hyperbeam+1","Melter+1","Leap+1","Echo Form","Conserve Battery+1","Coolheaded+1","Auto Shields+1","Leap","BootSequence","Coolheaded+1","Machine Learning+1","Writhe"],"special_seed":0,"relics":["Cracked Core","Centennial Puzzle","Symbiotic Virus","WingedGreaves","Velvet Choker","Gremlin Horn","Nunchaku","Nilry\u0027s Codex","Busted Crown"],"potions_floor_usage":[41],"damage_taken":[{"damage":2.0,"enemies":"2 Louse","floor":1.0,"turns":2.0},{"damage":2.0,"enemies":"Jaw Worm","floor":3.0,"turns":2.0},{"damage":0.0,"enemies":"Cultist","floor":4.0,"turns":2.0},{"damage":18.0,"enemies":"Gremlin Nob","floor":6.0,"turns":4.0},{"damage":0.0,"enemies":"Blue Slaver","floor":8.0,"turns":2.0},{"damage":0.0,"enemies":"3 Sentries","floor":10.0,"turns":4.0},{"damage":0.0,"enemies":"3 Louse","floor":12.0,"turns":2.0},{"damage":17.0,"enemies":"Hexaghost","floor":16.0,"turns":6.0},{"damage":12.0,"enemies":"2 Thieves","floor":18.0,"turns":2.0},{"damage":0.0,"enemies":"Shell Parasite","floor":22.0,"turns":3.0},{"damage":0.0,"enemies":"Centurion and Healer","floor":24.0,"turns":4.0},{"damage":0.0,"enemies":"Book of Stabbing","floor":30.0,"turns":5.0},{"damage":67.0,"enemies":"Collector","floor":33.0,"turns":8.0},{"damage":0,"enemies":"Orb Walker","floor":35,"turns":5},{"damage":29,"enemies":"3 Darklings","floor":36,"turns":4},{"damage":47,"enemies":"Reptomancer","floor":41,"turns":2}],"seed_played":"-6319569890144703955","potions_obtained":[{"floor":1.0,"key":"Swift Potion"},{"floor":6.0,"key":"FairyPotion"},{"floor":8.0,"key":"Poison Potion"},{"floor":10.0,"key":"GamblersBrew"},{"floor":24.0,"key":"PowerPotion"},{"floor":30.0,"key":"SkillPotion"},{"floor":33.0,"key":"LiquidBronze"},{"floor":36,"key":"Weak Potion"}],"is_trial":false,"path_per_floor":["M","?","M","M","?","E","R","M","T","E","R","M","R","$","R","B",null,"M","?","?","$","M","R","M","R","T","R","$","?","E","?","R","B",null,"M","M","?","?","?","R","E"],"character_chosen":"DEFECT","items_purchased":["Coolheaded","BootSequence"],"campfire_rested":2,"item_purchase_floors":[21,28],"current_hp_per_floor":[62,62,60,60,46,28,28,28,28,28,28,28,28,28,49,32,61,49,49,42,42,42,42,42,42,42,42,42,42,42,26,47,4,54,54,25,43,43,43,43,0],"gold":144,"neow_bonus":"UPGRADE_CARD","is_prod":false,"is_daily":false,"chose_seed":false,"campfire_upgraded":7,"win_rate":0,"timestamp":1563395322,"path_taken":["M","?","M","M","?","E","R","M","T","E","R","M","R","$","R","BOSS","M","?","?","$","M","R","?","R","T","R","$","?","E","?","R","BOSS","M","M","?","?","?","R","E"],"build_version":"2019-07-05","purchased_purges":3,"victory":false,"max_hp_per_floor":[71,71,71,71,71,71,71,71,71,71,71,71,71,71,71,71,71,71,71,71,71,71,71,71,71,71,71,71,71,71,71,71,71,71,71,71,71,71,71,71,71],"card_choices":[{"not_picked":["Blizzard","Hologram"],"picked":"Beam Cell","floor":1.0},{"not_picked":["Barrage","Stack"],"picked":"BootSequence","floor":3.0},{"not_picked":["Beam Cell","Compile Driver"],"picked":"Blizzard","floor":4.0},{"not_picked":["Aggregate","Lockon"],"picked":"Streamline","floor":6.0},{"not_picked":["Turbo","Aggregate"],"picked":"Hyperbeam","floor":8.0},{"not_picked":["Barrage","Conserve Battery"],"picked":"Melter","floor":10.0},{"not_picked":["White Noise","Sunder"],"picked":"Leap","floor":12.0},{"not_picked":["Amplify","Meteor Strike"],"picked":"Echo Form","floor":16.0},{"not_picked":["Force Field","Go for the Eyes"],"picked":"Conserve Battery","floor":18.0},{"not_picked":["Streamline","Storm"],"picked":"Auto Shields+1","floor":22.0},{"not_picked":["Compile Driver","Beam Cell"],"picked":"Leap","floor":24.0},{"not_picked":["Capacitor","Sweeping Beam"],"picked":"Coolheaded+1","floor":30.0},{"not_picked":["All For One","Electrodynamics"],"picked":"Machine Learning","floor":33.0},{"not_picked":["Streamline"],"picked":"SKIP","floor":35},{"not_picked":["Conserve Battery"],"picked":"SKIP","floor":36}],"player_experience":879294,"relics_obtained":[{"floor":6.0,"key":"Centennial Puzzle"},{"floor":9.0,"key":"Symbiotic Virus"},{"floor":10.0,"key":"WingedGreaves"},{"floor":26.0,"key":"Gremlin Horn"},{"floor":30.0,"key":"Nunchaku"},{"floor":31.0,"key":"Nilry\u0027s Codex"}],"event_choices":[{"damage_healed":0.0,"max_hp_gain":0.0,"max_hp_loss":0.0,"gold_gain":0.0,"event_name":"Living Wall","player_choice":"Grow","floor":2.0,"gold_loss":0.0,"damage_taken":0.0,"cards_upgraded":["Beam Cell"]},{"damage_healed":0.0,"max_hp_gain":0.0,"max_hp_loss":0.0,"gold_gain":0.0,"event_name":"Shining Light","player_choice":"Entered Light","floor":5.0,"gold_loss":0.0,"damage_taken":14.0,"cards_upgraded":["Strike_B","Strike_B"]},{"damage_healed":0.0,"max_hp_gain":0.0,"max_hp_loss":0.0,"gold_gain":0.0,"event_name":"Ghosts","player_choice":"Ignored","floor":19.0,"gold_loss":0.0,"damage_taken":0.0},{"damage_healed":0.0,"max_hp_gain":0.0,"max_hp_loss":0.0,"gold_gain":75.0,"event_name":"FaceTrader","player_choice":"Touch","floor":20.0,"gold_loss":0.0,"damage_taken":7.0},{"damage_healed":0.0,"max_hp_gain":0.0,"max_hp_loss":0.0,"gold_gain":0.0,"event_name":"Vampires","player_choice":"Ignored","floor":29.0,"gold_loss":0.0,"damage_taken":0.0},{"damage_healed":0.0,"max_hp_gain":0.0,"max_hp_loss":0.0,"gold_gain":0.0,"event_name":"Cursed Tome","player_choice":"Obtained Book","floor":31.0,"gold_loss":0.0,"damage_taken":16.0},{"damage_healed":18,"gold_gain":0,"player_choice":"Writhe","damage_taken":0,"max_hp_gain":0,"max_hp_loss":0,"event_name":"Winding Halls","floor":37,"gold_loss":0,"cards_obtained":["Writhe"]},{"damage_healed":0,"gold_gain":0,"player_choice":"Memory 1","damage_taken":0,"max_hp_gain":0,"max_hp_loss":0,"event_name":"SensoryStone","floor":38,"gold_loss":0},{"damage_healed":0,"gold_gain":0,"player_choice":"Ignored","damage_taken":0,"max_hp_gain":0,"max_hp_loss":0,"event_name":"Mysterious Sphere","floor":39,"gold_loss":0}],"is_beta":false,"boss_relics":[{"not_picked":["Pandora\u0027s Box","Calling Bell"],"picked":"Velvet Choker"},{"not_picked":["Philosopher\u0027s Stone","FrozenCore"],"picked":"Busted Crown"}],"items_purged_floors":[14,21,28],"is_endless":false,"potions_floor_spawned":[1,6,8,10,24,30,33,36],"killed_by":"Reptomancer","ascension_level":14}