{"gold_per_floor":[361,372,389,564,564,592,192,222,222,297,10,23,58,78,78,156,156,169,169,149,167,179,179,213,213,265,77,91,108,108,118,118,192,192,209,221,240,240,240,240,254,254,254,285,297,312,65,96,108,120],"floor_reached":51,"playtime":4279,"items_purged":["Strike_R","Doubt","Strike_R","Strike_R"],"score":1245,"play_id":"98b540f5-53e8-49cb-b182-1a58b899698b","local_time":"20190813180847","is_ascension_mode":true,"campfire_choices":[{"data":"Disarm","floor":15.0,"key":"SMITH"},{"floor":23.0,"key":"REST"},{"floor":25.0,"key":"REST"},{"floor":32.0,"key":"RECALL"},{"floor":40,"key":"REST"},{"floor":42,"key":"REST"},{"floor":49,"key":"REST"}],"neow_cost":"TEN_PERCENT_HP_LOSS","seed_source_timestamp":0,"circlet_count":0,"master_deck":["AscendersBane","Strike_R","Defend_R","Defend_R","Defend_R","Defend_R","Bash","Heavy Blade","Power Through","Twin Strike","Fire Breathing","Reaper","Shockwave","Whirlwind","Juggernaut","Disarm+1","Spot Weakness","Fiend Fire","Anger+1","Inflame","Headbutt+1","Thunderclap+1","Dark Embrace","Feel No Pain","True Grit","Havoc","Demon Form","Twin Strike+1","Cleave+1","Feel No Pain","Entrench+1","Headbutt+1","Shockwave+1","Havoc+1","Impervious+1"],"special_seed":0,"relics":["Black Blood","Torii","Smiling Mask","Sling","Boot","Meat on the Bone","Lee\u0027s Waffle","Paper Frog","Fusion Hammer","Art of War","Regal Pillow","Toxic Egg 2","Lantern","Vajra","MawBank"],"potions_floor_usage":[37,41,48,48],"damage_taken":[{"damage":4.0,"enemies":"Small Slimes","floor":1.0,"turns":4.0},{"damage":8.0,"enemies":"Jaw Worm","floor":2.0,"turns":4.0},{"damage":11.0,"enemies":"Cultist","floor":3.0,"turns":4.0},{"damage":26.0,"enemies":"3 Sentries","floor":6.0,"turns":11.0},{"damage":41.0,"enemies":"Gremlin Nob","floor":8.0,"turns":5.0},{"damage":17.0,"enemies":"Large Slime","floor":12.0,"turns":8.0},{"damage":20.0,"enemies":"Lagavulin","floor":13.0,"turns":5.0},{"damage":29.0,"enemies":"Exordium Wildlife","floor":14.0,"turns":6.0},{"damage":29.0,"enemies":"The Guardian","floor":16.0,"turns":12.0},{"damage":0.0,"enemies":"Spheric Guardian","floor":18.0,"turns":1.0},{"damage":12.0,"enemies":"2 Thieves","floor":21.0,"turns":3.0},{"damage":47.0,"enemies":"Centurion and Healer","floor":22.0,"turns":5.0},{"damage":32.0,"enemies":"Slavers","floor":24.0,"turns":6.0},{"damage":20.0,"enemies":"Snecko","floor":28.0,"turns":5.0},{"damage":12.0,"enemies":"Cultist and Chosen","floor":29.0,"turns":5.0},{"damage":5.0,"enemies":"Snake Plant","floor":31.0,"turns":5.0},{"damage":92.0,"enemies":"Automaton","floor":33.0,"turns":10.0},{"damage":27.0,"enemies":"3 Darklings","floor":35.0,"turns":5.0},{"damage":55.0,"enemies":"3 Shapes","floor":36.0,"turns":5.0},{"damage":44,"enemies":"Writhing Mass","floor":37,"turns":5},{"damage":76,"enemies":"Spire Growth","floor":41,"turns":6},{"damage":41,"enemies":"Giant Head","floor":44,"turns":6},{"damage":30,"enemies":"Maw","floor":45,"turns":7},{"damage":34,"enemies":"Sphere and 2 Shapes","floor":46,"turns":6},{"damage":29,"enemies":"Nemesis","floor":48,"turns":5},{"damage":112,"enemies":"Awakened One","floor":50,"turns":10}],"seed_played":"1622879892993849880","potions_obtained":[{"floor":8.0,"key":"Weak Potion"},{"floor":12.0,"key":"AttackPotion"},{"floor":13.0,"key":"GamblersBrew"},{"floor":16.0,"key":"SteroidPotion"},{"floor":18.0,"key":"Block Potion"},{"floor":20.0,"key":"BloodPotion"},{"floor":22.0,"key":"Swift Potion"},{"floor":28.0,"key":"EssenceOfSteel"},{"floor":31.0,"key":"PowerPotion"},{"floor":36.0,"key":"Energy Potion"},{"floor":37,"key":"BloodPotion"},{"floor":45,"key":"GamblersBrew"},{"floor":46,"key":"Weak Potion"}],"is_trial":false,"path_per_floor":["M","M","M","?","T","E","$","E","T","?","$","M","E","M","R","B",null,"M","?","?","M","M","R","E","R","T","$","M","M","?","M","R","B",null,"M","M","M","?","?","R","M","R","T","E","M","M","$","E","R","B",null],"character_chosen":"IRONCLAD","items_purchased":["Sling","Reaper","BloodPotion","Lee\u0027s Waffle","Whirlwind","AttackPotion","Feel No Pain","True Grit","Vajra","Havoc+1"],"campfire_rested":5,"item_purchase_floors":[7,7,7,11,11,27,27,27,47,47],"current_hp_per_floor":[72,70,65,65,65,45,45,28,28,17,79,68,54,53,53,42,70,76,76,76,70,57,79,68,79,79,79,77,71,71,77,77,21,65,79,51,29,29,29,67,41,79,79,60,53,51,51,44,79,29],"gold":132,"neow_bonus":"TWO_FIFTY_GOLD","is_prod":false,"is_daily":false,"chose_seed":false,"campfire_upgraded":1,"win_rate":0,"timestamp":1565744927,"path_taken":["M","M","M","?","?","E","$","E","T","?","$","M","E","M","R","BOSS","M","?","?","M","M","R","E","R","T","$","?","M","?","M","R","BOSS","M","M","M","?","?","R","M","R","T","E","M","M","$","E","R","BOSS"],"build_version":"2019-07-17","purchased_purges":4,"victory":true,"max_hp_per_floor":[72,72,72,72,72,72,72,72,72,72,79,79,79,79,79,79,79,79,79,79,79,79,79,79,79,79,79,79,79,79,79,79,79,79,79,79,79,79,79,79,79,79,79,79,79,79,79,79,79,79],"card_choices":[{"not_picked":["Thunderclap","True Grit"],"picked":"Heavy Blade","floor":1.0},{"not_picked":["Havoc","Rupture"],"picked":"Power Through","floor":2.0},{"not_picked":["Armaments","Blood for Blood"],"picked":"Twin Strike","floor":3.0},{"not_picked":["Clothesline","Reckless Charge"],"picked":"Fire Breathing","floor":6.0},{"not_picked":["Dual Wield","Clothesline"],"picked":"Shockwave","floor":8.0},{"not_picked":["Seeing Red","Armaments"],"picked":"Juggernaut","floor":12.0},{"not_picked":["Pommel Strike","Flex"],"picked":"Disarm","floor":13.0},{"not_picked":["True Grit","Heavy Blade"],"picked":"Spot Weakness","floor":14.0},{"not_picked":["Limit Break","Immolate"],"picked":"Fiend Fire","floor":16.0},{"not_picked":["Feel No Pain","Heavy Blade"],"picked":"Anger+1","floor":18.0},{"not_picked":["Clash","Wild Strike+1"],"picked":"Headbutt+1","floor":21.0},{"not_picked":["Fire Breathing","Warcry"],"picked":"Thunderclap+1","floor":22.0},{"not_picked":["Wild Strike","Ghostly Armor"],"picked":"Dark Embrace","floor":24.0},{"not_picked":["Seeing Red","Clash","Wild Strike"],"picked":"SKIP","floor":28.0},{"not_picked":["Sword Boomerang","Twin Strike"],"picked":"Havoc","floor":29.0},{"not_picked":["Headbutt","Perfected Strike","True Grit"],"picked":"SKIP","floor":31.0},{"not_picked":["Exhume","Limit Break"],"picked":"Demon Form","floor":33.0},{"not_picked":["Headbutt","Body Slam"],"picked":"Twin Strike+1","floor":35.0},{"not_picked":["Entrench","Pommel Strike"],"picked":"Cleave+1","floor":36.0},{"not_picked":["Perfected Strike","Clothesline","Demon Form"],"picked":"SKIP","floor":37},{"not_picked":["Searing Blow","Iron Wave"],"picked":"Feel No Pain","floor":41},{"not_picked":["Clash","Clothesline"],"picked":"Entrench+1","floor":44},{"not_picked":["Searing Blow","Body Slam+1"],"picked":"Headbutt+1","floor":45},{"not_picked":["Pommel Strike","Searing Blow+1"],"picked":"Shockwave+1","floor":46},{"not_picked":["Infernal Blade+1","Warcry+1"],"picked":"Impervious+1","floor":48}],"player_experience":577202,"relics_obtained":[{"floor":5.0,"key":"Torii"},{"floor":6.0,"key":"Smiling Mask"},{"floor":8.0,"key":"Boot"},{"floor":9.0,"key":"Meat on the Bone"},{"floor":13.0,"key":"Paper Frog"},{"floor":24.0,"key":"Art of War"},{"floor":26.0,"key":"Regal Pillow"},{"floor":43,"key":"Toxic Egg 2"},{"floor":44,"key":"Lantern"},{"floor":48,"key":"MawBank"}],"event_choices":[{"damage_healed":0.0,"max_hp_gain":0.0,"max_hp_loss":0.0,"gold_gain":175.0,"event_name":"Liars Game","player_choice":"AGREE","floor":4.0,"gold_loss":0.0,"damage_taken":0.0,"cards_obtained":["Doubt"]},{"damage_healed":0.0,"max_hp_gain":0.0,"max_hp_loss":0.0,"gold_gain":75.0,"event_name":"World of Goop","player_choice":"Gather Gold","floor":10.0,"gold_loss":0.0,"damage_taken":11.0},{"damage_healed":0.0,"max_hp_gain":0.0,"max_hp_loss":0.0,"gold_gain":0.0,"event_name":"The Library","player_choice":"Read","floor":19.0,"gold_loss":0.0,"damage_taken":0.0,"cards_obtained":["Inflame"]},{"damage_healed":0.0,"max_hp_gain":0.0,"max_hp_loss":0.0,"gold_gain":0.0,"event_name":"The Woman in Blue","player_choice":"Bought 1 Potion","floor":20.0,"gold_loss":0.0,"damage_taken":0.0},{"cards_removed":["Strike_R"],"damage_healed":0.0,"max_hp_gain":0.0,"max_hp_loss":0.0,"gold_gain":0.0,"event_name":"Back to Basics","player_choice":"Elegance","floor":30.0,"gold_loss":0.0,"damage_taken":0.0},{"damage_healed":0,"gold_gain":0,"player_choice":"Ignored","damage_taken":0,"max_hp_gain":0,"max_hp_loss":0,"event_name":"Tomb of Lord Red Mask","floor":38,"gold_loss":0},{"damage_healed":0,"gold_gain":0,"player_choice":"Ignored","damage_taken":0,"max_hp_gain":0,"max_hp_loss":0,"event_name":"The Moai Head","floor":39,"gold_loss":0}],"is_beta":false,"boss_relics":[{"not_picked":["Astrolabe","Runic Cube"],"picked":"Fusion Hammer"},{"not_picked":["Lizard Tail","Velvet Choker"],"picked":"Black Blood"}],"items_purged_floors":[7,11,27,47],"is_endless":false,"potions_floor_spawned":[8,12,13,16,18,22,28,31,36,37,45,46],"ascension_level":13}