{"gold_per_floor":[116,116,41,61,71,98,98,123,162,209,221,233,260,290,302,409,421,443,44,55,55,55,55,82,37,37,71,87,87,18,18,18,120,120,130,130,175,195,195],"floor_reached":39,"playtime":2969,"items_purged":["Strike_G","Defend_G"],"score":656,"play_id":"3ca94039-6fe8-4d1a-95ab-355c0a38c3b4","local_time":"20190813213220","is_ascension_mode":true,"campfire_choices":[{"floor":7,"key":"REST"},{"floor":11,"key":"REST"},{"data":"Skewer","floor":15,"key":"SMITH"},{"data":"Wraith Form v2","floor":23,"key":"SMITH"},{"floor":29,"key":"REST"},{"data":"Noxious Fumes","floor":32,"key":"SMITH"}],"neow_cost":"NONE","seed_source_timestamp":266428974908799,"circlet_count":0,"master_deck":["AscendersBane","Strike_G+1","Strike_G+1","Strike_G","Strike_G","Defend_G","Defend_G","Defend_G","Defend_G","Survivor","Neutralize+1","Footwork","Cloak And Dagger","Backstab","Skewer+1","Flying Knee","Backstab","Dodge and Roll","Deadly Poison","Wraith Form v2+1","Flying Knee","Terror","Shame","Backflip","Setup","Calculated Gamble","Noxious Fumes+1","Glass Knife","Skewer+1","Finesse","Flash of Steel","Deflect","Calculated Gamble+1"],"relics":["Ring of the Serpent","Whetstone","MawBank","Art of War","Torii","White Beast Statue","Du-Vu Doll","Pantograph","Dream Catcher","Lantern","Mummified Hand","Boot","Turnip"],"potions_floor_usage":[6,6,10,16,24,24,27,28,31,33,37,37,38],"damage_taken":[{"damage":1,"enemies":"Jaw Worm","floor":1,"turns":5},{"damage":0,"enemies":"Cultist","floor":4,"turns":5},{"damage":0,"enemies":"Small Slimes","floor":5,"turns":4},{"damage":27,"enemies":"Gremlin Nob","floor":6,"turns":5},{"damage":17,"enemies":"3 Sentries","floor":8,"turns":15},{"damage":31,"enemies":"Lagavulin","floor":10,"turns":9},{"damage":1,"enemies":"Blue Slaver","floor":13,"turns":2},{"damage":0,"enemies":"Red Slaver","floor":14,"turns":3},{"damage":2,"enemies":"The Guardian","floor":16,"turns":13},{"damage":1,"enemies":"Chosen","floor":18,"turns":4},{"damage":2,"enemies":"2 Thieves","floor":20,"turns":4},{"damage":10,"enemies":"Slavers","floor":24,"turns":6},{"damage":5,"enemies":"Gremlin Leader","floor":27,"turns":9},{"damage":7,"enemies":"Centurion and Healer","floor":28,"turns":5},{"damage":0,"enemies":"Snecko","floor":31,"turns":2},{"damage":55,"enemies":"Collector","floor":33,"turns":8},{"damage":1,"enemies":"3 Shapes","floor":35,"turns":5},{"damage":44,"enemies":"2 Orb Walkers","floor":37,"turns":5},{"damage":1,"enemies":"Orb Walker","floor":38,"turns":4},{"damage":14,"enemies":"Writhing Mass","floor":39,"turns":2}],"seed_played":"4544300819360561595","potions_obtained":[{"floor":1,"key":"GamblersBrew"},{"floor":5,"key":"Explosive Potion"},{"floor":6,"key":"SmokeBomb"},{"floor":8,"key":"Regen Potion"},{"floor":14,"key":"Fire Potion"},{"floor":18,"key":"Swift Potion"},{"floor":20,"key":"Energy Potion"},{"floor":24,"key":"Poison Potion"},{"floor":27,"key":"FearPotion"},{"floor":28,"key":"SkillPotion"},{"floor":33,"key":"EssenceOfSteel"},{"floor":35,"key":"GamblersBrew"},{"floor":37,"key":"Dexterity Potion"},{"floor":38,"key":"Ancient Potion"}],"is_trial":false,"path_per_floor":["M","?","$","M","M","E","R","E","T","E","R","$","M","M","R","B",null,"M","$","M","T","?","R","E","$","T","E","M","R","$","M","R","B",null,"M","?","?","M","M"],"character_chosen":"THE_SILENT","items_purchased":["Du-Vu Doll","Backflip","Noxious Fumes"],"campfire_rested":3,"item_purchase_floors":[19,25,30],"current_hp_per_floor":[62,55,55,55,55,28,49,32,32,16,37,37,36,36,36,34,61,60,60,58,58,58,58,48,48,48,43,36,57,57,57,57,15,56,55,50,6,5,0],"gold":195,"neow_bonus":"UPGRADE_CARD","is_prod":false,"is_daily":false,"chose_seed":false,"campfire_upgraded":3,"win_rate":0,"timestamp":1565757140,"path_taken":["M","?","$","?","M","E","R","E","T","E","R","$","M","M","R","BOSS","M","$","?","?","?","R","E","$","T","E","M","R","?","M","R","BOSS","M","?","?","M","M"],"build_version":"2019-07-17","purchased_purges":2,"victory":false,"max_hp_per_floor":[70,70,70,70,70,70,70,70,70,70,70,70,70,70,70,70,70,70,70,70,70,70,70,70,70,70,70,70,70,70,70,70,70,70,70,70,70,70,70],"card_choices":[{"not_picked":["Prepared","Dagger Throw"],"picked":"Footwork","floor":1},{"not_picked":["Deflect","Dodge and Roll"],"picked":"Cloak And Dagger","floor":4},{"not_picked":["Catalyst","Deflect"],"picked":"Backstab","floor":5},{"not_picked":["Acrobatics","Dagger Throw"],"picked":"Skewer","floor":6},{"not_picked":["Quick Slash","Underhanded Strike"],"picked":"Flying Knee","floor":8},{"not_picked":["Bane","Escape Plan"],"picked":"Backstab","floor":10},{"not_picked":["Underhanded Strike","Accuracy"],"picked":"Dodge and Roll","floor":13},{"not_picked":["Grand Finale","Deflect"],"picked":"Deadly Poison","floor":14},{"not_picked":["Bullet Time","Venomology"],"picked":"Wraith Form v2","floor":16},{"not_picked":["Endless Agony","Accuracy"],"picked":"Flying Knee","floor":18},{"not_picked":["Flying Knee","Backflip"],"picked":"Terror","floor":20},{"not_picked":["Choke","Grand Finale","Dodge and Roll"],"picked":"SKIP","floor":24},{"not_picked":["Predator","Acrobatics"],"picked":"Setup","floor":27},{"not_picked":["Dagger Spray","Blade Dance+1"],"picked":"Calculated Gamble","floor":28},{"not_picked":["Venomology","Tools of the Trade"],"picked":"Glass Knife","floor":33},{"not_picked":["Acrobatics+1","Expertise"],"picked":"Skewer+1","floor":35},{"not_picked":["Trip","Jack Of All Trades"],"picked":"Finesse","floor":36},{"not_picked":["Madness","Violence"],"picked":"Flash of Steel","floor":36},{"not_picked":["Underhanded Strike+1","Dash"],"picked":"Deflect","floor":37},{"not_picked":["Finisher+1","Prepared+1"],"picked":"Calculated Gamble+1","floor":38}],"player_experience":347248,"relics_obtained":[{"floor":6,"key":"Whetstone"},{"floor":8,"key":"MawBank"},{"floor":9,"key":"Art of War"},{"floor":10,"key":"Torii"},{"floor":21,"key":"Pantograph"},{"floor":24,"key":"Lantern"},{"floor":26,"key":"Mummified Hand"},{"floor":27,"key":"Boot"},{"floor":37,"key":"Turnip"}],"event_choices":[{"damage_healed":0,"gold_gain":0,"player_choice":"Damaged","damage_taken":7,"max_hp_gain":0,"max_hp_loss":0,"event_name":"Wheel of Change","floor":2,"gold_loss":0},{"damage_healed":0,"gold_gain":0,"player_choice":"Stole Relic","damage_taken":0,"relics_obtained":["Dream Catcher"],"max_hp_gain":0,"max_hp_loss":0,"event_name":"Addict","floor":22,"gold_loss":0,"cards_obtained":["Shame"]},{"damage_healed":0,"gold_gain":0,"player_choice":"Memory 2","damage_taken":5,"max_hp_gain":0,"max_hp_loss":0,"event_name":"SensoryStone","floor":36,"gold_loss":0},{"damage_healed":0,"gold_gain":0,"player_choice":"Fight","damage_taken":0,"max_hp_gain":0,"max_hp_loss":0,"event_name":"Mysterious Sphere","floor":37,"gold_loss":0}],"is_beta":false,"boss_relics":[{"not_picked":["Sozu","HoveringKite"],"picked":"White Beast Statue"},{"not_picked":["Runic Dome","Philosopher\u0027s Stone"],"picked":"Ring of the Serpent"}],"items_purged_floors":[3,19],"is_endless":false,"potions_floor_spawned":[1,5,6,8,14,18,20,24,27,28,31,33,35,37,38],"killed_by":"Writhing Mass","ascension_level":10}