{"gold_per_floor":[118,138,138,158,169,199,274,349,374,374,389,77,36,70,70,172,172,186,203,218,233,258,258],"floor_reached":23,"playtime":9767,"items_purged":["Strike_G"],"score":305,"play_id":"b9ef7ead-7b2d-4452-aa8d-71158513c9b2","local_time":"20190811180539","is_ascension_mode":true,"campfire_choices":[{"floor":10.0,"key":"REST"},{"floor":15.0,"key":"REST"}],"neow_cost":"NONE","seed_source_timestamp":542657666660716,"circlet_count":0,"master_deck":["AscendersBane","Strike_G","Strike_G","Strike_G+1","Defend_G+1","Defend_G+1","Defend_G","Defend_G","Defend_G","Survivor","Neutralize","Cloak And Dagger","Masterful Stab+1","Dodge and Roll","Terror","Dodge and Roll","A Thousand Cuts","PiercingWail","Noxious Fumes","Dash","Corpse Explosion","Flying Knee","Poisoned Stab","Distraction","Prepared","Dagger Spray","Bane","Bouncing Flask","Tactician+1"],"special_seed":0,"relics":["Ring of the Snake","NeowsBlessing","Orichalcum","Whetstone","ClockworkSouvenir","Tiny Chest","Bag of Marbles","Orrery","War Paint"],"potions_floor_usage":[18,23,23,23],"damage_taken":[{"damage":0.0,"enemies":"Small Slimes","floor":1.0,"turns":1.0},{"damage":0.0,"enemies":"Cultist","floor":2.0,"turns":1.0},{"damage":0.0,"enemies":"Jaw Worm","floor":4.0,"turns":1.0},{"damage":3.0,"enemies":"3 Louse","floor":5.0,"turns":4.0},{"damage":22.0,"enemies":"Lagavulin","floor":6.0,"turns":10.0},{"damage":8.0,"enemies":"Looter","floor":11.0,"turns":3.0},{"damage":25.0,"enemies":"3 Sentries","floor":14.0,"turns":8.0},{"damage":2.0,"enemies":"Hexaghost","floor":16.0,"turns":12.0},{"damage":1,"enemies":"3 Byrds","floor":18,"turns":7},{"damage":4,"enemies":"Chosen","floor":19,"turns":5},{"damage":7,"enemies":"Centurion and Healer","floor":20,"turns":7},{"damage":21,"enemies":"Snecko","floor":21,"turns":6},{"damage":28,"enemies":"Book of Stabbing","floor":23,"turns":5}],"seed_played":"6868981825654990600","potions_obtained":[{"floor":2.0,"key":"Ancient Potion"},{"floor":5.0,"key":"Ancient Potion"},{"floor":11.0,"key":"GhostInAJar"},{"floor":14.0,"key":"Block Potion"},{"floor":21,"key":"EntropicBrew"}],"is_trial":false,"path_per_floor":["M","M","?","M","M","E","?","?","T","R","M","$","?","E","R","B",null,"M","M","M","M","T","E"],"character_chosen":"THE_SILENT","items_purchased":["ClockworkSouvenir","Noxious Fumes"],"campfire_rested":2,"item_purchase_floors":[12,12],"current_hp_per_floor":[63,63,63,63,60,38,27,27,27,48,40,40,40,15,36,34,61,60,56,49,28,28,0],"gold":258,"neow_bonus":"THREE_ENEMY_KILL","is_prod":false,"is_daily":false,"chose_seed":false,"campfire_upgraded":0,"win_rate":0,"timestamp":1565571939,"path_taken":["M","M","?","M","?","E","?","?","T","R","M","$","?","E","R","BOSS","M","M","?","M","?","E"],"build_version":"2019-07-17","purchased_purges":1,"victory":false,"max_hp_per_floor":[70,70,70,70,70,70,70,70,70,70,70,70,70,70,70,70,70,70,70,70,70,70,70],"card_choices":[{"not_picked":["Quick Slash","Acrobatics"],"picked":"Cloak And Dagger","floor":1.0},{"not_picked":["Sucker Punch","Underhanded Strike"],"picked":"Masterful Stab","floor":2.0},{"not_picked":["Dodge and Roll","Blade Dance"],"picked":"Terror","floor":4.0},{"not_picked":["Doppelganger","Sucker Punch"],"picked":"Dodge and Roll","floor":5.0},{"not_picked":["Blade Dance","Deflect"],"picked":"A Thousand Cuts","floor":6.0},{"not_picked":["Choke","Dagger Throw"],"picked":"PiercingWail","floor":11.0},{"not_picked":["Quick Slash","Acrobatics"],"picked":"Dash","floor":14.0},{"not_picked":["Glass Knife","Wraith Form v2"],"picked":"Corpse Explosion","floor":16.0},{"not_picked":["Eviscerate","Predator"],"picked":"Flying Knee","floor":17.0},{"not_picked":["Quick Slash","Backflip"],"picked":"Poisoned Stab","floor":17.0},{"not_picked":["Slice","Riddle With Holes"],"picked":"Distraction","floor":17.0},{"not_picked":["Storm of Steel","Quick Slash"],"picked":"Prepared","floor":17.0},{"not_picked":["Dodge and Roll","Flying Knee"],"picked":"Dagger Spray","floor":18},{"not_picked":["Tactician","Slice"],"picked":"Bane","floor":19},{"not_picked":["Prepared","Deflect"],"picked":"Bouncing Flask","floor":20},{"not_picked":["Predator","Choke+1"],"picked":"Tactician+1","floor":21}],"player_experience":556904,"relics_obtained":[{"floor":6.0,"key":"Orichalcum"},{"floor":9.0,"key":"Whetstone"},{"floor":14.0,"key":"Bag of Marbles"},{"floor":22,"key":"War Paint"}],"event_choices":[{"damage_healed":0.0,"max_hp_gain":0.0,"max_hp_loss":0.0,"gold_gain":0.0,"cards_transformed":["Strike_G"],"event_name":"Transmorgrifier","player_choice":"Transformed","floor":3.0,"gold_loss":0.0,"damage_taken":0.0,"cards_obtained":["Dodge and Roll"]},{"damage_healed":0.0,"max_hp_gain":0.0,"max_hp_loss":0.0,"gold_gain":75.0,"event_name":"World of Goop","player_choice":"Gather Gold","floor":7.0,"gold_loss":0.0,"damage_taken":11.0},{"damage_healed":0.0,"max_hp_gain":0.0,"max_hp_loss":0.0,"gold_gain":75.0,"event_name":"Golden Wing","player_choice":"Gained Gold","floor":8.0,"gold_loss":0.0,"damage_taken":0.0},{"damage_healed":0.0,"max_hp_gain":0.0,"max_hp_loss":0.0,"gold_gain":0.0,"event_name":"WeMeetAgain","player_choice":"Paid Gold","floor":13.0,"gold_loss":71.0,"damage_taken":0.0,"relics_obtained":["Tiny Chest"]}],"is_beta":false,"boss_relics":[{"not_picked":["HoveringKite","Tiny House"],"picked":"Orrery"}],"items_purged_floors":[12],"is_endless":false,"potions_floor_spawned":[2,5,11,14,21],"killed_by":"Book of Stabbing","ascension_level":10}