{"gold_per_floor":[20,37,37,37,37,37,76,76,76,1,1,1,17,31,31,127,127,145,99,120,96,96,96,130,130,130,174,74,74,124,149,149,242,242,266,281,306,228,243,243,268,110,110,146,146,159,159,199,199,199,199,199,199,92,130,130],"floor_reached":57,"playtime":3124,"items_purged":["Strike_R","Strike_R"],"score":3291,"play_id":"0b9e9965-3c0f-405f-ac8e-387d1a1be550","local_time":"20190814085941","is_ascension_mode":true,"campfire_choices":[{"data":"Juggernaut","floor":6.0,"key":"SMITH"},{"data":"Barricade","floor":8.0,"key":"SMITH"},{"data":"Shrug It Off","floor":15.0,"key":"SMITH"},{"floor":23.0,"key":"RECALL"},{"floor":25.0,"key":"REST"},{"floor":32.0,"key":"REST"},{"floor":40.0,"key":"REST"},{"floor":49,"key":"REST"},{"floor":53,"key":"REST"}],"neow_cost":"NO_GOLD","seed_source_timestamp":0,"circlet_count":0,"master_deck":["AscendersBane","Defend_R+1","Defend_R+1","Defend_R+1","Defend_R+1","Bash+1","Corruption+1","Juggernaut+1","Shrug It Off+1","Barricade+1","Impervious+1","Entrench+1","Body Slam+1","Ghostly+1","Ghostly+1","Ghostly+1","Battle Trance+1","Exhume+1","Battle Trance+1","Body Slam+1","Impervious+1","Shrug It Off+1","Armaments+1","Shrug It Off+1","Blind+1","Panacea"],"special_seed":0,"relics":["Burning Blood","Singing Bowl","Golden Idol","Potion Belt","Fusion Hammer","Meat on the Bone","Bottled Tornado","Regal Pillow","Runic Dome","Red Skull","Ancient Tea Set","Mark of the Bloom","Molten Egg 2","Sundial"],"potions_floor_usage":[56],"damage_taken":[{"damage":4.0,"enemies":"Jaw Worm","floor":1.0,"turns":5.0},{"damage":15.0,"enemies":"2 Louse","floor":2.0,"turns":3.0},{"damage":34.0,"enemies":"3 Sentries","floor":7.0,"turns":11.0},{"damage":0.0,"enemies":"Gremlin Nob","floor":12.0,"turns":1.0},{"damage":15.0,"enemies":"Small Slimes","floor":13.0,"turns":4.0},{"damage":9.0,"enemies":"Looter","floor":14.0,"turns":4.0},{"damage":15.0,"enemies":"The Guardian","floor":16.0,"turns":16.0},{"damage":13.0,"enemies":"3 Byrds","floor":18.0,"turns":5.0},{"damage":6.0,"enemies":"2 Thieves","floor":19.0,"turns":5.0},{"damage":26.0,"enemies":"Shelled Parasite and Fungi","floor":20.0,"turns":9.0},{"damage":0.0,"enemies":"Gremlin Leader","floor":24.0,"turns":6.0},{"damage":0.0,"enemies":"Book of Stabbing","floor":27.0,"turns":5.0},{"damage":0.0,"enemies":"Centurion and Healer","floor":31.0,"turns":6.0},{"damage":0.0,"enemies":"Automaton","floor":33.0,"turns":6.0},{"damage":0.0,"enemies":"Orb Walker","floor":35.0,"turns":4.0},{"damage":0.0,"enemies":"3 Darklings","floor":36.0,"turns":5.0},{"damage":0.0,"enemies":"Sphere and 2 Shapes","floor":37.0,"turns":6.0},{"damage":0.0,"enemies":"Spire Growth","floor":39.0,"turns":5.0},{"damage":3,"enemies":"Writhing Mass","floor":41,"turns":3},{"damage":13,"enemies":"Nemesis","floor":44,"turns":7},{"damage":0,"enemies":"4 Shapes","floor":46,"turns":6},{"damage":0,"enemies":"Reptomancer","floor":48,"turns":3},{"damage":0,"enemies":"Awakened One","floor":50,"turns":6},{"damage":0,"enemies":"Donu and Deca","floor":51,"turns":6},{"damage":0,"enemies":"Shield and Spear","floor":55,"turns":6},{"damage":2,"enemies":"The Heart","floor":56,"turns":10}],"seed_played":"8422133627179515749","potions_obtained":[{"floor":1.0,"key":"SmokeBomb"},{"floor":13.0,"key":"GamblersBrew"},{"floor":14.0,"key":"BloodPotion"},{"floor":20.0,"key":"Ancient Potion"},{"floor":24.0,"key":"Dexterity Potion"},{"floor":35.0,"key":"Fire Potion"},{"floor":44,"key":"GamblersBrew"}],"is_trial":false,"path_per_floor":["M","M","?","?","?","R","E","R","T","$","?","E","M","M","R","B",null,"M","M","M","$","?","R","E","R","T","E","$","?","?","M","R","B",null,"M","M","M","$","M","R","M","$","T","E","?","M","?","E","R","B","B",null,"R","$","E","B",null],"character_chosen":"IRONCLAD","items_purchased":["Body Slam","Impervious","Shrug It Off","Blind","Panacea"],"campfire_rested":5,"item_purchase_floors":[21,38,42,42,54],"current_hp_per_floor":[70,61,61,56,56,56,28,28,28,28,21,27,20,19,19,10,57,52,54,34,34,34,34,40,40,40,40,40,40,40,42,42,42,42,42,44,44,44,44,44,44,44,44,39,39,47,47,47,47,47,47,47,47,47,47,45],"gold":130,"neow_bonus":"TRANSFORM_TWO_CARDS","is_prod":false,"is_daily":false,"chose_seed":false,"campfire_upgraded":3,"win_rate":0,"timestamp":1565765981,"path_taken":["M","M","?","?","?","R","E","R","T","$","?","E","M","M","R","BOSS","M","M","M","$","?","R","E","R","T","E","$","?","?","?","R","BOSS","M","M","M","$","M","R","M","$","T","E","?","M","?","E","R","BOSS","BOSS","R","$","E","BOSS"],"build_version":"2019-07-18","purchased_purges":2,"victory":true,"max_hp_per_floor":[75,75,75,75,68,68,68,68,68,68,68,68,70,72,72,72,72,74,76,76,76,38,38,40,40,40,40,40,40,40,42,42,42,42,42,44,44,44,44,44,44,44,44,46,46,48,48,50,50,50,50,50,50,50,52,52],"card_choices":[{"not_picked":["Headbutt","Pummel","Warcry"],"picked":"SKIP","floor":1.0},{"not_picked":["Havoc","Warcry"],"picked":"Shrug It Off","floor":2.0},{"not_picked":["Combust","True Grit"],"picked":"Barricade","floor":7.0},{"not_picked":["Havoc","Twin Strike","Flex"],"picked":"Singing Bowl","floor":13.0},{"not_picked":["Warcry","Fire Breathing","Perfected Strike"],"picked":"Singing Bowl","floor":14.0},{"not_picked":["Double Tap","Brutality"],"picked":"Impervious","floor":16.0},{"not_picked":["Pommel Strike","Rupture","Dropkick"],"picked":"Singing Bowl","floor":18.0},{"not_picked":["Iron Wave","Flex","Shockwave"],"picked":"Singing Bowl","floor":19.0},{"not_picked":["Shrug It Off","Thunderclap"],"picked":"Entrench","floor":20.0},{"not_picked":["Hemokinesis","Rage","Anger"],"picked":"Singing Bowl","floor":24.0},{"not_picked":["Havoc","Fire Breathing+1"],"picked":"Battle Trance","floor":27.0},{"not_picked":["Warcry","Disarm","Sentinel"],"picked":"Singing Bowl","floor":31.0},{"not_picked":["Feed","Limit Break"],"picked":"Exhume","floor":33.0},{"not_picked":["Cleave","Disarm"],"picked":"Battle Trance","floor":35.0},{"not_picked":["Burning Pact","Flex","Clothesline"],"picked":"Singing Bowl","floor":36.0},{"not_picked":["Clash+1","Disarm"],"picked":"Body Slam","floor":37.0},{"not_picked":["Headbutt+1","Rupture+1"],"picked":"Shrug It Off","floor":39.0},{"not_picked":["Anger+1","Reaper"],"picked":"Armaments+1","floor":41},{"not_picked":["Infernal Blade","Twin Strike+1","Sword Boomerang"],"picked":"Singing Bowl","floor":44},{"not_picked":["Carnage","Flex+1","Clothesline"],"picked":"Singing Bowl","floor":46},{"not_picked":["Wild Strike","Berserk","Thunderclap"],"picked":"Singing Bowl","floor":48},{"not_picked":["Anger+1","Corruption","Twin Strike+1"],"picked":"Singing Bowl","floor":55}],"player_experience":1313860,"relics_obtained":[{"floor":7.0,"key":"Potion Belt"},{"floor":24.0,"key":"Meat on the Bone"},{"floor":26.0,"key":"Bottled Tornado"},{"floor":27.0,"key":"Regal Pillow"},{"floor":43,"key":"Red Skull"},{"floor":44,"key":"Ancient Tea Set"},{"floor":48,"key":"Molten Egg 2"},{"floor":55,"key":"Sundial"}],"event_choices":[{"damage_healed":0.0,"max_hp_gain":0.0,"max_hp_loss":0.0,"gold_gain":0.0,"event_name":"The Cleric","player_choice":"Leave","floor":3.0,"gold_loss":0.0,"damage_taken":0.0},{"damage_healed":0.0,"max_hp_gain":0.0,"max_hp_loss":0.0,"gold_gain":0.0,"event_name":"Scrap Ooze","player_choice":"Success","floor":4.0,"gold_loss":0.0,"damage_taken":5.0,"relics_obtained":["Singing Bowl"]},{"damage_healed":0.0,"max_hp_gain":0.0,"max_hp_loss":7.0,"gold_gain":0.0,"event_name":"Golden Idol","player_choice":"Lose Max HP","floor":5.0,"gold_loss":0.0,"damage_taken":0.0,"relics_obtained":["Golden Idol"]},{"cards_removed":["Strike_R"],"damage_healed":0.0,"max_hp_gain":0.0,"max_hp_loss":0.0,"gold_gain":0.0,"event_name":"Golden Wing","player_choice":"Card Removal","floor":11.0,"gold_loss":0.0,"damage_taken":7.0},{"damage_healed":0.0,"max_hp_gain":0.0,"max_hp_loss":38.0,"gold_gain":0.0,"event_name":"Ghosts","player_choice":"Became a Ghost","floor":22.0,"gold_loss":0.0,"damage_taken":0.0,"cards_obtained":["Ghostly","Ghostly","Ghostly"]},{"damage_healed":0.0,"max_hp_gain":0.0,"max_hp_loss":0.0,"gold_gain":0.0,"event_name":"Back to Basics","player_choice":"Simplicity","floor":29.0,"gold_loss":0.0,"damage_taken":0.0,"cards_upgraded":["Defend_R","Defend_R","Defend_R","Defend_R"]},{"damage_healed":0.0,"max_hp_gain":0.0,"max_hp_loss":0.0,"gold_gain":100.0,"event_name":"The Joust","player_choice":"Bet on Murderer","floor":30.0,"gold_loss":50.0,"damage_taken":0.0},{"damage_healed":0,"gold_gain":0,"player_choice":"Ignored","damage_taken":0,"max_hp_gain":0,"max_hp_loss":0,"event_name":"Tomb of Lord Red Mask","floor":45,"gold_loss":0},{"damage_healed":0,"gold_gain":0,"player_choice":"Upgrade","damage_taken":0,"relics_obtained":["Mark of the Bloom"],"max_hp_gain":0,"max_hp_loss":0,"event_name":"MindBloom","floor":47,"gold_loss":0,"cards_upgraded":["Bash","Corruption","Impervious","Entrench","Body Slam","Ghostly","Ghostly","Ghostly","Battle Trance","Exhume","Battle Trance","Body Slam","Impervious","Shrug It Off","Shrug It Off","Blind"]}],"is_beta":true,"boss_relics":[{"not_picked":["Runic Cube","Pandora\u0027s Box"],"picked":"Fusion Hammer"},{"not_picked":["Lizard Tail","Black Star"],"picked":"Runic Dome"}],"items_purged_floors":[10,28],"is_endless":false,"potions_floor_spawned":[1,12,13,14,20,24,35,44,48,55],"ascension_level":20}