{"path_per_floor":["M","?","?","M","?","M","E","?","T","R","M","?","M","$","R","B",null,"M","?","M","?","M","R","?","R","T","E","R","$","M","E","R","B",null,"M","M","?","$","M","E","M","E","T","M","R","$","R","M","R","B"],"character_chosen":"THE_SILENT","items_purchased":["Tiny Chest","Backflip","Quick Slash","Dagger Spray","Adrenaline","Adrenaline"],"gold_per_floor":[114,114,64,79,154,169,199,199,199,199,214,214,229,36,36,136,136,151,51,66,66,81,81,6,6,6,36,36,10,25,55,55,155,155,170,185,214,60,75,105,120,150,150,165,165,1,1,16,16,16],"floor_reached":51,"campfire_rested":4,"playtime":3219,"current_hp_per_floor":[69,69,69,69,58,63,37,25,31,53,51,56,39,39,39,29,87,82,82,79,79,79,79,79,79,85,73,73,73,58,42,69,60,127,120,98,77,77,90,60,66,26,32,42,85,85,85,93,137,44],"items_purged":["Normality"],"gold":16,"score":946,"play_id":"e74aac08-7390-4229-8c82-6e950941730a","local_time":"20180325115547","daily_mods":["Heirloom","Cursed Run","Elite Swarm"],"is_prod":false,"is_daily":true,"is_ascension_mode":false,"campfire_upgraded":4,"timestamp":1521993347,"path_taken":["M","?","?","M","?","?","E","?","T","R","M","?","M","?","R","BOSS","M","?","M","?","?","R","?","R","T","E","R","$","?","E","R","BOSS","M","?","?","$","M","E","M","E","T","M","R","?","R","M","R","BOSS"],"build_version":"2018-03-22v2","purchased_purges":2,"victory":true,"master_deck":["Defend_G","Defend_G","Defend_G","Defend_G","Strike_G","Strike_G","Strike_G","Survivor","Neutralize+1","Blur","Malaise","Wraith Form+1","Adrenaline","Doubt","Deflect","Well Laid Plans+1","Backflip","Quick Slash","Regret","Die Die Die","Prepared+1","Footwork+1","Clumsy","Adrenaline","Dagger Spray","Adrenaline+1","Doubt","Wraith Form","Decay","Doubt","Adrenaline+1","Burst+1","After Image","Injury","Adrenaline+1","Clumsy"],"max_hp_per_floor":[70,70,70,70,70,70,70,70,76,76,76,81,81,81,81,87,87,87,87,87,87,87,87,87,87,93,93,93,93,93,93,93,99,127,129,131,133,133,135,135,137,137,143,145,145,145,145,147,147,153],"relics":["Cursed Key","Darkstone Periapt","Du-Vu Doll","Girya","Dodecahedron","Bronze Scales","Tiny Chest","White Beast Statue","Orichalcum","Shovel","Vajra","Toxic Egg 2","Calling Bell","Oddly Smooth Stone","Singing Bowl","Pear","Bird Faced Urn","Ancient Tea Set","Bag of Preparation","Ginger"],"card_choices":[{"not_picked":["Deflect","Eviscerate"],"picked":"Blur","floor":1},{"not_picked":["Dagger Throw","Concentrate"],"picked":"Malaise","floor":4},{"not_picked":["Choke","Heel Hook"],"picked":"Wraith Form","floor":6},{"not_picked":["Envenom","Unload"],"picked":"Adrenaline","floor":7},{"not_picked":["Bane","Slice"],"picked":"Deflect","floor":11},{"not_picked":["Dash","Expertise"],"picked":"Well Laid Plans","floor":13},{"not_picked":["Bullet Time","Unload"],"picked":"Die Die Die","floor":16},{"not_picked":["Leg Sweep","Deadly Poison"],"picked":"Prepared","floor":20},{"not_picked":["Blur","Calculated Gamble"],"picked":"Footwork","floor":22},{"not_picked":["Burst","Storm of Steel"],"picked":"Adrenaline","floor":27},{"not_picked":["Envenom","Night Terror"],"picked":"Adrenaline","floor":31},{"not_picked":["Grand Finale","Envenom"],"picked":"Wraith Form","floor":33},{"not_picked":["Die Die Die","A Thousand Cuts"],"picked":"Burst","floor":40},{"not_picked":["Venomology","Die Die Die"],"picked":"After Image","floor":42}],"player_experience":507931,"potions_floor_usage":[6,27,30,30,31,33,33,37,39,42,44,50,50,50],"damage_taken":[{"damage":1,"enemies":"Jaw Worm","floor":1,"turns":4},{"damage":0,"enemies":"Cultist","floor":4,"turns":4},{"damage":1,"enemies":"2 Louse","floor":6,"turns":3},{"damage":26,"enemies":"3 Sentries","floor":7,"turns":12},{"damage":2,"enemies":"Blue Slaver","floor":11,"turns":5},{"damage":17,"enemies":"3 Louse","floor":13,"turns":3},{"damage":16,"enemies":"Slime Boss","floor":16,"turns":11},{"damage":5,"enemies":"Spheric Guardian","floor":18,"turns":4},{"damage":3,"enemies":"3 Byrds","floor":20,"turns":2},{"damage":0,"enemies":"Snake Plant","floor":22,"turns":5},{"damage":12,"enemies":"Book of Stabbing","floor":27,"turns":6},{"damage":21,"enemies":"Cultist and Chosen","floor":30,"turns":7},{"damage":22,"enemies":"Slavers","floor":31,"turns":3},{"damage":15,"enemies":"Collector","floor":33,"turns":14},{"damage":9,"enemies":"Orb Walker","floor":35,"turns":5},{"damage":24,"enemies":"3 Darklings","floor":36,"turns":4},{"damage":23,"enemies":"Mysterious Sphere","floor":37,"turns":3},{"damage":1,"enemies":"4 Shapes","floor":39,"turns":3},{"damage":38,"enemies":"2 Orb Walkers","floor":40,"turns":4},{"damage":4,"enemies":"Maw","floor":41,"turns":8},{"damage":48,"enemies":"Giant Head","floor":42,"turns":12},{"damage":2,"enemies":"Sphere and 2 Shapes","floor":44,"turns":4},{"damage":0,"enemies":"4 Shapes","floor":48,"turns":1},{"damage":109,"enemies":"Awakened One","floor":50,"turns":15}],"event_choices":[{"event_name":"Purifier","player_choice":"One Purge","floor":2,"damage_taken":0},{"event_name":"The Cleric","player_choice":"Card Removal","floor":3,"damage_taken":0},{"event_name":"World of Goop","player_choice":"Gather Gold","floor":5,"damage_taken":0},{"event_name":"Scrap Ooze","player_choice":"success","floor":8,"damage_taken":12},{"event_name":"Big Fish","player_choice":"Donut","floor":12,"damage_taken":0},{"event_name":"Drug Dealer","player_choice":"Got JAXXED","floor":19,"damage_taken":0},{"event_name":"Addict","player_choice":"Gave JAX","floor":21,"damage_taken":0},{"event_name":"Beggar","player_choice":"Gave Gold","floor":24,"damage_taken":0},{"event_name":"Mysterious Sphere","player_choice":"Fight","floor":37,"damage_taken":0}],"boss_relics":[{"not_picked":["Eternal Feather","Lizard Tail"],"picked":"White Beast Statue"},{"not_picked":["Pandora\u0027s Box","Runic Dome"],"picked":"Calling Bell"}],"potions_floor_spawned":[1,7,13,18,20,22,27,30,31,33,35,36,37,39,40,41,42,44,48],"seed_played":"-458385073084776932","ascension_level":0,"is_trial":false}