{"gold_per_floor":[117,117,17,34,34,74,74,113,113,113,134,5,5,5,5,101,101,116,141,141,141,166,207,207,207],"floor_reached":25,"playtime":2310,"items_purged":["Pain","Strike_G"],"score":409,"play_id":"39f51b55-2600-4de7-a4cd-da96b8a075e4","local_time":"20190515114158","is_ascension_mode":true,"campfire_choices":[{"data":"Footwork","floor":7.0,"key":"SMITH"},{"data":"Deadly Poison","floor":10.0,"key":"SMITH"},{"data":"Bouncing Flask","floor":13.0,"key":"SMITH"},{"data":"Deflect","floor":15.0,"key":"SMITH"},{"data":"Tools of the Trade","floor":24.0,"key":"SMITH"}],"neow_cost":"NONE","seed_source_timestamp":0,"circlet_count":0,"master_deck":["AscendersBane","Defend_G","Defend_G","Defend_G","Defend_G","Defend_G","Strike_G","Strike_G","Strike_G","Strike_G","Survivor","Neutralize+1","Footwork+1","Quick Slash","Backflip","Sucker Punch+1","Deadly Poison+1","Bouncing Flask+1","Deflect+1","Malaise","Acrobatics+1","Tools of the Trade+1","Dagger Spray+1"],"special_seed":0,"relics":["Ring of the Serpent","WarpedTongs","Golden Idol","Molten Egg 2","Mercury Hourglass","Nloth\u0027s Gift","Tingsha"],"potions_floor_usage":[25],"damage_taken":[{"damage":1.0,"enemies":"Small Slimes","floor":1.0,"turns":4.0},{"damage":0.0,"enemies":"Cultist","floor":4.0,"turns":4.0},{"damage":8.0,"enemies":"Gremlin Nob","floor":6.0,"turns":4.0},{"damage":19.0,"enemies":"3 Sentries","floor":8.0,"turns":11.0},{"damage":1.0,"enemies":"Jaw Worm","floor":11.0,"turns":3.0},{"damage":4.0,"enemies":"The Guardian","floor":16.0,"turns":8.0},{"damage":0.0,"enemies":"Spheric Guardian","floor":18.0,"turns":7.0},{"damage":0.0,"enemies":"Chosen","floor":19.0,"turns":4.0},{"damage":7.0,"enemies":"Shelled Parasite and Fungi","floor":22.0,"turns":8.0},{"damage":18.0,"enemies":"Gremlin Leader","floor":23.0,"turns":10.0},{"damage":38,"enemies":"Slavers","floor":25,"turns":4}],"seed_played":"-3505310287730138251","potions_obtained":[{"floor":1.0,"key":"AttackPotion"},{"floor":6.0,"key":"SteroidPotion"},{"floor":8.0,"key":"AttackPotion"},{"floor":23.0,"key":"SneckoOil"}],"is_trial":false,"path_per_floor":["M","?","$","M","?","E","R","E","T","R","M","$","R","?","R","B",null,"M","M","?","?","M","E","R","E"],"character_chosen":"THE_SILENT","items_purchased":["Quick Slash","Deflect"],"campfire_rested":0,"item_purchase_floors":[3,12],"current_hp_per_floor":[58,58,58,58,58,50,50,31,31,31,30,30,30,35,35,31,57,57,57,57,57,50,32,32,0],"gold":207,"neow_bonus":"UPGRADE_CARD","is_prod":false,"is_daily":false,"chose_seed":false,"campfire_upgraded":5,"win_rate":0,"timestamp":1557934918,"path_taken":["M","?","?","M","?","E","R","E","T","R","M","$","R","?","R","BOSS","M","M","?","?","?","E","R","E"],"build_version":"2019-01-23","purchased_purges":2,"victory":false,"max_hp_per_floor":[66,66,66,66,60,60,60,60,60,60,60,60,60,65,65,65,65,65,65,65,65,65,65,65,65],"card_choices":[{"not_picked":["Heel Hook","Reflex"],"picked":"Footwork","floor":1.0},{"not_picked":["Dagger Throw","Flechettes"],"picked":"Backflip","floor":4.0},{"not_picked":["Outmaneuver","Reflex"],"picked":"Sucker Punch","floor":6.0},{"not_picked":["Slice+1","Calculated Gamble"],"picked":"Deadly Poison","floor":8.0},{"not_picked":["Bane+1","Outmaneuver"],"picked":"Bouncing Flask","floor":11.0},{"not_picked":["A Thousand Cuts","Venomology"],"picked":"Malaise","floor":16.0},{"not_picked":["Poisoned Stab+1","Eviscerate+1"],"picked":"Acrobatics+1","floor":18.0},{"not_picked":["Sucker Punch+1","Deadly Poison","Bane+1"],"picked":"SKIP","floor":19.0},{"not_picked":["PiercingWail","Dagger Throw+1"],"picked":"Tools of the Trade","floor":22.0},{"not_picked":["Acrobatics","Phantasmal Killer"],"picked":"Dagger Spray+1","floor":23.0}],"player_experience":810735,"relics_obtained":[{"floor":6.0,"key":"Molten Egg 2"},{"floor":8.0,"key":"Nunchaku"},{"floor":9.0,"key":"Mercury Hourglass"},{"floor":23.0,"key":"Tingsha"}],"event_choices":[{"damage_healed":0.0,"max_hp_gain":0.0,"max_hp_loss":0.0,"gold_gain":0.0,"event_name":"Accursed Blacksmith","player_choice":"Rummage","floor":2.0,"gold_loss":0.0,"damage_taken":0.0,"relics_obtained":["WarpedTongs"],"cards_obtained":["Pain"]},{"damage_healed":0.0,"max_hp_gain":0.0,"max_hp_loss":6.0,"gold_gain":0.0,"event_name":"Golden Idol","player_choice":"Lose Max HP","floor":5.0,"gold_loss":0.0,"damage_taken":0.0,"relics_obtained":["Golden Idol"]},{"damage_healed":0.0,"max_hp_gain":5.0,"max_hp_loss":0.0,"gold_gain":0.0,"event_name":"Big Fish","player_choice":"Donut","floor":14.0,"gold_loss":0.0,"damage_taken":0.0},{"damage_healed":0.0,"max_hp_gain":0.0,"max_hp_loss":0.0,"gold_gain":0.0,"event_name":"Ghosts","player_choice":"Ignored","floor":20.0,"gold_loss":0.0,"damage_taken":0.0},{"damage_healed":0.0,"max_hp_gain":0.0,"max_hp_loss":0.0,"gold_gain":0.0,"event_name":"N\u0027loth","player_choice":"Traded Relic","floor":21.0,"relics_lost":["Nunchaku"],"gold_loss":0.0,"damage_taken":0.0,"relics_obtained":["Nloth\u0027s Gift"]}],"is_beta":false,"boss_relics":[{"not_picked":["WristBlade","Velvet Choker"],"picked":"Ring of the Serpent"}],"items_purged_floors":[3,12],"is_endless":false,"potions_floor_spawned":[1,6,8,11,23],"killed_by":"Slavers","ascension_level":16}