{"gold_per_floor":[16,32,45,58,58,58,75,95,95,95,95,136,136,150,150,281,281,221,221,221,72,93,93,93,117,143,174,174,194,194],"floor_reached":30,"playtime":1754,"items_purged":["Strike_B"],"score":250,"play_id":"7cc5b280-2cf0-4b6e-a5b3-7f836fc01c23","local_time":"20190715162825","is_ascension_mode":false,"campfire_choices":[{"data":"Defragment","floor":6,"key":"SMITH"},{"floor":10,"key":"RECALL"},{"data":"Chaos","floor":15,"key":"SMITH"},{"floor":23,"key":"REST"},{"floor":28,"key":"REST"}],"neow_cost":"NO_GOLD","seed_source_timestamp":602580961451391,"circlet_count":0,"master_deck":["Strike_B+1","Strike_B+1","Defend_B+1","Defend_B+1","Defend_B+1","Defend_B+1","Zap","Dualcast","Defragment+1","Streamline","Static Discharge","Glacier","Chaos+1","Capacitor","Heatsinks","Loop","Amplify","Cold Snap","Fusion","Defragment","Streamline","Seek","Leap"],"relics":["Cracked Core","Ice Cream","Golden Idol","Sundial","Sozu","Nilry\u0027s Codex","Lantern","Matryoshka"],"potions_floor_usage":[7,16,27],"damage_taken":[{"damage":1,"enemies":"2 Louse","floor":1,"turns":2},{"damage":8,"enemies":"Jaw Worm","floor":2,"turns":3},{"damage":2,"enemies":"Small Slimes","floor":3,"turns":3},{"damage":6,"enemies":"Blue Slaver","floor":4,"turns":4},{"damage":1,"enemies":"Large Slime","floor":7,"turns":4},{"damage":3,"enemies":"Exordium Wildlife","floor":8,"turns":7},{"damage":4,"enemies":"Lagavulin","floor":12,"turns":6},{"damage":5,"enemies":"2 Fungi Beasts","floor":14,"turns":4},{"damage":31,"enemies":"Hexaghost","floor":16,"turns":8},{"damage":19,"enemies":"2 Thieves","floor":18,"turns":4},{"damage":10,"enemies":"Shell Parasite","floor":22,"turns":7},{"damage":8,"enemies":"Snake Plant","floor":25,"turns":3},{"damage":27,"enemies":"Gremlin Leader","floor":27,"turns":5},{"damage":16,"enemies":"Shelled Parasite and Fungi","floor":29,"turns":6},{"damage":18,"enemies":"Slavers","floor":30,"turns":3}],"seed_played":"-4966117396230728601","potions_obtained":[{"floor":1,"key":"SkillPotion"},{"floor":2,"key":"Block Potion"},{"floor":14,"key":"FearPotion"}],"is_trial":false,"path_per_floor":["M","M","M","M","?","R","M","M","T","R","?","E","?","M","R","B",null,"M","?","?","$","M","R","?","M","T","E","R","M","E"],"character_chosen":"DEFECT","items_purchased":["Fusion"],"campfire_rested":2,"item_purchase_floors":[21],"current_hp_per_floor":[74,66,64,58,51,51,50,47,47,47,47,43,66,61,61,30,69,50,50,34,34,24,44,44,36,36,9,29,13,0],"gold":194,"neow_bonus":"ONE_RARE_RELIC","is_prod":false,"is_daily":false,"chose_seed":false,"campfire_upgraded":2,"win_rate":0,"timestamp":1563233305,"path_taken":["M","M","M","M","?","R","M","M","T","R","?","E","?","M","R","BOSS","M","?","?","?","M","R","?","M","T","E","R","M","E"],"build_version":"2019-07-05","purchased_purges":1,"victory":false,"max_hp_per_floor":[75,75,75,75,75,75,75,75,75,75,69,69,69,69,69,69,69,69,69,69,69,69,69,69,69,69,69,69,69,69],"card_choices":[{"not_picked":["Rebound","Tempest"],"picked":"Defragment","floor":1},{"not_picked":["Redo","Hello World"],"picked":"Streamline","floor":2},{"not_picked":["Blizzard","Compile Driver"],"picked":"Static Discharge","floor":3},{"not_picked":["Compile Driver","Rebound"],"picked":"Glacier","floor":4},{"not_picked":["Barrage","Multi-Cast"],"picked":"Chaos","floor":7},{"not_picked":["Auto Shields","Chaos"],"picked":"Capacitor","floor":8},{"not_picked":["Cold Snap","Turbo"],"picked":"Heatsinks","floor":12},{"not_picked":["Chaos","Skim"],"picked":"Loop","floor":14},{"not_picked":["All For One","Hyperbeam"],"picked":"Amplify","floor":16},{"not_picked":["Ball Lightning","Turbo"],"picked":"Cold Snap","floor":18},{"not_picked":["Conserve Battery","Skim"],"picked":"Defragment","floor":22},{"not_picked":["Beam Cell","Turbo"],"picked":"Streamline","floor":25},{"not_picked":["Genetic Algorithm","Stack"],"picked":"Seek","floor":27},{"not_picked":["Ball Lightning+1","Coolheaded+1"],"picked":"Leap","floor":29}],"player_experience":324098,"relics_obtained":[{"floor":12,"key":"Sundial"},{"floor":20,"key":"Nilry\u0027s Codex"},{"floor":26,"key":"Lantern"},{"floor":27,"key":"Matryoshka"}],"event_choices":[{"cards_removed":["Strike_B"],"damage_healed":0,"gold_gain":0,"player_choice":"Card Removal","damage_taken":7,"max_hp_gain":0,"max_hp_loss":0,"event_name":"Golden Wing","floor":5,"gold_loss":0},{"damage_healed":0,"gold_gain":0,"player_choice":"Lose Max HP","damage_taken":0,"relics_obtained":["Golden Idol"],"max_hp_gain":0,"max_hp_loss":6,"event_name":"Golden Idol","floor":11,"gold_loss":0},{"damage_healed":23,"gold_gain":0,"player_choice":"Banana","damage_taken":0,"max_hp_gain":0,"max_hp_loss":0,"event_name":"Big Fish","floor":13,"gold_loss":0},{"damage_healed":0,"gold_gain":0,"player_choice":"Ignored","damage_taken":0,"max_hp_gain":0,"max_hp_loss":0,"event_name":"Ghosts","floor":19,"gold_loss":0},{"damage_healed":0,"gold_gain":0,"player_choice":"Obtained Book","damage_taken":16,"max_hp_gain":0,"max_hp_loss":0,"event_name":"Cursed Tome","floor":20,"gold_loss":0},{"damage_healed":0,"gold_gain":0,"player_choice":"Simplicity","damage_taken":0,"max_hp_gain":0,"max_hp_loss":0,"event_name":"Back to Basics","floor":24,"gold_loss":0,"cards_upgraded":["Strike_B","Strike_B","Defend_B","Defend_B","Defend_B","Defend_B"]}],"is_beta":false,"boss_relics":[{"not_picked":["Snecko Eye","Lizard Tail"],"picked":"Sozu"}],"items_purged_floors":[21],"is_endless":false,"potions_floor_spawned":[1,2,14,25,27],"killed_by":"Slavers","ascension_level":0}