{"gold_per_floor":[14,14,29,29,44,44,70,70,70,98,108,127,140,65,65,65],"floor_reached":16,"playtime":1306,"items_purged":["Strike_G"],"score":146,"play_id":"bcc91cfb-bae2-453a-bcf2-5769de042e08","local_time":"20190124145554","is_ascension_mode":true,"campfire_choices":[{"data":"Masterful Stab","floor":6,"key":"SMITH"},{"data":"Neutralize","floor":8,"key":"SMITH"},{"data":"Catalyst","floor":15,"key":"SMITH"}],"neow_cost":"NO_GOLD","seed_source_timestamp":806830967481972,"circlet_count":0,"master_deck":["Defend_G","Defend_G","Defend_G","Defend_G","Defend_G","Strike_G","Strike_G","Survivor","Neutralize+1","Masterful Stab+1","Catalyst+1","Corpse Explosion","Flying Knee","Blur","Backflip"],"relics":["Ring of the Snake","Thread and Needle","Shuriken","Strawberry"],"potions_floor_usage":[7,16,16],"damage_taken":[{"damage":0,"enemies":"2 Louse","floor":1,"turns":3},{"damage":7,"enemies":"Small Slimes","floor":3,"turns":4},{"damage":2,"enemies":"Jaw Worm","floor":5,"turns":4},{"damage":3,"enemies":"3 Sentries","floor":7,"turns":5},{"damage":20,"enemies":"Gremlin Nob","floor":10,"turns":4},{"damage":1,"enemies":"Exordium Thugs","floor":11,"turns":4},{"damage":0,"enemies":"Exordium Wildlife","floor":12,"turns":4},{"damage":0,"enemies":"Lots of Slimes","floor":13,"turns":1},{"damage":16,"enemies":"Slime Boss","floor":16,"turns":8}],"seed_played":"731580740914404280","potions_obtained":[{"floor":5,"key":"Dexterity Potion"},{"floor":10,"key":"Ancient Potion"},{"floor":13,"key":"PowerPotion"}],"is_trial":false,"path_per_floor":["M","?","M","?","M","R","E","R","T","E","M","M","M","$","R","B"],"character_chosen":"THE_SILENT","items_purchased":[],"campfire_rested":0,"item_purchase_floors":[],"current_hp_per_floor":[63,63,56,61,59,59,56,56,56,43,42,42,42,42,42,26],"gold":65,"neow_bonus":"REMOVE_TWO","is_prod":false,"is_daily":false,"chose_seed":false,"campfire_upgraded":3,"win_rate":0,"timestamp":1548359754,"path_taken":["M","?","M","?","M","R","E","R","T","E","M","M","M","$","R","BOSS"],"build_version":"2019-01-23","purchased_purges":1,"victory":false,"max_hp_per_floor":[70,70,70,75,75,75,75,75,75,82,82,82,82,82,82,82],"card_choices":[{"not_picked":["Dagger Throw","Calculated Gamble"],"picked":"Masterful Stab","floor":1},{"not_picked":["PiercingWail","Prepared"],"picked":"Catalyst","floor":3},{"not_picked":["Backflip","Bane"],"picked":"Corpse Explosion","floor":5},{"not_picked":["Finisher","Dagger Throw"],"picked":"Flying Knee","floor":7},{"not_picked":["Endless Agony","Choke"],"picked":"Blur","floor":10},{"not_picked":["Acrobatics","Slice"],"picked":"Backflip","floor":11},{"not_picked":["Masterful Stab","Outmaneuver","Sucker Punch"],"picked":"SKIP","floor":12},{"not_picked":["Predator","Flying Knee","Quick Slash"],"picked":"SKIP","floor":13}],"player_experience":707498,"relics_obtained":[{"floor":7,"key":"Thread and Needle"},{"floor":9,"key":"Shuriken"},{"floor":10,"key":"Strawberry"}],"event_choices":[{"damage_healed":0,"gold_gain":0,"player_choice":"Ignored","damage_taken":0,"max_hp_gain":0,"max_hp_loss":0,"event_name":"Liars Game","floor":2,"gold_loss":0},{"damage_healed":0,"gold_gain":0,"player_choice":"Donut","damage_taken":0,"max_hp_gain":5,"max_hp_loss":0,"event_name":"Big Fish","floor":4,"gold_loss":0}],"is_beta":false,"boss_relics":[],"items_purged_floors":[14],"is_endless":false,"potions_floor_spawned":[5,10,13],"killed_by":"Slime Boss","ascension_level":6}