{"gold_per_floor":[111,36,50,60,135,135,135,145,170,204,204,204,231,30,30,133,133,147,147,147,69,69,98,98,132,132,32,32,87,87,87,87,185,185,205,217,217,22,22,22,122,122,174,174,174,188,138,88,88,88],"floor_reached":51,"playtime":3205,"items_purged":["Strike_B","Dualcast","Streamline","Self Repair","Rebound"],"score":1139,"play_id":"06cac55f-b416-4cdf-8046-de18c36d0392","local_time":"20181016121102","is_ascension_mode":true,"campfire_choices":[{"data":"Cold Snap","floor":6,"key":"SMITH"},{"data":"Biased Cognition","floor":11,"key":"SMITH"},{"data":"Blizzard","floor":15,"key":"SMITH"},{"data":"Recycle","floor":24,"key":"SMITH"},{"data":"Buffer","floor":28,"key":"SMITH"},{"data":"Zap","floor":30,"key":"SMITH"},{"data":"Multi-Cast","floor":32,"key":"SMITH"},{"data":"Reboot","floor":40,"key":"SMITH"},{"data":"Coolheaded","floor":42,"key":"SMITH"},{"data":"Coolheaded","floor":44,"key":"SMITH"},{"floor":49,"key":"REST"}],"neow_cost":"NONE","seed_source_timestamp":261504728101790,"circlet_count":0,"master_deck":["Defend_B+1","Defend_B+1","Defend_B+1","Zap+1","AscendersBane","Blizzard+1","Cold Snap+1","Biased Cognition+1","Coolheaded+1","Multi-Cast+1","Recycle+1","Buffer+1","Skim+1","Coolheaded+1","Reboot+1","Defragment+1"],"relics":["Cracked Core","Happy Flower","PreservedInsect","Ginger","ClockworkSouvenir","Black Star","Cables","Letter Opener","Boot","Strawberry","Frozen Egg 2","Tiny Chest","DataDisk","Matryoshka","Busted Crown","WingedGreaves","Pantograph","Smiling Mask"],"potions_floor_usage":[10,18,23,25,50,50,50],"damage_taken":[{"damage":1,"enemies":"Cultist","floor":1,"turns":4},{"damage":3,"enemies":"Jaw Worm","floor":3,"turns":4},{"damage":1,"enemies":"2 Louse","floor":4,"turns":3},{"damage":1,"enemies":"Blue Slaver","floor":8,"turns":3},{"damage":6,"enemies":"3 Sentries","floor":10,"turns":5},{"damage":29,"enemies":"Lagavulin","floor":13,"turns":4},{"damage":24,"enemies":"Slime Boss","floor":16,"turns":10},{"damage":2,"enemies":"Chosen","floor":18,"turns":4},{"damage":21,"enemies":"Slavers","floor":23,"turns":6},{"damage":0,"enemies":"Book of Stabbing","floor":25,"turns":5},{"damage":8,"enemies":"Gremlin Leader","floor":29,"turns":6},{"damage":0,"enemies":"Champ","floor":33,"turns":11},{"damage":0,"enemies":"Orb Walker","floor":35,"turns":2},{"damage":0,"enemies":"3 Darklings","floor":36,"turns":5},{"damage":0,"enemies":"Mind Bloom Boss Battle","floor":37,"turns":6},{"damage":0,"enemies":"Spire Growth","floor":46,"turns":4},{"damage":8,"enemies":"Time Eater","floor":50,"turns":9}],"seed_played":"-1550148949312528087","potions_obtained":[{"floor":8,"key":"AttackPotion"},{"floor":10,"key":"Ancient Potion"},{"floor":13,"key":"Explosive Potion"},{"floor":16,"key":"SpeedPotion"},{"floor":18,"key":"Swift Potion"},{"floor":37,"key":"Strength Potion"},{"floor":46,"key":"Fire Potion"}],"is_trial":false,"path_per_floor":["M","$","M","M","?","R","?","M","T","E","R","?","E","$","R","B",null,"M","?","?","$","?","E","R","E","T","$","R","E","R","T","R","B",null,"M","M","?","$","?","R","?","R","T","R","?","M","$","$","R","B"],"character_chosen":"DEFECT","items_purchased":["ClockworkSouvenir","Self Repair","Defragment+1"],"campfire_rested":1,"item_purchase_floors":[14,21,38],"current_hp_per_floor":[67,67,64,63,52,52,75,74,74,68,68,68,39,39,39,15,60,58,58,58,58,58,44,44,58,58,58,58,57,57,57,57,64,78,82,82,82,82,82,82,82,82,82,82,78,78,78,78,78,70],"gold":88,"neow_bonus":"REMOVE_CARD","is_prod":false,"is_daily":false,"chose_seed":false,"campfire_upgraded":10,"win_rate":0,"timestamp":1539706262,"path_taken":["M","$","?","?","?","R","?","?","T","E","R","?","E","$","R","BOSS","M","?","?","$","?","E","R","E","T","$","R","E","R","?","R","BOSS","M","M","?","$","?","R","?","R","T","R","?","M","?","$","R","BOSS"],"build_version":"2018-10-11","purchased_purges":5,"victory":true,"max_hp_per_floor":[75,75,75,75,75,75,75,75,75,75,75,75,75,75,75,75,75,75,75,75,75,75,75,75,82,82,82,82,82,82,82,82,82,82,82,82,82,82,82,82,82,82,82,82,78,78,78,78,78,78],"card_choices":[{"not_picked":["Redo","White Noise"],"picked":"Blizzard","floor":1},{"not_picked":["Redo","Loop"],"picked":"Rebound","floor":3},{"not_picked":["Leap","Blizzard"],"picked":"Cold Snap","floor":4},{"not_picked":["Hologram","Turbo","Compile Driver"],"picked":"SKIP","floor":8},{"not_picked":["Steam","Loop"],"picked":"Biased Cognition","floor":10},{"not_picked":["Sweeping Beam","White Noise"],"picked":"Coolheaded","floor":13},{"not_picked":["Machine Learning","Thunder Strike"],"picked":"Multi-Cast","floor":16},{"not_picked":["Compile Driver","Rebound"],"picked":"Recycle","floor":18},{"not_picked":["Streamline","Leap+1"],"picked":"Skim+1","floor":23},{"not_picked":["Streamline","Go for the Eyes"],"picked":"Coolheaded","floor":25},{"not_picked":["Coolheaded+1","Go for the Eyes","Ball Lightning+1"],"picked":"SKIP","floor":29},{"not_picked":["All For One","Core Surge"],"picked":"Reboot","floor":33},{"not_picked":["Skim+1"],"picked":"SKIP","floor":35},{"not_picked":["Ball Lightning"],"picked":"SKIP","floor":36},{"not_picked":["Hologram+1"],"picked":"SKIP","floor":46}],"player_experience":502269,"relics_obtained":[{"floor":9,"key":"Happy Flower"},{"floor":10,"key":"PreservedInsect"},{"floor":13,"key":"Ginger"},{"floor":23,"key":"Cables"},{"floor":23,"key":"Letter Opener"},{"floor":25,"key":"Boot"},{"floor":25,"key":"Strawberry"},{"floor":26,"key":"Frozen Egg 2"},{"floor":29,"key":"Tiny Chest"},{"floor":29,"key":"DataDisk"},{"floor":31,"key":"Matryoshka"},{"floor":37,"key":"WingedGreaves"},{"floor":43,"key":"Pantograph"},{"floor":43,"key":"Smiling Mask"}],"event_choices":[{"event_name":"World of Goop","player_choice":"Gather Gold","floor":5,"damage_taken":0},{"event_name":"Big Fish","player_choice":"Banana","floor":7,"damage_taken":0},{"event_name":"Dead Adventurer","player_choice":"Searched \u00271\u0027 times","floor":12,"damage_taken":0},{"event_name":"Vampires","player_choice":"Ignored","floor":19,"damage_taken":0},{"event_name":"Back to Basics","player_choice":"Simplicity","floor":20,"damage_taken":0},{"event_name":"Drug Dealer","player_choice":"Became Test Subject","floor":22,"damage_taken":0},{"event_name":"MindBloom","player_choice":"Fight","floor":37,"damage_taken":0},{"event_name":"Falling","player_choice":"Removed Skill","floor":39,"damage_taken":0},{"event_name":"Golden Shrine","player_choice":"Pray","floor":41,"damage_taken":0},{"event_name":"Winding Halls","player_choice":"Max HP","floor":45,"damage_taken":0}],"is_beta":false,"boss_relics":[{"not_picked":["Runic Pyramid","Lizard Tail"],"picked":"Black Star"},{"not_picked":["Inserter","Nuclear Battery"],"picked":"Busted Crown"}],"items_purged_floors":[2,27,38,47,48],"is_endless":false,"potions_floor_spawned":[8,10,13,16,18,37,46],"ascension_level":10}