{"gold_per_floor":[111,130,130,130,32,32,55,95,166,207,227,243,243,281,281,281],"floor_reached":16,"playtime":1089,"items_purged":["Writhe"],"score":174,"play_id":"5438348f-9409-4180-b678-4532ca865801","local_time":"20190719205134","is_ascension_mode":true,"campfire_choices":[{"data":"Armaments","floor":6,"key":"SMITH"},{"data":"True Grit","floor":13,"key":"SMITH"},{"data":"Spot Weakness","floor":15,"key":"SMITH"}],"neow_cost":"CURSE","seed_source_timestamp":964636405436449,"circlet_count":0,"master_deck":["Strike_R","Strike_R","Strike_R","Strike_R","Strike_R","Defend_R","Defend_R","Defend_R","Defend_R","Bash","Power Through","Armaments+1","True Grit+1","Battle Trance","Body Slam","Wild Strike","Intimidate","Spot Weakness+1","Bludgeon"],"relics":["Burning Blood","Champion Belt","Golden Idol","Centennial Puzzle","Gremlin Horn","The Courier","Oddly Smooth Stone"],"potions_floor_usage":[7,8,10,16,16],"damage_taken":[{"damage":5,"enemies":"Jaw Worm","floor":1,"turns":4},{"damage":3,"enemies":"2 Louse","floor":2,"turns":3},{"damage":0,"enemies":"Cultist","floor":7,"turns":4},{"damage":9,"enemies":"Lagavulin","floor":8,"turns":6},{"damage":19,"enemies":"Gremlin Nob","floor":10,"turns":5},{"damage":2,"enemies":"2 Fungi Beasts","floor":11,"turns":3},{"damage":3,"enemies":"Exordium Thugs","floor":12,"turns":5},{"damage":11,"enemies":"Lagavulin","floor":14,"turns":6},{"damage":66,"enemies":"Slime Boss","floor":16,"turns":17}],"seed_played":"6594243395175348459","potions_obtained":[{"floor":1,"key":"Strength Potion"},{"floor":2,"key":"EssenceOfSteel"},{"floor":4,"key":"BloodPotion"},{"floor":4,"key":"Ancient Potion"},{"floor":8,"key":"FearPotion"},{"floor":12,"key":"SpeedPotion"}],"is_trial":false,"path_per_floor":["M","M","?","?","$","R","M","E","T","E","M","M","R","E","R","B"],"character_chosen":"IRONCLAD","items_purchased":["True Grit"],"campfire_rested":0,"item_purchase_floors":[5],"current_hp_per_floor":[73,76,56,56,56,56,80,77,77,64,68,71,71,66,66,0],"gold":281,"neow_bonus":"ONE_RARE_RELIC","is_prod":false,"is_daily":false,"chose_seed":false,"campfire_upgraded":3,"win_rate":0,"timestamp":1563594694,"path_taken":["M","M","?","?","$","R","?","E","T","E","M","M","R","E","R","BOSS"],"build_version":"2019-07-17","purchased_purges":1,"victory":false,"max_hp_per_floor":[80,80,80,80,80,80,80,80,80,80,80,80,80,80,80,80],"card_choices":[{"not_picked":["Searing Blow","Heavy Blade"],"picked":"Power Through","floor":1},{"not_picked":["Pummel","Havoc"],"picked":"Armaments","floor":2},{"not_picked":["True Grit","Clash"],"picked":"Battle Trance","floor":7},{"not_picked":["Sword Boomerang","Shrug It Off"],"picked":"Body Slam","floor":8},{"not_picked":["True Grit","Burning Pact"],"picked":"Wild Strike","floor":10},{"not_picked":["Clothesline","Warcry"],"picked":"Intimidate","floor":11},{"not_picked":["Sword Boomerang","Inflame"],"picked":"Spot Weakness","floor":12},{"not_picked":["Power Through","Uppercut"],"picked":"Bludgeon","floor":14}],"player_experience":362753,"relics_obtained":[{"floor":8,"key":"Centennial Puzzle"},{"floor":9,"key":"Gremlin Horn"},{"floor":10,"key":"The Courier"},{"floor":14,"key":"Oddly Smooth Stone"}],"event_choices":[{"damage_healed":0,"gold_gain":0,"player_choice":"Take Damage","damage_taken":20,"relics_obtained":["Golden Idol"],"max_hp_gain":0,"max_hp_loss":0,"event_name":"Golden Idol","floor":3,"gold_loss":0},{"damage_healed":0,"gold_gain":0,"player_choice":"Got Potions","damage_taken":0,"max_hp_gain":0,"max_hp_loss":0,"event_name":"Lab","floor":4,"gold_loss":0}],"is_beta":false,"boss_relics":[],"items_purged_floors":[5],"is_endless":false,"potions_floor_spawned":[1,2,8,12],"killed_by":"Slime Boss","ascension_level":9}