{"gold_per_floor":[10,24,24,24,24,57,57,76,127,148,188,216,181,206,206,330,330,348,258,276,295,319,353,373,373,397,14,14,34,34,53,53,176,176,201,126,144,477,487,516,534,534,534,549,212,267,279,290,290,290],"floor_reached":50,"playtime":4588,"items_purged":["Writhe","Decay"],"score":583,"play_id":"7996e6dd-972d-426f-95f1-5f8fd0bf16f0","local_time":"20190804155321","is_ascension_mode":false,"campfire_choices":[{"data":"Conserve Battery","floor":7.0,"key":"SMITH"},{"data":"White Noise","floor":15.0,"key":"SMITH"},{"floor":28.0,"key":"RECALL"},{"data":"Biased Cognition","floor":32.0,"key":"SMITH"},{"data":"Defragment","floor":49.0,"key":"SMITH"}],"neow_cost":"NO_GOLD","seed_source_timestamp":976912206879856,"circlet_count":0,"master_deck":["Strike_B+1","Strike_B+1","Defend_B","Defend_B","Zap","Dualcast","Dark Shackles+1","Gash","Glacier","BootSequence","Reprogram+1","Rebound","White Noise+1","Biased Cognition+1","Core Surge+1","Steam Power+1","Self Repair+1","Creative AI+1","Gash","Sweeping Beam+1","Sweeping Beam+1","Gash+1","Gash","Storm","Defend_G","Defragment+1","Core Surge","Decay","All For One","Scrape+1","Go for the Eyes","Gash","Flash of Steel","Parasite"],"special_seed":0,"relics":["Cracked Core","Boot","Whetstone","Dream Catcher","Odd Mushroom","Astrolabe","Oddly Smooth Stone","Calipers","Calling Bell","Centennial Puzzle","Cables","StoneCalendar","PreservedInsect","Smiling Mask","Anchor","Thread and Needle"],"potions_floor_usage":[50],"damage_taken":[{"damage":0.0,"enemies":"2 Louse","floor":1.0,"turns":2.0},{"damage":6.0,"enemies":"Jaw Worm","floor":2.0,"turns":3.0},{"damage":16.0,"enemies":"3 Sentries","floor":6.0,"turns":6.0},{"damage":0.0,"enemies":"Cultist","floor":8.0,"turns":3.0},{"damage":0.0,"enemies":"Blue Slaver","floor":10.0,"turns":3.0},{"damage":2.0,"enemies":"Lagavulin","floor":11.0,"turns":6.0},{"damage":9.0,"enemies":"The Mushroom Lair","floor":12.0,"turns":4.0},{"damage":0.0,"enemies":"Looter","floor":14.0,"turns":2.0},{"damage":36.0,"enemies":"Slime Boss","floor":16.0,"turns":15.0},{"damage":0.0,"enemies":"3 Byrds","floor":18.0,"turns":2.0},{"damage":2.0,"enemies":"Shell Parasite","floor":20.0,"turns":6.0},{"damage":0.0,"enemies":"Chosen and Byrds","floor":21.0,"turns":5.0},{"damage":15.0,"enemies":"Centurion and Healer","floor":22.0,"turns":6.0},{"damage":59.0,"enemies":"Book of Stabbing","floor":23.0,"turns":6.0},{"damage":0.0,"enemies":"Snake Plant","floor":24.0,"turns":6.0},{"damage":1.0,"enemies":"Cultist and Chosen","floor":29.0,"turns":5.0},{"damage":18.0,"enemies":"Shelled Parasite and Fungi","floor":31.0,"turns":5.0},{"damage":30.0,"enemies":"Champ","floor":33.0,"turns":8.0},{"damage":3.0,"enemies":"Orb Walker","floor":35.0,"turns":4.0},{"damage":1.0,"enemies":"3 Shapes","floor":37.0,"turns":2.0},{"damage":20.0,"enemies":"Spire Growth","floor":39.0,"turns":4.0},{"damage":24.0,"enemies":"Nemesis","floor":40.0,"turns":7.0},{"damage":10.0,"enemies":"Sphere and 2 Shapes","floor":41.0,"turns":3.0},{"damage":0.0,"enemies":"Maw","floor":44.0,"turns":7.0},{"damage":1.0,"enemies":"2 Orb Walkers","floor":46.0,"turns":4.0},{"damage":10.0,"enemies":"Spire Growth","floor":47.0,"turns":4.0},{"damage":4.0,"enemies":"Writhing Mass","floor":48.0,"turns":6.0},{"damage":70,"enemies":"Awakened One","floor":50,"turns":6}],"seed_played":"-7803329978298997386","potions_obtained":[{"floor":1.0,"key":"SkillPotion"},{"floor":2.0,"key":"Fire Potion"},{"floor":8.0,"key":"AttackPotion"},{"floor":12.0,"key":"LiquidBronze"},{"floor":14.0,"key":"Block Potion"},{"floor":20.0,"key":"Poison Potion"},{"floor":21.0,"key":"Ancient Potion"},{"floor":29.0,"key":"Energy Potion"},{"floor":31.0,"key":"LiquidBronze"},{"floor":33.0,"key":"SkillPotion"},{"floor":39.0,"key":"GamblersBrew"},{"floor":41.0,"key":"FearPotion"},{"floor":44.0,"key":"Block Potion"}],"is_trial":false,"path_per_floor":["M","M","?","?","?","E","R","M","T","M","E","?","?","M","R","B",null,"M","?","M","M","M","E","M","?","T","$","R","M","?","M","R","B",null,"M","$","M","?","M","E","M","?","T","M","$","?","M","M","R","B"],"character_chosen":"DEFECT","items_purchased":["Calipers","Gash","Storm","Anchor","Flash of Steel","Swift Potion"],"campfire_rested":0,"item_purchase_floors":[27,27,27,45,45,45],"current_hp_per_floor":[75,69,69,54,54,38,38,38,38,38,36,27,45,45,45,9,75,75,75,75,75,70,21,21,75,75,75,75,75,75,75,75,55,75,75,75,74,74,64,50,50,50,50,60,60,59,59,65,65,0],"gold":290,"neow_bonus":"RANDOM_COLORLESS_2","is_prod":false,"is_daily":false,"chose_seed":false,"campfire_upgraded":4,"win_rate":0,"timestamp":1564959201,"path_taken":["M","M","?","?","?","E","R","M","T","?","E","?","?","M","R","BOSS","M","?","M","M","M","E","?","?","T","?","R","?","?","M","R","BOSS","M","$","M","?","M","E","M","?","T","?","$","?","M","M","R","BOSS"],"build_version":"2019-07-17","purchased_purges":2,"victory":false,"max_hp_per_floor":[75,75,75,75,75,75,75,75,75,75,75,75,75,75,75,75,75,75,75,75,75,75,75,75,75,75,75,75,75,75,75,75,75,75,75,75,75,75,75,75,75,75,75,75,75,75,75,75,75,75],"card_choices":[{"not_picked":["Barrage","Loop"],"picked":"Gash","floor":1.0},{"not_picked":["Barrage","Reprogram"],"picked":"Conserve Battery","floor":2.0},{"not_picked":["Aggregate","Doom and Gloom"],"picked":"Glacier","floor":6.0},{"not_picked":["Coolheaded","Skim"],"picked":"BootSequence","floor":8.0},{"not_picked":["Chill","Go for the Eyes"],"picked":"Reprogram","floor":10.0},{"not_picked":["Conserve Battery","BootSequence"],"picked":"Rebound","floor":11.0},{"not_picked":["Go for the Eyes","BootSequence"],"picked":"White Noise","floor":12.0},{"not_picked":["Ball Lightning","Fusion"],"picked":"Biased Cognition","floor":14.0},{"not_picked":["Reboot","Thunder Strike"],"picked":"Core Surge","floor":16.0},{"not_picked":["Ball Lightning","Cold Snap"],"picked":"Gash","floor":18.0},{"not_picked":["Heatsinks","Steam"],"picked":"Sweeping Beam+1","floor":20.0},{"not_picked":["Turbo","Barrage"],"picked":"Sweeping Beam+1","floor":21.0},{"not_picked":["Force Field","Scrape"],"picked":"Gash+1","floor":22.0},{"not_picked":["Rip and Tear+1","Sweeping Beam+1","Storm+1"],"picked":"SKIP","floor":23.0},{"not_picked":["Redo","Barrage","Turbo"],"picked":"SKIP","floor":24.0},{"not_picked":["Cold Snap+1","Blizzard+1","Barrage+1"],"picked":"SKIP","floor":29.0},{"not_picked":["Leap","Blizzard"],"picked":"Defragment","floor":31.0},{"not_picked":["Buffer","Multi-Cast"],"picked":"Core Surge","floor":33.0},{"not_picked":["Cold Snap+1","Barrage","Compile Driver+1"],"picked":"SKIP","floor":35.0},{"not_picked":["Doom and Gloom","Gash"],"picked":"All For One","floor":37.0},{"not_picked":["Beam Cell+1","Lockon+1","Go for the Eyes"],"picked":"SKIP","floor":39.0},{"not_picked":["Steam Power+1","Compile Driver"],"picked":"Scrape+1","floor":40.0},{"not_picked":["Redo","Ball Lightning+1"],"picked":"Go for the Eyes","floor":41.0},{"not_picked":["Conserve Battery","Consume"],"picked":"Gash","floor":44.0},{"not_picked":["Redo","Turbo","Steam+1"],"picked":"SKIP","floor":47.0},{"not_picked":["Rebound+1","Chaos+1","Coolheaded"],"picked":"SKIP","floor":48.0}],"player_experience":465666,"relics_obtained":[{"floor":6.0,"key":"Boot"},{"floor":9.0,"key":"Whetstone"},{"floor":11.0,"key":"Dream Catcher"},{"floor":12.0,"key":"Odd Mushroom"},{"floor":23.0,"key":"Oddly Smooth Stone"},{"floor":34.0,"key":"Centennial Puzzle"},{"floor":34.0,"key":"Cables"},{"floor":34.0,"key":"StoneCalendar"},{"floor":40.0,"key":"PreservedInsect"},{"floor":43.0,"key":"Smiling Mask"},{"floor":46.0,"key":"Thread and Needle"}],"event_choices":[{"damage_healed":0.0,"max_hp_gain":0.0,"max_hp_loss":0.0,"gold_gain":0.0,"event_name":"Golden Idol","player_choice":"Take Wound","floor":3.0,"gold_loss":0.0,"damage_taken":0.0,"relics_obtained":["Golden Idol"],"cards_obtained":["Injury"]},{"damage_healed":0.0,"max_hp_gain":0.0,"max_hp_loss":0.0,"gold_gain":0.0,"event_name":"Shining Light","player_choice":"Entered Light","floor":4.0,"gold_loss":0.0,"damage_taken":15.0,"cards_upgraded":["Strike_B","Dark Shackles"]},{"cards_removed":["Injury"],"damage_healed":0.0,"max_hp_gain":0.0,"max_hp_loss":0.0,"gold_gain":0.0,"event_name":"Fountain of Cleansing","player_choice":"Removed Curses","floor":5.0,"gold_loss":0.0,"damage_taken":0.0},{"damage_healed":0.0,"max_hp_gain":0.0,"max_hp_loss":0.0,"gold_gain":0.0,"event_name":"Mushrooms","player_choice":"Fought Mushrooms","floor":12.0,"gold_loss":0.0,"damage_taken":0.0},{"damage_healed":18.0,"max_hp_gain":0.0,"max_hp_loss":0.0,"gold_gain":0.0,"event_name":"The Cleric","player_choice":"Healed","floor":13.0,"gold_loss":35.0,"damage_taken":0.0},{"cards_removed":["Strike_B"],"damage_healed":0.0,"max_hp_gain":0.0,"max_hp_loss":0.0,"gold_gain":0.0,"event_name":"Designer","player_choice":"Upgrade and Remove","floor":19.0,"gold_loss":90.0,"damage_taken":0.0,"cards_upgraded":["Core Surge"]},{"cards_removed":["Dramatic Entrance"],"damage_healed":54.0,"max_hp_gain":0.0,"max_hp_loss":0.0,"gold_gain":0.0,"event_name":"Bonfire Elementals","player_choice":"Offered Uncommon","floor":25.0,"gold_loss":0.0,"damage_taken":0.0},{"cards_removed":["Conserve Battery"],"damage_healed":0.0,"max_hp_gain":0.0,"max_hp_loss":0.0,"gold_gain":0.0,"event_name":"NoteForYourself","player_choice":"Took Card","floor":30.0,"gold_loss":0.0,"damage_taken":0.0,"cards_obtained":["Defend_G"]},{"damage_healed":0.0,"max_hp_gain":0.0,"max_hp_loss":0.0,"gold_gain":333.0,"event_name":"The Moai Head","player_choice":"Gave Idol","floor":38.0,"relics_lost":["Golden Idol"],"gold_loss":0.0,"damage_taken":0.0},{"damage_healed":0.0,"max_hp_gain":0.0,"max_hp_loss":0.0,"gold_gain":0.0,"event_name":"Upgrade Shrine","player_choice":"Upgraded","floor":42.0,"gold_loss":0.0,"damage_taken":0.0,"cards_upgraded":["Reprogram"]},{"damage_healed":0.0,"max_hp_gain":0.0,"max_hp_loss":0.0,"gold_gain":0.0,"event_name":"Mysterious Sphere","player_choice":"Fight","floor":46.0,"gold_loss":0.0,"damage_taken":0.0}],"is_beta":false,"boss_relics":[{"not_picked":["Empty Cage","Black Star"],"picked":"Astrolabe"},{"not_picked":["White Beast Statue","Snecko Eye"],"picked":"Calling Bell"}],"items_purged_floors":[36,45],"is_endless":false,"potions_floor_spawned":[1,2,8,12,14,20,21,29,31,33,37,39,41,44],"killed_by":"Awakened One","ascension_level":0}