{"path_per_floor":["M","M","M","M","M","R","M","M","T","M","M","R","?","M","R","B",null,"M","M","M","M","M","E","R","M","T","R","E","$","R","M","R","B",null,"M","M","M","M","$","R","$","E","T","R","M","?","M","?","R","B"],"character_chosen":"THE_SILENT","items_purchased":["Sucker Punch","Backflip","Noxious Fumes","Panache","Well Laid Plans","Bag of Preparation","Dodge and Roll"],"gold_per_floor":[114,129,144,159,174,174,189,204,204,219,234,234,234,249,249,349,379,394,409,424,439,454,484,484,499,499,499,529,83,83,98,98,198,198,213,228,243,258,6,6,6,36,36,36,51,51,66,0,0,0],"floor_reached":51,"campfire_rested":1,"playtime":2763,"current_hp_per_floor":[69,69,67,60,58,58,58,50,50,40,37,37,37,37,37,22,75,64,65,59,36,32,31,70,60,60,60,60,60,60,60,60,24,70,70,70,70,70,70,70,70,70,70,70,70,61,63,63,63,59],"items_purged":["Corruption"],"gold":0,"score":847,"play_id":"2982740b-d322-41ad-8374-9b8148487f10","local_time":"20180319184348","daily_mods":["Diverse","Night Terrors","Vintage"],"is_prod":false,"is_daily":true,"is_ascension_mode":false,"campfire_upgraded":6,"timestamp":1521499428,"path_taken":["M","M","M","M","M","R","M","M","T","M","?","R","?","M","R","BOSS","M","M","M","M","M","E","R","M","T","R","E","$","R","M","R","BOSS","M","M","M","M","$","R","$","E","T","R","M","?","M","?","R","BOSS"],"build_version":"2018-03-15v3","purchased_purges":2,"victory":true,"master_deck":["Defend_G+1","Defend_G+1","Defend_G+1","Defend_G+1","Defend_G+1","Strike_G","Strike_G+1","Strike_G","Strike_G+1","Strike_G","Survivor+1","Neutralize+1","Uppercut+1","Die Die Die+1","Caltrops+1","Die Die Die+1","Escape Plan+1","Backflip+1","Backflip+1","Sucker Punch+1","Backflip+1","Noxious Fumes+1","Panache+1","Tools of the Trade+1","Predator+1","Cloak And Dagger+1","Flying Knee+1","Blade Dance+1","Prepared+1","Well Laid Plans+1","Dodge and Roll+1","Backflip+1","Caltrops+1","Madness+1","Madness+1"],"max_hp_per_floor":[70,70,70,70,70,70,70,70,70,70,70,70,70,70,70,70,75,75,75,75,75,75,75,70,70,70,70,70,70,70,70,70,70,70,70,70,70,70,70,70,70,70,70,70,70,70,70,70,70,70],"relics":["Ring of the Snake","Du-Vu Doll","Bottled Flame","Art of War","Girya","Ancient Tea Set","Molten Egg 2","Singing Bowl","Gambling Chip","Kunai","Letter Opener","Bronze Scales","Mummified Hand","Tiny House","Whetstone","Dream Catcher","Anchor","Prayer Wheel","Centennial Puzzle","Toxic Egg 2","Frozen Egg 2","Tingsha","Shuriken","Omamori","Orichalcum","Orrery","Smiling Mask","Pantograph","Blood Vial","Pen Nib","Bag of Preparation","Frozen Eye","Torii","War Paint","Oddly Smooth Stone","Red Mask"],"card_choices":[{"not_picked":["Corpse Explosion","Tactician"],"picked":"Die Die Die"},{"not_picked":["Concentrate","Finisher"],"picked":"Caltrops"},{"not_picked":["Outmaneuver","All Out Attack"],"picked":"Die Die Die"},{"not_picked":["Outmaneuver","Catalyst"],"picked":"Escape Plan"},{"not_picked":["Masterful Stab","Calculated Gamble"],"picked":"Backflip"},{"not_picked":["Flying Knee","Outmaneuver"],"picked":"Backflip"},{"not_picked":["Bullet Time","Venomology"],"picked":"Tools of the Trade"},{"not_picked":["All Out Attack","Footwork"],"picked":"Predator"},{"not_picked":["Deflect","Caltrops"],"picked":"Cloak And Dagger"},{"not_picked":["Underhanded Strike","Skewer"],"picked":"Flying Knee"},{"not_picked":["Deflect","Dagger Spray"],"picked":"Blade Dance"},{"not_picked":["Slice","Flying Knee"],"picked":"Prepared"},{"not_picked":["Predator","Crippling Poison"],"picked":"Backflip"},{"not_picked":["Dodge and Roll","Acrobatics"],"picked":"Caltrops"}],"player_experience":484512,"potions_floor_usage":[16,16,19,20,22,23,23,50],"damage_taken":[{"damage":1,"enemies":"Cultist","floor":1,"turns":4},{"damage":0,"enemies":"Small Slimes","floor":2,"turns":4},{"damage":2,"enemies":"Jaw Worm","floor":3,"turns":4},{"damage":7,"enemies":"Looter","floor":4,"turns":4},{"damage":2,"enemies":"3 Louse","floor":5,"turns":4},{"damage":0,"enemies":"2 Fungi Beasts","floor":7,"turns":3},{"damage":8,"enemies":"Exordium Thugs","floor":8,"turns":5},{"damage":10,"enemies":"Exordium Wildlife","floor":10,"turns":5},{"damage":3,"enemies":"Lots of Slimes","floor":11,"turns":6},{"damage":0,"enemies":"Large Slime","floor":14,"turns":5},{"damage":15,"enemies":"Slime Boss","floor":16,"turns":10},{"damage":11,"enemies":"Spheric Guardian","floor":18,"turns":4},{"damage":8,"enemies":"Shell Parasite","floor":19,"turns":4},{"damage":6,"enemies":"Centurion and Healer","floor":20,"turns":7},{"damage":23,"enemies":"Sentry and Sphere","floor":21,"turns":6},{"damage":4,"enemies":"Snecko","floor":22,"turns":5},{"damage":1,"enemies":"Slavers","floor":23,"turns":5},{"damage":10,"enemies":"Snake Plant","floor":25,"turns":3},{"damage":0,"enemies":"Book of Stabbing","floor":28,"turns":4},{"damage":0,"enemies":"Centurion and Healer","floor":31,"turns":1},{"damage":36,"enemies":"Champ","floor":33,"turns":13},{"damage":0,"enemies":"Orb Walker","floor":35,"turns":2},{"damage":0,"enemies":"3 Darklings","floor":36,"turns":2},{"damage":0,"enemies":"4 Shapes","floor":37,"turns":1},{"damage":0,"enemies":"Sphere and 2 Shapes","floor":38,"turns":3},{"damage":0,"enemies":"2 Orb Walkers","floor":42,"turns":2},{"damage":0,"enemies":"3 Darklings","floor":45,"turns":1},{"damage":0,"enemies":"4 Shapes","floor":47,"turns":1},{"damage":11,"enemies":"Time Eater","floor":50,"turns":7}],"event_choices":[{"event_name":"Upgrade Shrine","player_choice":"Upgraded","floor":13,"damage_taken":0},{"event_name":"Winding Halls","player_choice":"Embrace Madness","floor":46,"damage_taken":0},{"event_name":"Tomb of Lord Red Mask","player_choice":"Paid","floor":48,"damage_taken":0}],"boss_relics":[{"not_picked":["Cursed Key","Snecko Eye"],"picked":"Tiny House"},{"not_picked":["Astrolabe","Eternal Feather"],"picked":"Orrery"}],"potions_floor_spawned":[8,11,14,16,19,20,28,31,33,37,45],"seed_played":"4569236457908174948","ascension_level":0,"is_trial":false}