{"gold_per_floor":[115,65,78,3,13,13,48,59,59,59,59,79,79,109,109,109],"floor_reached":16,"playtime":1191,"items_purged":["Strike_G"],"score":165,"play_id":"b7bc9f28-6748-4e81-b3ae-9f624e27084a","local_time":"20190813204238","is_ascension_mode":true,"campfire_choices":[{"data":"Noxious Fumes","floor":6,"key":"SMITH"},{"data":"Setup","floor":13,"key":"SMITH"},{"data":"Catalyst","floor":15,"key":"SMITH"}],"neow_cost":"NONE","seed_source_timestamp":265226562017700,"circlet_count":0,"master_deck":["AscendersBane","Strike_G","Strike_G","Strike_G","Defend_G","Defend_G","Defend_G","Defend_G","Defend_G","Survivor","Neutralize","Noxious Fumes+1","Setup+1","Concentrate","Catalyst+1","Bane","Outmaneuver"],"relics":["Ring of the Snake","Shuriken","The Courier"],"potions_floor_usage":[1,3,7,10,12,12,16,16],"damage_taken":[{"damage":2,"enemies":"Small Slimes","floor":1,"turns":4},{"damage":0,"enemies":"Jaw Worm","floor":3,"turns":3},{"damage":0,"enemies":"2 Louse","floor":5,"turns":4},{"damage":23,"enemies":"Lagavulin","floor":7,"turns":10},{"damage":8,"enemies":"Exordium Wildlife","floor":8,"turns":6},{"damage":0,"enemies":"3 Sentries","floor":10,"turns":2},{"damage":13,"enemies":"Lots of Slimes","floor":12,"turns":4},{"damage":41,"enemies":"The Guardian","floor":16,"turns":9}],"seed_played":"-4924024016422132843","potions_obtained":[{"floor":0,"key":"Fire Potion"},{"floor":0,"key":"SmokeBomb"},{"floor":0,"key":"EntropicBrew"},{"floor":1,"key":"Fire Potion"},{"floor":5,"key":"SteroidPotion"},{"floor":8,"key":"SteroidPotion"}],"is_trial":false,"path_per_floor":["M","?","M","$","M","R","E","M","T","E","?","M","R","?","R","B"],"character_chosen":"THE_SILENT","items_purchased":[],"campfire_rested":0,"item_purchase_floors":[],"current_hp_per_floor":[61,61,61,61,61,61,38,30,30,30,53,40,40,40,40,0],"gold":109,"neow_bonus":"THREE_SMALL_POTIONS","is_prod":false,"is_daily":false,"chose_seed":false,"campfire_upgraded":3,"win_rate":0,"timestamp":1565754158,"path_taken":["M","?","M","$","M","R","E","M","T","E","?","M","R","?","R","BOSS"],"build_version":"2019-07-17","purchased_purges":1,"victory":false,"max_hp_per_floor":[70,70,70,70,70,70,70,70,70,70,70,70,70,70,70,70],"card_choices":[{"not_picked":["Outmaneuver","Backstab"],"picked":"Noxious Fumes","floor":1},{"not_picked":["Predator","Masterful Stab"],"picked":"Setup","floor":3},{"not_picked":["Masterful Stab","Cloak And Dagger"],"picked":"Concentrate","floor":5},{"not_picked":["Deadly Poison","Bane"],"picked":"Catalyst","floor":7},{"not_picked":["Bouncing Flask","Calculated Gamble"],"picked":"Bane","floor":8},{"not_picked":["Concentrate","Dagger Spray"],"picked":"Outmaneuver","floor":12}],"player_experience":346057,"relics_obtained":[{"floor":7,"key":"Shuriken"},{"floor":9,"key":"The Courier"}],"event_choices":[{"cards_removed":["Strike_G"],"damage_healed":0,"gold_gain":0,"player_choice":"Card Removal","damage_taken":0,"max_hp_gain":0,"max_hp_loss":0,"event_name":"The Cleric","floor":2,"gold_loss":50},{"damage_healed":23,"gold_gain":0,"player_choice":"Banana","damage_taken":0,"max_hp_gain":0,"max_hp_loss":0,"event_name":"Big Fish","floor":11,"gold_loss":0},{"damage_healed":0,"gold_gain":30,"player_choice":"Searched \u00272\u0027 times","damage_taken":0,"max_hp_gain":0,"max_hp_loss":0,"event_name":"Dead Adventurer","floor":14,"gold_loss":0}],"is_beta":false,"boss_relics":[],"items_purged_floors":[4],"is_endless":false,"potions_floor_spawned":[1,5,8,10],"killed_by":"The Guardian","ascension_level":10}