{"gold_per_floor":[114,125,14,26,46,77,77,108,108,108,125,125,137,37,37,134,134,146,161,176,206,81,81,94,121,121,133,149,149,149,167,167,262,262,279,294,294,294,294,294,314,326,326,26,43,55,55,67,67,67],"floor_reached":51,"playtime":4931,"items_purged":["Strike_G","Strike_G","Strike_G","Bandage Up+1"],"score":635,"play_id":"bd2e6487-1df6-4910-8ee1-ad989d0168aa","local_time":"20181228162200","is_ascension_mode":false,"campfire_choices":[{"floor":7.0,"key":"REST"},{"data":"Neutralize","floor":12.0,"key":"SMITH"},{"data":"Well Laid Plans","floor":15.0,"key":"SMITH"},{"data":"Tools of the Trade","floor":23.0,"key":"SMITH"},{"data":"Calculated Gamble","floor":30.0,"key":"SMITH"},{"data":"Infinite Blades","floor":32.0,"key":"SMITH"},{"floor":40,"key":"RECALL"},{"floor":49,"key":"REST"}],"neow_cost":"NONE","seed_source_timestamp":0,"circlet_count":0,"master_deck":["Defend_G+1","Defend_G+1","Defend_G+1","Defend_G+1","Defend_G+1","Strike_G+1","Survivor+1","Neutralize+1","Phantasmal Killer+1","Heel Hook+1","Dagger Spray+1","Infinite Blades+1","Cloak And Dagger+1","Well Laid Plans+1","Blade Dance+1","Tools of the Trade+1","Heel Hook+1","Cloak And Dagger+1","Calculated Gamble+1","Cloak And Dagger+1","Accuracy+1","Infinite Blades+1"],"special_seed":0,"relics":["Ring of the Snake","Orichalcum","Meat on the Bone","Mercury Hourglass","WristBlade","Red Mask","Oddly Smooth Stone","Gremlin Horn","Fusion Hammer","Mark of the Bloom","Kunai","Centennial Puzzle"],"potions_floor_usage":[50],"damage_taken":[{"damage":2.0,"enemies":"Jaw Worm","floor":1.0,"turns":6.0},{"damage":1.0,"enemies":"Cultist","floor":2.0,"turns":5.0},{"damage":1.0,"enemies":"2 Louse","floor":4.0,"turns":3.0},{"damage":1.0,"enemies":"Exordium Wildlife","floor":5.0,"turns":3.0},{"damage":44.0,"enemies":"Gremlin Nob","floor":6.0,"turns":5.0},{"damage":16.0,"enemies":"Lagavulin","floor":8.0,"turns":8.0},{"damage":5.0,"enemies":"Large Slime","floor":11.0,"turns":4.0},{"damage":7.0,"enemies":"Blue Slaver","floor":13.0,"turns":3.0},{"damage":14.0,"enemies":"Hexaghost","floor":16.0,"turns":9.0},{"damage":6.0,"enemies":"2 Thieves","floor":18.0,"turns":4.0},{"damage":7.0,"enemies":"Shell Parasite","floor":19.0,"turns":5.0},{"damage":8.0,"enemies":"Chosen and Byrds","floor":20.0,"turns":5.0},{"damage":2.0,"enemies":"Masked Bandits","floor":21.0,"turns":2.0},{"damage":0.0,"enemies":"Cultist and Chosen","floor":24.0,"turns":5.0},{"damage":19.0,"enemies":"Slavers","floor":25.0,"turns":4.0},{"damage":1.0,"enemies":"Snake Plant","floor":27.0,"turns":5.0},{"damage":0.0,"enemies":"Snecko","floor":28.0,"turns":4.0},{"damage":0.0,"enemies":"3 Cultists","floor":31.0,"turns":3.0},{"damage":37.0,"enemies":"Automaton","floor":33.0,"turns":8.0},{"damage":29,"enemies":"3 Darklings","floor":35,"turns":4},{"damage":5,"enemies":"Orb Walker","floor":36,"turns":3},{"damage":16,"enemies":"Spire Growth","floor":41,"turns":4},{"damage":0,"enemies":"3 Darklings","floor":42,"turns":4},{"damage":0,"enemies":"Sphere and 2 Shapes","floor":45,"turns":4},{"damage":0,"enemies":"Transient","floor":46,"turns":5},{"damage":0,"enemies":"Spire Growth","floor":48,"turns":4},{"damage":4,"enemies":"Time Eater","floor":50,"turns":8}],"seed_played":"5429993140566049136","potions_obtained":[{"floor":6.0,"key":"SpeedPotion"},{"floor":11.0,"key":"Fruit Juice"},{"floor":13.0,"key":"AttackPotion"},{"floor":16.0,"key":"GhostInAJar"},{"floor":19.0,"key":"Explosive Potion"},{"floor":21.0,"key":"FairyPotion"},{"floor":27.0,"key":"FearPotion"},{"floor":31.0,"key":"LiquidBronze"},{"floor":42,"key":"GhostInAJar"},{"floor":45,"key":"EssenceOfSteel"}],"is_trial":false,"path_per_floor":["M","M","$","M","M","E","R","E","T","?","M","R","M","$","R","B",null,"M","M","M","?","$","R","M","E","T","M","M","$","R","M","R","B",null,"M","M","?","?","?","R","M","M","T","$","M","M","?","M","R","B",null],"character_chosen":"THE_SILENT","items_purchased":["Infinite Blades","Centennial Puzzle"],"campfire_rested":2,"item_purchase_floors":[3,44],"current_hp_per_floor":[68,67,67,66,65,21,42,26,26,26,33,33,43,43,43,41,75,69,62,54,52,52,52,52,45,45,44,44,44,44,44,44,19,75,46,41,41,41,41,41,25,25,25,25,25,25,25,25,25,21],"gold":67,"neow_bonus":"TRANSFORM_CARD","is_prod":false,"is_daily":false,"chose_seed":false,"campfire_upgraded":5,"win_rate":0,"timestamp":1546032120,"path_taken":["M","M","$","M","M","E","R","E","T","?","M","R","M","$","R","BOSS","M","?","M","?","$","R","M","E","T","M","M","$","R","M","R","BOSS","M","M","?","?","?","R","M","M","T","$","M","M","?","?","R","BOSS"],"build_version":"2018-12-20","purchased_purges":4,"victory":true,"max_hp_per_floor":[70,70,70,70,70,70,70,70,70,70,70,70,75,75,75,75,75,75,75,75,75,75,75,75,75,75,75,75,75,75,75,75,75,75,75,75,75,75,75,75,75,75,75,75,75,75,71,71,71,71],"card_choices":[{"not_picked":["Quick Slash","PiercingWail"],"picked":"Heel Hook","floor":1.0},{"not_picked":["Quick Slash","Flying Knee"],"picked":"Dagger Spray","floor":2.0},{"not_picked":["Prepared","Noxious Fumes"],"picked":"Cloak And Dagger","floor":4.0},{"not_picked":["Poisoned Stab","Flying Knee","Prepared"],"picked":"SKIP","floor":5.0},{"not_picked":["A Thousand Cuts","Masterful Stab"],"picked":"Well Laid Plans","floor":6.0},{"not_picked":["Blur","Cloak And Dagger"],"picked":"Blade Dance","floor":8.0},{"not_picked":["Blade Dance","Noxious Fumes","Dagger Spray"],"picked":"SKIP","floor":11.0},{"not_picked":["Sucker Punch","Poisoned Stab","Quick Slash"],"picked":"SKIP","floor":13.0},{"not_picked":["Venomology","Envenom"],"picked":"Tools of the Trade","floor":16.0},{"not_picked":["Skewer","Concentrate+1","Flying Knee"],"picked":"SKIP","floor":18.0},{"not_picked":["Flying Knee","Catalyst"],"picked":"Heel Hook","floor":19.0},{"not_picked":["Predator","Backflip","Dodge and Roll"],"picked":"SKIP","floor":20.0},{"not_picked":["Quick Slash+1","Bouncing Flask+1"],"picked":"Cloak And Dagger+1","floor":24.0},{"not_picked":["Slice","Storm of Steel"],"picked":"Calculated Gamble","floor":25.0},{"not_picked":["Slice+1","Sucker Punch","PiercingWail"],"picked":"SKIP","floor":27.0},{"not_picked":["Backflip","Quick Slash+1","Deadly Poison"],"picked":"SKIP","floor":28.0},{"not_picked":["Blade Dance","Acrobatics","Deadly Poison+1"],"picked":"SKIP","floor":31.0},{"not_picked":["Blade Dance+1","Eviscerate"],"picked":"Cloak And Dagger+1","floor":35},{"not_picked":["Deadly Poison+1","Flying Knee+1","Cloak And Dagger"],"picked":"SKIP","floor":36},{"not_picked":["Finesse","Blind"],"picked":"Bandage Up","floor":38},{"not_picked":["Setup+1","Poisoned Stab+1","Deadly Poison+1"],"picked":"SKIP","floor":41},{"not_picked":["PiercingWail+1","Dash","Dagger Throw+1"],"picked":"SKIP","floor":42},{"not_picked":["Predator","Calculated Gamble"],"picked":"Accuracy+1","floor":45},{"not_picked":["Prepared+1","Dagger Throw","Endless Agony+1"],"picked":"SKIP","floor":46},{"not_picked":["Flying Knee+1","Cloak And Dagger"],"picked":"Infinite Blades+1","floor":48}],"player_experience":630482,"relics_obtained":[{"floor":6.0,"key":"Orichalcum"},{"floor":8.0,"key":"Meat on the Bone"},{"floor":9.0,"key":"Mercury Hourglass"},{"floor":21.0,"key":"Red Mask"},{"floor":25.0,"key":"Oddly Smooth Stone"},{"floor":26.0,"key":"Gremlin Horn"},{"floor":43,"key":"Kunai"}],"event_choices":[{"damage_healed":0.0,"max_hp_gain":0.0,"max_hp_loss":0.0,"gold_gain":0.0,"event_name":"Upgrade Shrine","player_choice":"Upgraded","floor":10.0,"gold_loss":0.0,"damage_taken":0.0,"cards_upgraded":["Phantasmal Killer"]},{"damage_healed":0.0,"max_hp_gain":0.0,"max_hp_loss":0.0,"gold_gain":0.0,"event_name":"Masked Bandits","player_choice":"Fought Bandits","floor":21.0,"gold_loss":0.0,"damage_taken":0.0},{"damage_healed":0,"gold_gain":0,"player_choice":"Ignored","damage_taken":0,"max_hp_gain":0,"max_hp_loss":0,"event_name":"Mysterious Sphere","floor":37,"gold_loss":0},{"damage_healed":0,"gold_gain":0,"player_choice":"Memory 1","damage_taken":0,"max_hp_gain":0,"max_hp_loss":0,"event_name":"SensoryStone","floor":38,"gold_loss":0},{"damage_healed":0,"gold_gain":0,"player_choice":"Upgrade","damage_taken":0,"relics_obtained":["Mark of the Bloom"],"max_hp_gain":0,"max_hp_loss":0,"event_name":"MindBloom","floor":39,"gold_loss":0,"cards_upgraded":["Defend_G","Defend_G","Defend_G","Defend_G","Defend_G","Strike_G","Survivor","Heel Hook","Dagger Spray","Cloak And Dagger","Blade Dance","Heel Hook","Bandage Up"]},{"damage_healed":0,"gold_gain":0,"player_choice":"Max HP","damage_taken":0,"max_hp_gain":0,"max_hp_loss":4,"event_name":"Winding Halls","floor":47,"gold_loss":0}],"is_beta":false,"boss_relics":[{"not_picked":["Ring of the Serpent","Astrolabe"],"picked":"WristBlade"},{"not_picked":["Lizard Tail","Tiny House"],"picked":"Fusion Hammer"}],"items_purged_floors":[3,14,22,44],"is_endless":false,"potions_floor_spawned":[6,11,13,16,19,21,27,31,42,45],"ascension_level":0}