{"gold_per_floor":[119,44,55,5,25,25,53,53,53,84,104,104,118,147,147,247,247,261,275,291,291,324,354,371,451,451,451,304,314,314,38,38,139,189,204,222,222,239,255,285,285,74,74,87,87,309,327,380,380,380],"floor_reached":50,"playtime":4532,"items_purged":["Strike_B","Strike_B","Defend_B"],"score":612,"play_id":"c2c232c1-6974-4310-a8b4-16f78a1596fb","local_time":"20190705182034","is_ascension_mode":false,"campfire_choices":[{"data":"Zap","floor":6,"key":"SMITH"},{"data":"Fusion","floor":12,"key":"SMITH"},{"data":"Scrape","floor":15,"key":"SMITH"},{"data":"Redo","floor":27,"key":"SMITH"},{"floor":32,"key":"REST"},{"data":"Dualcast","floor":41,"key":"SMITH"},{"data":"Reboot","floor":49,"key":"SMITH"}],"neow_cost":"NONE","seed_source_timestamp":2147993992180,"circlet_count":0,"master_deck":["Strike_B+1","Strike_B+1","Defend_B+1","Defend_B","Zap+1","Dualcast+1","Steam","Darkness","Go for the Eyes","Reboot+1","Heatsinks","Scrape+1","Fusion+1","Self Repair+1","Gash","Buffer+1","Stack","Compile Driver","Steam","Biased Cognition+1","Redo+1","Redo+1","Blind","Defragment+1","Electrodynamics+1","Chaos+1","Steam","Rebound+1","Go for the Eyes+1","Auto Shields","Steam+1","Gash","Flash of Steel","Conserve Battery+1","Madness","Madness","Beam Cell+1"],"relics":["Cracked Core","Whetstone","Mercury Hourglass","Frozen Egg 2","The Courier","Meat on the Bone","Inserter","Red Mask","Shovel","Calipers","Nilry\u0027s Codex","DataDisk","Boot","Tiny House","Gremlin Horn","StoneCalendar","Turnip"],"potions_floor_usage":[10,10,14,16,16,22,22,23,33,36,39,44,50,50],"damage_taken":[{"damage":0,"enemies":"Cultist","floor":1,"turns":3},{"damage":0,"enemies":"Small Slimes","floor":3,"turns":3},{"damage":0,"enemies":"2 Louse","floor":5,"turns":3},{"damage":13,"enemies":"Lagavulin","floor":7,"turns":7},{"damage":15,"enemies":"3 Sentries","floor":10,"turns":5},{"damage":4,"enemies":"Blue Slaver","floor":11,"turns":2},{"damage":2,"enemies":"3 Louse","floor":13,"turns":2},{"damage":2,"enemies":"Lagavulin","floor":14,"turns":6},{"damage":27,"enemies":"Slime Boss","floor":16,"turns":7},{"damage":8,"enemies":"Chosen","floor":18,"turns":6},{"damage":13,"enemies":"Shell Parasite","floor":19,"turns":7},{"damage":43,"enemies":"Cultist and Chosen","floor":20,"turns":8},{"damage":22,"enemies":"Masked Bandits","floor":22,"turns":4},{"damage":6,"enemies":"Book of Stabbing","floor":23,"turns":6},{"damage":0,"enemies":"Sentry and Sphere","floor":24,"turns":4},{"damage":23,"enemies":"Snake Plant","floor":29,"turns":4},{"damage":41,"enemies":"Collector","floor":33,"turns":8},{"damage":0,"enemies":"Orb Walker","floor":35,"turns":4},{"damage":7,"enemies":"3 Shapes","floor":36,"turns":5},{"damage":10,"enemies":"Spire Growth","floor":38,"turns":5},{"damage":0,"enemies":"Transient","floor":39,"turns":5},{"damage":12,"enemies":"Nemesis","floor":40,"turns":7},{"damage":13,"enemies":"3 Darklings","floor":44,"turns":5},{"damage":14,"enemies":"Writhing Mass","floor":47,"turns":5},{"damage":22,"enemies":"2 Orb Walkers","floor":48,"turns":6},{"damage":77,"enemies":"Awakened One","floor":50,"turns":8}],"seed_played":"143743572636067707","potions_obtained":[{"floor":1,"key":"LiquidBronze"},{"floor":7,"key":"SteroidPotion"},{"floor":8,"key":"Fruit Juice"},{"floor":8,"key":"EssenceOfSteel"},{"floor":10,"key":"Swift Potion"},{"floor":13,"key":"SpeedPotion"},{"floor":14,"key":"Block Potion"},{"floor":18,"key":"Dexterity Potion"},{"floor":22,"key":"Block Potion"},{"floor":29,"key":"Energy Potion"},{"floor":34,"key":"Block Potion"},{"floor":36,"key":"Weak Potion"},{"floor":40,"key":"SpeedPotion"},{"floor":44,"key":"PowerPotion"},{"floor":47,"key":"GamblersBrew"}],"is_trial":false,"path_per_floor":["M","$","M","$","M","R","E","?","T","E","M","R","M","E","R","B",null,"M","M","M","?","?","E","M","T","T","R","$","M","?","$","R","B",null,"M","M","?","M","M","E","R","$","T","M","?","?","M","?","R","B"],"character_chosen":"DEFECT","items_purchased":["Go for the Eyes","Blind","DataDisk","Boot","Weak Potion","Gash","Flash of Steel"],"campfire_rested":1,"item_purchase_floors":[4,28,31,31,31,42,42],"current_hp_per_floor":[75,75,75,75,75,75,62,62,62,52,48,48,46,54,54,49,80,72,69,48,33,23,39,51,51,51,51,51,50,34,34,59,30,90,90,90,90,80,80,78,78,78,78,75,64,64,50,50,50,0],"gold":380,"neow_bonus":"RANDOM_COMMON_RELIC","is_prod":false,"is_daily":false,"chose_seed":false,"campfire_upgraded":6,"win_rate":0,"timestamp":1562376034,"path_taken":["M","$","M","?","M","R","E","?","T","E","M","R","M","E","R","BOSS","M","M","?","?","?","E","M","?","T","R","?","M","?","$","R","BOSS","M","M","?","?","?","E","R","$","T","M","?","?","M","?","R","BOSS"],"build_version":"2019-07-05","purchased_purges":3,"victory":false,"max_hp_per_floor":[75,75,75,75,75,75,75,75,75,80,80,80,80,80,80,80,80,80,80,80,85,85,85,85,85,85,85,85,85,85,85,85,85,90,90,90,90,90,90,90,90,90,90,90,90,90,90,90,90,90],"card_choices":[{"not_picked":["Sunder","Stack"],"picked":"Steam","floor":1},{"not_picked":["Consume","Sunder"],"picked":"Darkness","floor":3},{"not_picked":["Coolheaded","Stack"],"picked":"Reboot","floor":5},{"not_picked":["Force Field","Turbo"],"picked":"Heatsinks","floor":7},{"not_picked":["Rip and Tear","White Noise"],"picked":"Scrape","floor":10},{"not_picked":["Reinforced Body","Blizzard"],"picked":"Fusion","floor":11},{"not_picked":["Compile Driver","Ball Lightning"],"picked":"Self Repair+1","floor":13},{"not_picked":["Steam","Rebound"],"picked":"Gash","floor":14},{"not_picked":["Machine Learning+1","Meteor Strike"],"picked":"Buffer+1","floor":16},{"not_picked":["Go for the Eyes","Sweeping Beam"],"picked":"Stack","floor":18},{"not_picked":["Leap","Auto Shields"],"picked":"Compile Driver","floor":19},{"not_picked":["Sweeping Beam","Reprogram"],"picked":"Steam","floor":20},{"not_picked":["Tempest+1","Heatsinks+1"],"picked":"Biased Cognition+1","floor":22},{"not_picked":["Stack","Hologram+1"],"picked":"Redo","floor":23},{"not_picked":["Rebound","Reprogram+1"],"picked":"Redo+1","floor":24},{"not_picked":["Steam","Ball Lightning"],"picked":"Defragment+1","floor":29},{"not_picked":["Rainbow","Reboot"],"picked":"Electrodynamics+1","floor":33},{"not_picked":["Ball Lightning","Hello World+1"],"picked":"Chaos+1","floor":34},{"not_picked":["Glacier","Streamline"],"picked":"Steam","floor":35},{"not_picked":["Leap","Ball Lightning+1"],"picked":"Rebound+1","floor":36},{"not_picked":["Leap+1","Fusion"],"picked":"Go for the Eyes+1","floor":38},{"not_picked":["Barrage","Recycle"],"picked":"Auto Shields","floor":39},{"not_picked":["Leap","Stack+1"],"picked":"Steam+1","floor":40},{"not_picked":["Hello World+1","Steam"],"picked":"Conserve Battery+1","floor":44},{"not_picked":["Undo","Barrage+1","Rip and Tear"],"picked":"SKIP","floor":47},{"not_picked":["Biased Cognition+1","Steam"],"picked":"Beam Cell+1","floor":48}],"player_experience":182988,"relics_obtained":[{"floor":7,"key":"Mercury Hourglass"},{"floor":9,"key":"Frozen Egg 2"},{"floor":10,"key":"The Courier"},{"floor":14,"key":"Meat on the Bone"},{"floor":22,"key":"Red Mask"},{"floor":23,"key":"Shovel"},{"floor":26,"key":"Calipers"},{"floor":30,"key":"Nilry\u0027s Codex"},{"floor":40,"key":"Gremlin Horn"},{"floor":43,"key":"StoneCalendar"},{"floor":48,"key":"Turnip"}],"event_choices":[{"damage_healed":0,"gold_gain":0,"player_choice":"Got Potions","damage_taken":0,"max_hp_gain":0,"max_hp_loss":0,"event_name":"Lab","floor":8,"gold_loss":0},{"damage_healed":0,"gold_gain":0,"player_choice":"Shed Blood","damage_taken":20,"max_hp_gain":5,"max_hp_loss":0,"event_name":"Forgotten Altar","floor":21,"gold_loss":0},{"damage_healed":0,"gold_gain":0,"player_choice":"Fought Bandits","damage_taken":0,"max_hp_gain":0,"max_hp_loss":0,"event_name":"Masked Bandits","floor":22,"gold_loss":0},{"damage_healed":0,"gold_gain":0,"player_choice":"Obtained Book","damage_taken":16,"max_hp_gain":0,"max_hp_loss":0,"event_name":"Cursed Tome","floor":30,"gold_loss":0},{"cards_removed":["Defend_B"],"damage_healed":0,"gold_gain":0,"player_choice":"Purged","damage_taken":0,"max_hp_gain":0,"max_hp_loss":0,"event_name":"Purifier","floor":37,"gold_loss":0},{"damage_healed":0,"gold_gain":0,"player_choice":"Embrace Madness","damage_taken":11,"max_hp_gain":0,"max_hp_loss":0,"event_name":"Winding Halls","floor":45,"gold_loss":0,"cards_obtained":["Madness","Madness"]},{"damage_healed":0,"gold_gain":222,"player_choice":"Wore Mask","damage_taken":0,"max_hp_gain":0,"max_hp_loss":0,"event_name":"Tomb of Lord Red Mask","floor":46,"gold_loss":0},{"damage_healed":0,"gold_gain":0,"player_choice":"Fight","damage_taken":0,"max_hp_gain":0,"max_hp_loss":0,"event_name":"Mysterious Sphere","floor":48,"gold_loss":0}],"is_beta":false,"boss_relics":[{"not_picked":["Philosopher\u0027s Stone","Runic Dome"],"picked":"Inserter"},{"not_picked":["Orrery","Lizard Tail"],"picked":"Tiny House"}],"items_purged_floors":[2,28,42],"is_endless":false,"potions_floor_spawned":[1,7,10,13,14,18,22,29,36,40,44,47],"killed_by":"Awakened One","ascension_level":0}