{"path_per_floor":["M","?","?","M","M","R","M","E","T","M","R","E","M","M","R","B",null,"M","?","?","M","M","R","$","E","T","M","$","?","E","?","R","B",null,"M","?","?","M","M","R","E","$","T","$","M","E","M","E","R","B"],"character_chosen":"IRONCLAD","items_purchased":["Offering"],"gold_per_floor":[14,14,14,24,42,42,52,79,105,125,125,150,165,177,177,281,281,299,299,299,314,331,331,111,140,140,151,51,51,85,85,85,189,189,207,207,259,278,297,297,328,203,203,53,68,96,110,143,143,143],"floor_reached":51,"campfire_rested":0,"playtime":4447,"current_hp_per_floor":[80,64,64,67,73,73,74,57,57,59,59,49,51,53,53,25,80,75,60,60,62,69,69,69,77,77,77,77,77,77,77,77,52,85,85,85,85,83,79,79,85,85,85,85,85,79,85,85,85,79],"items_purged":["Strike_R","Strike_R","Defend_R","Strike_R"],"gold":143,"play_id":"71410258-e9cb-4eb6-9fef-2e6bf176f429","is_prod":false,"is_daily":false,"campfire_rituals":0,"campfire_upgraded":6,"is_hardmode":false,"path_taken":["M","?","?","?","M","R","M","E","T","M","R","E","M","M","R","BOSS","M","?","?","?","M","R","$","E","T","?","$","?","E","?","R","BOSS","M","?","?","?","?","R","E","$","T","?","M","E","M","E","R","BOSS"],"build_version":"2018-01-18-PROD4","purchased_purges":6,"victory":true,"master_deck":["Defend_R","Defend_R","Bash","True Grit","Offering","Body Slam","Shrug It Off","Shrug It Off","Reaper","Metallicize","Body Slam","Body Slam","Burning Pact","Offering","Offering"],"max_hp_per_floor":[80,80,80,80,80,80,80,80,80,80,80,80,80,80,80,80,80,80,85,85,85,85,85,85,85,85,85,85,85,85,85,85,85,85,85,85,85,85,85,85,85,85,85,85,85,85,85,85,85,85],"relics":["Burning Blood","Bottled Lightning","Molten Egg","Darkstone Periapt","Lizard Tail","Blood Vial","Shovel","Oddly Smooth Stone","Vajra","White Beast Statue","Ginger","Juzu Bracelet","Gambling Chip","Mummified Hand","Bronze Scales"],"campfire_meditates":0,"card_choices":[{"not_picked":["Feel No Pain","Iron Wave"],"picked":"True Grit"},{"not_picked":["Headbutt","Feel No Pain"],"picked":"Offering"},{"not_picked":["Combust","Clothesline"],"picked":"Body Slam"},{"not_picked":["Demon Form","Anger"],"picked":"Shrug It Off"},{"not_picked":["Disarm","Headbutt"],"picked":"Shrug It Off"},{"not_picked":["Limit Break","Immolate"],"picked":"Reaper"},{"not_picked":["Shrug It Off","Iron Wave"],"picked":"Metallicize"},{"not_picked":["Heavy Blade","Pommel Strike"],"picked":"Body Slam"},{"not_picked":["Perfected Strike","Thunderclap"],"picked":"Burning Pact"},{"not_picked":["Feed","Demon Form"],"picked":"Offering"}],"player_experience":54167,"potions_floor_usage":[50],"damage_taken":[{"damage":0.0,"enemies":"Small Slimes","floor":1.0,"turns":3.0},{"damage":3.0,"enemies":"Jaw Worm","floor":4.0,"turns":3.0},{"damage":0.0,"enemies":"Cultist","floor":5.0,"turns":3.0},{"damage":5.0,"enemies":"3 Louse","floor":7.0,"turns":5.0},{"damage":23.0,"enemies":"Lagavulin","floor":8.0,"turns":6.0},{"damage":4.0,"enemies":"2 Fungi Beasts","floor":10.0,"turns":5.0},{"damage":16.0,"enemies":"3 Sentries","floor":12.0,"turns":8.0},{"damage":4.0,"enemies":"Red Slaver","floor":13.0,"turns":2.0},{"damage":4.0,"enemies":"Large Slime","floor":14.0,"turns":4.0},{"damage":34.0,"enemies":"Hexaghost","floor":16.0,"turns":10.0},{"damage":11.0,"enemies":"Spheric Guardian","floor":18.0,"turns":8.0},{"damage":4.0,"enemies":"Chosen","floor":21.0,"turns":3.0},{"damage":7.0,"enemies":"3 Cultists","floor":22.0,"turns":6.0},{"damage":8.0,"enemies":"Slavers","floor":25.0,"turns":4.0},{"damage":8.0,"enemies":"Snake Plant","floor":27.0,"turns":2.0},{"damage":8.0,"enemies":"Book of Stabbing","floor":30.0,"turns":3.0},{"damage":33.0,"enemies":"Collector","floor":33.0,"turns":4.0},{"damage":12.0,"enemies":"3 Darklings","floor":35.0,"turns":2.0},{"damage":12,"enemies":"Mysterious Sphere","floor":37,"turns":3},{"damage":8,"enemies":"Orb Walker","floor":38,"turns":1},{"damage":12,"enemies":"4 Shapes","floor":39,"turns":3},{"damage":12,"enemies":"2 Orb Walkers","floor":41,"turns":2},{"damage":12,"enemies":"3 Darklings","floor":45,"turns":1},{"damage":12,"enemies":"Giant Head","floor":46,"turns":1},{"damage":12,"enemies":"Sphere and 2 Shapes","floor":47,"turns":1},{"damage":12,"enemies":"2 Orb Walkers","floor":48,"turns":2},{"damage":12,"enemies":"Time Eater","floor":50,"turns":2}],"event_choices":[{"event_name":"Shining Light","player_choice":"Entered Light","floor":2.0,"damage_taken":0.0},{"event_name":"Living Wall","player_choice":"Forget","floor":3.0,"damage_taken":0.0},{"event_name":"Forgotten Altar","player_choice":"Shed Blood","floor":19.0,"damage_taken":0.0},{"event_name":"The Library","player_choice":"Read","floor":20.0,"damage_taken":0.0},{"event_name":"Vampires","player_choice":"Ignored","floor":29.0,"damage_taken":0.0},{"event_name":"The Mausoleum","player_choice":"No","floor":31.0,"damage_taken":0.0},{"event_name":"Tomb of Lord Red Mask","player_choice":"Ignored","floor":36,"damage_taken":0},{"event_name":"Mysterious Sphere","player_choice":"Fight","floor":37,"damage_taken":0}],"boss_relics":[],"potions_floor_spawned":[1,7,10,12,14,16,21,27,30,33,35,37,38,39,41,45,46,47,48],"seed_played":"-5091065015337344556","is_trial":false}