{"path_per_floor":["M","M","M","M","M","E","R","M","T","?","R","?","$","?","R","B",null,"M","M","M","?","M","R","M","?","T","?","R","$","E","M","R"],"character_chosen":"THE_SILENT","items_purchased":["Tactician","Tingsha","Blur"],"gold_per_floor":[114,129,144,159,174,204,204,219,219,219,219,319,169,169,169,269,269,284,299,314,314,329,329,344,344,344,344,344,6,36,51,51],"floor_reached":33,"campfire_rested":1,"playtime":2694,"current_hp_per_floor":[70,70,70,70,59,53,53,53,53,53,53,53,53,50,50,33,70,65,56,40,40,34,34,34,21,21,21,70,70,67,64,64],"items_purged":["Strike_G"],"gold":51,"score":269,"play_id":"ac208c48-1d98-4301-9369-96a1e226c4d5","local_time":"20180321180730","daily_mods":["Shiny","Uncertain Future","Night Terrors"],"is_prod":false,"is_daily":true,"is_ascension_mode":false,"campfire_upgraded":5,"timestamp":1521670050,"path_taken":["M","M","M","M","M","E","R","M","T","?","R","?","$","?","R","BOSS","M","M","M","?","M","R","M","?","T","?","R","$","E","M","R","BOSS"],"build_version":"2018-03-15v3","purchased_purges":1,"victory":false,"master_deck":["Defend_G+1","Defend_G+1","Defend_G+1","Defend_G+1","Defend_G+1","Strike_G+1","Strike_G+1","Strike_G+1","Strike_G+1","Survivor","Neutralize+1","Grand Finale","Backflip","Backstab+1","Calculated Gamble+1","Predator","Dagger Spray","Tactician+1","Glass Knife+1","Calculated Gamble","Underhanded Strike+1","Flying Knee+1","Pain","Blur","Dagger Spray+1","Well Laid Plans+1"],"max_hp_per_floor":[70,70,70,70,70,70,70,70,70,70,70,70,70,70,70,70,70,70,70,70,70,70,70,70,75,75,75,70,70,70,70,70],"relics":["Ring of the Snake","Juzu Bracelet","Blue Candle","Happy Flower","Meat on the Bone","Cursed Key","Torii","Tingsha","Snake Skull"],"card_choices":[{"not_picked":["Dodge and Roll","Dagger Spray"],"picked":"Backflip"},{"not_picked":["Dash","Slice"],"picked":"Backstab"},{"not_picked":["PiercingWail","Expertise"],"picked":"Calculated Gamble"},{"not_picked":["Accuracy","Bane"],"picked":"Predator"},{"not_picked":["Wraith Form","Acrobatics"],"picked":"Dagger Spray"},{"not_picked":["Tools of the Trade","Envenom"],"picked":"Glass Knife"},{"not_picked":["Skewer","Cloak And Dagger"],"picked":"Calculated Gamble"},{"not_picked":["Flying Knee","Cloak And Dagger"],"picked":"Underhanded Strike"},{"not_picked":["Envenom","Poisoned Stab"],"picked":"Flying Knee"},{"not_picked":["Distraction","Blade Dance"],"picked":"Dagger Spray"},{"not_picked":["Dodge and Roll","Dagger Spray"],"picked":"Well Laid Plans"}],"player_experience":487275,"potions_floor_usage":[6,30,33],"damage_taken":[{"damage":0,"enemies":"Small Slimes","floor":1,"turns":3},{"damage":0,"enemies":"Jaw Worm","floor":2,"turns":2},{"damage":0,"enemies":"2 Louse","floor":3,"turns":3},{"damage":0,"enemies":"Gremlin Gang","floor":4,"turns":6},{"damage":11,"enemies":"Exordium Thugs","floor":5,"turns":6},{"damage":6,"enemies":"Gremlin Nob","floor":6,"turns":3},{"damage":0,"enemies":"2 Fungi Beasts","floor":8,"turns":2},{"damage":29,"enemies":"The Guardian","floor":16,"turns":16},{"damage":5,"enemies":"3 Byrds","floor":18,"turns":6},{"damage":9,"enemies":"Chosen","floor":19,"turns":5},{"damage":16,"enemies":"Snecko","floor":20,"turns":5},{"damage":18,"enemies":"Snake Plant","floor":22,"turns":5},{"damage":12,"enemies":"Centurion and Healer","floor":24,"turns":4},{"damage":3,"enemies":"Slavers","floor":30,"turns":3},{"damage":3,"enemies":"Chosen and Byrds","floor":31,"turns":2},{"damage":58,"enemies":"Collector","floor":33,"turns":7}],"event_choices":[{"event_name":"Dead Adventurer","player_choice":"Searched \u00271\u0027 times","floor":10,"damage_taken":0},{"event_name":"Golden Shrine","player_choice":"Pray","floor":12,"damage_taken":0},{"event_name":"Scrap Ooze","player_choice":"success","floor":14,"damage_taken":3},{"event_name":"Back to Basics","player_choice":"Simplicity","floor":21,"damage_taken":0},{"event_name":"Forgotten Altar","player_choice":"Shed Blood","floor":25,"damage_taken":0},{"event_name":"Accursed Blacksmith","player_choice":"Forge","floor":27,"damage_taken":0}],"boss_relics":[{"not_picked":["The Specimen","Runic Dome"],"picked":"Cursed Key"}],"potions_floor_spawned":[2,4,8,16,22,30,31],"seed_played":"-5866523525083390548","killed_by":"Collector","ascension_level":0,"is_trial":false}