{"gold_per_floor":[111,111,122,122,141,141,167,167,192,221,231,231,243,277,277,376,376,387,397,414,431,34,34,67,67,67,67,83,83,94,128,128,233,233,247,267,280,292,292,292,318,318,345,345,377,236,251,282,282,282,282,282,157,188,188],"floor_reached":55,"playtime":4320,"items_purged":["Defend_B","Strike_B","Strike_B"],"score":1204,"play_id":"b1137000-2194-49c4-9f83-89a54e627c84","local_time":"20190419145049","is_ascension_mode":true,"campfire_choices":[{"data":"Zap","floor":6.0,"key":"SMITH"},{"data":"Self Repair","floor":8.0,"key":"SMITH"},{"data":"Beam Cell","floor":15.0,"key":"SMITH"},{"data":"Biased Cognition","floor":23.0,"key":"SMITH"},{"data":"Biased Cognition","floor":25.0,"key":"SMITH"},{"data":"Capacitor","floor":27.0,"key":"SMITH"},{"data":"Seek","floor":32.0,"key":"SMITH"},{"data":"Biased Cognition","floor":40,"key":"SMITH"},{"floor":44,"key":"RECALL"},{"data":"Go for the Eyes","floor":49,"key":"SMITH"},{"data":"Seek","floor":52,"key":"SMITH"}],"neow_cost":"NONE","seed_source_timestamp":0,"circlet_count":0,"master_deck":["Strike_B+1","Defend_B+1","Defend_B","Defend_B","Zap+1","Dualcast+1","Leap+1","Self Repair+1","Go for the Eyes+1","Seek+1","Leap","Beam Cell+1","Biased Cognition+1","Biased Cognition+1","Ball Lightning","Genetic Algorithm","Glacier","Capacitor+1","Self Repair+1","Hologram","Seek+1","Hologram","Biased Cognition+1","Capacitor+1","Reboot","Coolheaded+1","Doom and Gloom","Consume+1","Glacier+1"],"special_seed":0,"relics":["Cracked Core","PreservedInsect","Matryoshka","Vajra","Dead Branch","Strawberry","Sozu","Cables","Nunchaku","Blood Vial","Pear","Shuriken","Coffee Dripper","Omamori","Regal Pillow","Centennial Puzzle","War Paint","Oddly Smooth Stone"],"potions_floor_usage":[],"damage_taken":[{"damage":1.0,"enemies":"Small Slimes","floor":1.0,"turns":4.0},{"damage":0.0,"enemies":"2 Louse","floor":3.0,"turns":2.0},{"damage":1.0,"enemies":"Cultist","floor":5.0,"turns":3.0},{"damage":20.0,"enemies":"3 Sentries","floor":7.0,"turns":7.0},{"damage":5.0,"enemies":"Lagavulin","floor":10.0,"turns":7.0},{"damage":3.0,"enemies":"2 Fungi Beasts","floor":11.0,"turns":3.0},{"damage":1.0,"enemies":"Blue Slaver","floor":13.0,"turns":3.0},{"damage":18.0,"enemies":"Gremlin Nob","floor":14.0,"turns":3.0},{"damage":24.0,"enemies":"Slime Boss","floor":16.0,"turns":11.0},{"damage":9.0,"enemies":"2 Thieves","floor":18.0,"turns":4.0},{"damage":1.0,"enemies":"Spheric Guardian","floor":19.0,"turns":3.0},{"damage":2.0,"enemies":"Cultist and Chosen","floor":20.0,"turns":8.0},{"damage":12.0,"enemies":"Snake Plant","floor":21.0,"turns":4.0},{"damage":0.0,"enemies":"Book of Stabbing","floor":24.0,"turns":4.0},{"damage":0.0,"enemies":"Centurion and Healer","floor":28.0,"turns":4.0},{"damage":12.0,"enemies":"Cultist and Chosen","floor":30.0,"turns":5.0},{"damage":13.0,"enemies":"Gremlin Leader","floor":31.0,"turns":5.0},{"damage":28.0,"enemies":"Collector","floor":33.0,"turns":10.0},{"damage":26,"enemies":"3 Darklings","floor":35,"turns":7},{"damage":4,"enemies":"3 Shapes","floor":36,"turns":4},{"damage":43,"enemies":"Sphere and 2 Shapes","floor":37,"turns":7},{"damage":16,"enemies":"Spire Growth","floor":38,"turns":4},{"damage":6,"enemies":"Reptomancer","floor":41,"turns":4},{"damage":0,"enemies":"Giant Head","floor":45,"turns":7},{"damage":22,"enemies":"Jaw Worm Horde","floor":47,"turns":5},{"damage":28,"enemies":"Nemesis","floor":48,"turns":5},{"damage":40,"enemies":"Time Eater","floor":50,"turns":12},{"damage":50,"enemies":"Shield and Spear","floor":54,"turns":8},{"damage":64,"enemies":"The Heart","floor":55,"turns":8}],"seed_played":"-5555279468211520856","potions_obtained":[{"floor":7.0,"key":"Weak Potion"},{"floor":14.0,"key":"EssenceOfSteel"},{"floor":16.0,"key":"SkillPotion"}],"is_trial":false,"path_per_floor":["M","?","M","?","M","R","E","R","T","E","M","?","M","E","R","B",null,"M","M","M","M","$","R","E","R","T","R","M","?","M","E","R","B",null,"M","M","M","M","?","R","E","?","T","R","E","$","M","E","R","B",null,"R","$","E","B"],"character_chosen":"DEFECT","items_purchased":["Cables","Capacitor","Doom and Gloom"],"campfire_rested":0,"item_purchase_floors":[22,22,46],"current_hp_per_floor":[74,58,58,55,61,61,48,48,48,53,60,65,74,73,73,59,85,86,94,94,92,92,92,92,92,102,102,104,104,104,104,104,96,102,98,104,81,87,87,87,99,99,99,99,99,99,87,81,81,63,90,90,90,62,0],"gold":188,"neow_bonus":"TEN_PERCENT_HP_BONUS","is_prod":false,"is_daily":false,"chose_seed":false,"campfire_upgraded":10,"win_rate":0,"timestamp":1555699849,"path_taken":["M","?","M","?","M","R","E","R","T","E","M","?","M","E","R","BOSS","M","M","M","M","$","R","E","R","T","R","M","?","?","E","R","BOSS","M","M","M","M","?","R","E","?","T","R","E","$","M","E","R","BOSS","R","$","E","BOSS"],"build_version":"2019-04-04","purchased_purges":3,"victory":false,"max_hp_per_floor":[82,82,82,82,82,82,82,82,82,82,82,87,87,94,94,94,94,94,94,94,94,94,94,94,94,104,104,104,104,104,104,104,104,104,104,104,104,104,99,99,99,99,99,99,99,99,99,99,99,99,99,99,99,99,99],"card_choices":[{"not_picked":["Stack","Scrape"],"picked":"Leap","floor":1.0},{"not_picked":["Barrage","Skim"],"picked":"Self Repair","floor":3.0},{"not_picked":["Undo","Melter"],"picked":"Go for the Eyes","floor":5.0},{"not_picked":["Storm","Cold Snap"],"picked":"Seek","floor":7.0},{"not_picked":["Go for the Eyes","Blizzard","Rebound"],"picked":"SKIP","floor":10.0},{"not_picked":["Streamline","Rebound"],"picked":"Leap","floor":11.0},{"not_picked":["Skim","Compile Driver"],"picked":"Beam Cell","floor":13.0},{"not_picked":["Sweeping Beam","Tempest"],"picked":"Biased Cognition","floor":14.0},{"not_picked":["Seek","Rainbow"],"picked":"Biased Cognition","floor":16.0},{"not_picked":["Cold Snap","Self Repair"],"picked":"Ball Lightning","floor":18.0},{"not_picked":["Go for the Eyes","Blizzard"],"picked":"Genetic Algorithm","floor":19.0},{"not_picked":["Undo","Leap+1"],"picked":"Glacier","floor":20.0},{"not_picked":["Streamline","Gash","Cold Snap"],"picked":"SKIP","floor":21.0},{"not_picked":["Aggregate","Gash","Conserve Battery"],"picked":"SKIP","floor":24.0},{"not_picked":["All For One","Beam Cell"],"picked":"Self Repair+1","floor":28.0},{"not_picked":["Gash+1","Redo","Rebound"],"picked":"SKIP","floor":30.0},{"not_picked":["Darkness","Cold Snap"],"picked":"Hologram","floor":31.0},{"not_picked":["Creative AI","Hyperbeam"],"picked":"Seek","floor":33.0},{"not_picked":["Steam","Cold Snap"],"picked":"Hologram","floor":35},{"not_picked":["Streamline","Steam Power+1"],"picked":"Biased Cognition","floor":36},{"not_picked":["Rebound","Go for the Eyes","Double Energy+1"],"picked":"SKIP","floor":37},{"not_picked":["Static Discharge","Heatsinks"],"picked":"Capacitor+1","floor":38},{"not_picked":["Force Field+1","Aggregate","Redo"],"picked":"SKIP","floor":41},{"not_picked":["Ball Lightning+1","Gash+1"],"picked":"Coolheaded+1","floor":45},{"not_picked":["Cold Snap","Gash+1","Reinforced Body+1"],"picked":"SKIP","floor":47},{"not_picked":["Loop+1","Hologram+1"],"picked":"Consume+1","floor":48},{"not_picked":["Steam+1","Scrape"],"picked":"Glacier+1","floor":54}],"player_experience":769267,"relics_obtained":[{"floor":7.0,"key":"Matryoshka"},{"floor":9.0,"key":"Vajra"},{"floor":10.0,"key":"Dead Branch"},{"floor":14.0,"key":"Strawberry"},{"floor":24.0,"key":"Nunchaku"},{"floor":26.0,"key":"Blood Vial"},{"floor":26.0,"key":"Pear"},{"floor":31.0,"key":"Shuriken"},{"floor":41,"key":"Omamori"},{"floor":43,"key":"Regal Pillow"},{"floor":45,"key":"Centennial Puzzle"},{"floor":48,"key":"War Paint"},{"floor":54,"key":"Oddly Smooth Stone"}],"event_choices":[{"damage_healed":0.0,"max_hp_gain":0.0,"max_hp_loss":0.0,"gold_gain":0.0,"event_name":"Shining Light","player_choice":"Entered Light","floor":2.0,"gold_loss":0.0,"damage_taken":16.0,"cards_upgraded":["Leap","Strike_B"]},{"damage_healed":0.0,"max_hp_gain":0.0,"max_hp_loss":0.0,"gold_gain":0.0,"event_name":"Scrap Ooze","player_choice":"Success","floor":4.0,"gold_loss":0.0,"damage_taken":3.0,"relics_obtained":["PreservedInsect"]},{"damage_healed":0.0,"max_hp_gain":5.0,"max_hp_loss":0.0,"gold_gain":0.0,"event_name":"Big Fish","player_choice":"Donut","floor":12.0,"gold_loss":0.0,"damage_taken":0.0},{"damage_healed":0.0,"max_hp_gain":0.0,"max_hp_loss":0.0,"gold_gain":0.0,"event_name":"Wheel of Change","player_choice":"Full Heal","floor":29.0,"gold_loss":0.0,"damage_taken":0.0},{"damage_healed":0,"gold_gain":0,"player_choice":"Max HP","damage_taken":0,"max_hp_gain":0,"max_hp_loss":5,"event_name":"Winding Halls","floor":39,"gold_loss":0},{"damage_healed":0,"gold_gain":0,"cards_transformed":["Strike_B"],"player_choice":"Transformed","damage_taken":0,"max_hp_gain":0,"max_hp_loss":0,"event_name":"Transmorgrifier","floor":42,"gold_loss":0,"cards_obtained":["Reboot"]}],"is_beta":true,"boss_relics":[{"not_picked":["Runic Dome","Lizard Tail"],"picked":"Sozu"},{"not_picked":["FrozenCore","White Beast Statue"],"picked":"Coffee Dripper"}],"items_purged_floors":[22,46,53],"is_endless":false,"potions_floor_spawned":[7,14,16,18,20,24,31,38,45,47,48],"killed_by":"The Heart","ascension_level":8}