{"gold_per_floor":[209,209,209,234,30,74,99,99,125,149,180,180,105,118,118,247,247,271,29,299,15,38,38,38,38,38,56,56,76,76,94,94,223,223,236,250,125,143,143,143,476,476,476,28,43,43,53,70,70,70],"floor_reached":51,"playtime":2824,"items_purged":["Strike_R","Strike_R","Strike_R","Strike_R"],"score":807,"play_id":"50ffc39b-7ec0-42b1-b2bb-b62789189bda","local_time":"20190811152716","is_ascension_mode":false,"campfire_choices":[{"floor":8,"key":"REST"},{"floor":12,"key":"REST"},{"data":"Bash","floor":15,"key":"SMITH"},{"data":"Demon Form","floor":23,"key":"SMITH"},{"data":"Whirlwind","floor":25,"key":"SMITH"},{"data":"Thinking Ahead","floor":28,"key":"SMITH"},{"floor":32,"key":"REST"},{"data":"Heavy Blade","floor":40,"key":"SMITH"},{"data":"Well Laid Plans","floor":42,"key":"SMITH"},{"data":"Disarm","floor":46,"key":"SMITH"},{"floor":49,"key":"REST"}],"neow_cost":"NONE","seed_source_timestamp":437860393436,"circlet_count":0,"master_deck":["Defend_R","Defend_R","Defend_R","Defend_R","Bash+1","Disarm+1","Immolate","Shrug It Off","Spot Weakness","Blade Dance","Rebound","Thinking Ahead+1","Heavy Blade+1","Demon Form+1","Whirlwind+1","Battle Trance+1","Well Laid Plans+1","PiercingWail+1","Bullet Time","Shockwave+1"],"relics":["Burning Blood","PrismaticShard","Dream Catcher","Strawberry","Darkstone Periapt","Velvet Choker","Chemical X","Pear","Snecko Eye","Dodecahedron","Pen Nib","Lantern"],"potions_floor_usage":[11,33,45,50],"damage_taken":[{"damage":6,"enemies":"2 Louse","floor":1,"turns":3},{"damage":6,"enemies":"Cultist","floor":4,"turns":3},{"damage":46,"enemies":"Lagavulin","floor":6,"turns":8},{"damage":11,"enemies":"Jaw Worm","floor":7,"turns":3},{"damage":6,"enemies":"Exordium Thugs","floor":10,"turns":5},{"damage":28,"enemies":"Gremlin Nob","floor":11,"turns":4},{"damage":2,"enemies":"Looter","floor":14,"turns":4},{"damage":25,"enemies":"Hexaghost","floor":16,"turns":9},{"damage":1,"enemies":"Chosen","floor":18,"turns":4},{"damage":22,"enemies":"2 Thieves","floor":22,"turns":3},{"damage":6,"enemies":"Cultist and Chosen","floor":27,"turns":3},{"damage":16,"enemies":"Centurion and Healer","floor":29,"turns":4},{"damage":18,"enemies":"Colosseum Slavers","floor":30,"turns":2},{"damage":5,"enemies":"Chosen and Byrds","floor":31,"turns":3},{"damage":5,"enemies":"Champ","floor":33,"turns":8},{"damage":10,"enemies":"3 Shapes","floor":35,"turns":2},{"damage":8,"enemies":"Orb Walker","floor":36,"turns":2},{"damage":17,"enemies":"Maw","floor":38,"turns":5},{"damage":8,"enemies":"Spire Growth","floor":45,"turns":3},{"damage":12,"enemies":"Jaw Worm Horde","floor":47,"turns":3},{"damage":13,"enemies":"4 Shapes","floor":48,"turns":1},{"damage":50,"enemies":"Donu and Deca","floor":50,"turns":5}],"seed_played":"5762732421369605312","potions_obtained":[{"floor":1,"key":"SpeedPotion"},{"floor":7,"key":"Strength Potion"},{"floor":16,"key":"Energy Potion"},{"floor":18,"key":"SneckoOil"},{"floor":22,"key":"Strength Potion"},{"floor":29,"key":"SpeedPotion"},{"floor":36,"key":"SteroidPotion"},{"floor":47,"key":"Regen Potion"}],"is_trial":false,"path_per_floor":["M","?","?","M","$","E","M","R","T","M","E","R","$","M","R","B",null,"M","$","?","$","M","R","$","R","T","M","R","M","?","M","R","B",null,"M","M","$","M","?","R","?","R","T","$","M","R","M","M","R","B",null],"character_chosen":"IRONCLAD","items_purchased":["PrismaticShard","Demon Form","Whirlwind","Chemical X","Pen Nib","Lantern"],"campfire_rested":4,"item_purchase_floors":[5,19,21,21,44,44],"current_hp_per_floor":[80,60,60,60,60,20,15,39,46,46,24,50,50,54,54,35,87,87,87,55,55,39,39,39,39,49,49,49,39,27,28,57,58,97,93,91,91,80,80,80,80,80,80,80,78,78,72,65,94,62],"gold":70,"neow_bonus":"HUNDRED_GOLD","is_prod":false,"is_daily":false,"chose_seed":false,"campfire_upgraded":7,"win_rate":0,"timestamp":1565551636,"path_taken":["M","?","?","M","$","E","M","R","T","?","E","R","?","M","R","BOSS","M","$","?","$","M","R","?","R","T","M","R","M","?","M","R","BOSS","M","M","$","M","?","R","?","R","T","?","M","R","M","M","R","BOSS"],"build_version":"2019-07-17","purchased_purges":4,"victory":true,"max_hp_per_floor":[80,80,80,80,80,80,80,80,87,87,87,87,87,87,87,87,87,87,87,87,87,87,87,87,87,97,97,97,97,97,97,97,97,97,97,97,97,97,97,97,97,97,97,97,97,97,97,97,97,97],"card_choices":[{"not_picked":["Rage","Dropkick"],"picked":"Disarm","floor":1},{"not_picked":["Rampage","Body Slam"],"picked":"Shrug It Off","floor":4},{"not_picked":["Steam","Iron Wave","Streamline"],"picked":"SKIP","floor":6},{"not_picked":["Havoc","Clothesline","Dash"],"picked":"SKIP","floor":7},{"not_picked":["Stack","Steam"],"picked":"Spot Weakness","floor":8},{"not_picked":["Cold Snap","Spot Weakness","Deadly Poison"],"picked":"SKIP","floor":10},{"not_picked":["PiercingWail","Doppelganger"],"picked":"Blade Dance","floor":11},{"not_picked":["Dual Wield","Dodge and Roll"],"picked":"Rebound","floor":12},{"not_picked":["Reckless Charge","Clash","Pommel Strike"],"picked":"SKIP","floor":14},{"not_picked":["Fiend Fire","Violence"],"picked":"Thinking Ahead","floor":16},{"not_picked":["Rebound","Disarm+1"],"picked":"Heavy Blade","floor":18},{"not_picked":["Bane","Armaments","Backstab"],"picked":"SKIP","floor":22},{"not_picked":["Dagger Spray","Clothesline"],"picked":"Battle Trance+1","floor":27},{"not_picked":["Concentrate","Armaments+1"],"picked":"Well Laid Plans","floor":29},{"not_picked":["Heavy Blade+1","Demon Form","Hologram"],"picked":"SKIP","floor":31},{"not_picked":["Barrage","Acrobatics+1"],"picked":"PiercingWail+1","floor":32},{"not_picked":["Mayhem","Unload"],"picked":"Bullet Time","floor":33},{"not_picked":["Bouncing Flask+1","Deflect+1","Streamline"],"picked":"SKIP","floor":35},{"not_picked":["Flying Knee+1","Stack","Infernal Blade"],"picked":"SKIP","floor":36},{"not_picked":["Backflip","Swift Strike+1","Outmaneuver+1"],"picked":"SKIP","floor":38},{"not_picked":["Cloak And Dagger+1","Heavy Blade+1"],"picked":"Shockwave+1","floor":45},{"not_picked":["Beam Cell","Steam","Body Slam"],"picked":"SKIP","floor":47},{"not_picked":["Impatience","Rupture+1","Cloak And Dagger+1"],"picked":"SKIP","floor":48}],"player_experience":964913,"relics_obtained":[{"floor":6,"key":"Dream Catcher"},{"floor":9,"key":"Strawberry"},{"floor":11,"key":"Darkstone Periapt"},{"floor":26,"key":"Pear"},{"floor":43,"key":"Dodecahedron"}],"event_choices":[{"damage_healed":0,"gold_gain":0,"player_choice":"Take Damage","damage_taken":20,"relics_obtained":["Golden Idol"],"max_hp_gain":0,"max_hp_loss":0,"event_name":"Golden Idol","floor":2,"gold_loss":0},{"damage_healed":0,"gold_gain":0,"cards_transformed":["Strike_R"],"player_choice":"Transformed","damage_taken":0,"max_hp_gain":0,"max_hp_loss":0,"event_name":"Transmorgrifier","floor":3,"gold_loss":0,"cards_obtained":["Immolate"]},{"damage_healed":0,"gold_gain":270,"player_choice":"GOLD GOLD GOLD ","damage_taken":32,"max_hp_gain":0,"max_hp_loss":0,"event_name":"Knowing Skull","floor":20,"potions_obtained":[],"gold_loss":0,"cards_obtained":[]},{"damage_healed":0,"gold_gain":0,"player_choice":"Fight","damage_taken":0,"max_hp_gain":0,"max_hp_loss":0,"event_name":"Colosseum","floor":30,"gold_loss":0},{"damage_healed":0,"gold_gain":0,"player_choice":"Fled From Nobs","damage_taken":0,"max_hp_gain":0,"max_hp_loss":0,"event_name":"Colosseum","floor":30,"gold_loss":0},{"damage_healed":0,"gold_gain":0,"player_choice":"Ignored","damage_taken":0,"max_hp_gain":0,"max_hp_loss":0,"event_name":"Mysterious Sphere","floor":39,"gold_loss":0},{"damage_healed":0,"gold_gain":333,"player_choice":"Gave Idol","damage_taken":0,"max_hp_gain":0,"max_hp_loss":0,"event_name":"The Moai Head","floor":41,"relics_lost":["Golden Idol"],"gold_loss":0}],"is_beta":false,"boss_relics":[{"not_picked":["Astrolabe","Ectoplasm"],"picked":"Velvet Choker"},{"not_picked":["Mark of Pain","Runic Cube"],"picked":"Snecko Eye"}],"items_purged_floors":[13,19,37,44],"is_endless":false,"potions_floor_spawned":[1,7,16,18,22,29,36,38,47,48],"ascension_level":0}