{"gold_per_floor":[112,112,20,33,33,33,64,75,75,40,40,54,54,73,73,171,171,183,36,36,46,64,64,114,142,142,142,157,157],"floor_reached":29,"playtime":2766,"items_purged":[],"score":243,"play_id":"ad53dc7d-bb4e-449b-b8d8-1eb8b51aecf8","local_time":"20190811121920","is_ascension_mode":false,"campfire_choices":[{"floor":6,"key":"REST"},{"data":"Blade Dance","floor":11,"key":"SMITH"},{"data":"Dagger Spray","floor":13,"key":"SMITH"},{"data":"Crippling Poison","floor":15,"key":"SMITH"},{"floor":23,"key":"REST"},{"floor":27,"key":"REST"}],"neow_cost":"NONE","seed_source_timestamp":2483309375856700,"circlet_count":0,"master_deck":["Strike_G","Strike_G","Strike_G","Strike_G","Strike_G","Defend_G","Defend_G","Defend_G","Defend_G","Defend_G","Survivor","Neutralize","Madness","Poisoned Stab","Crippling Poison","Blade Dance+1","Crippling Poison+1","Terror","Bane","Dagger Spray+1","Backflip","Corpse Explosion","Poisoned Stab+1","Slice","Caltrops","Bane","RitualDagger","Expertise+1","Backflip","Dash","Endless Agony"],"relics":["Ring of the Serpent","Mango","Incense Burner","Bottled Lightning","Pen Nib","Dodecahedron"],"potions_floor_usage":[],"damage_taken":[{"damage":0,"enemies":"Small Slimes","floor":1,"turns":4},{"damage":3,"enemies":"2 Louse","floor":4,"turns":2},{"damage":19,"enemies":"Lagavulin","floor":7,"turns":8},{"damage":0,"enemies":"Cultist","floor":8,"turns":4},{"damage":1,"enemies":"Blue Slaver","floor":12,"turns":4},{"damage":7,"enemies":"3 Louse","floor":14,"turns":2},{"damage":6,"enemies":"Hexaghost","floor":16,"turns":9},{"damage":20,"enemies":"Shell Parasite","floor":18,"turns":6},{"damage":10,"enemies":"3 Byrds","floor":21,"turns":3},{"damage":34,"enemies":"Cultist and Chosen","floor":22,"turns":5},{"damage":31,"enemies":"Slavers","floor":25,"turns":6},{"damage":25,"enemies":"Chosen and Byrds","floor":28,"turns":7},{"damage":10,"enemies":"Snake Plant","floor":29,"turns":3}],"seed_played":"2376001268923259172","potions_obtained":[{"floor":1,"key":"PowerPotion"},{"floor":12,"key":"SkillPotion"},{"floor":14,"key":"Dexterity Potion"},{"floor":18,"key":"PowerPotion"},{"floor":21,"key":"EssenceOfSteel"}],"is_trial":false,"path_per_floor":["M","?","$","M","?","R","E","M","T","?","R","M","R","M","R","B",null,"M","$","?","M","M","R","?","E","T","R","M","M"],"character_chosen":"THE_SILENT","items_purchased":["Crippling Poison","Blade Dance","Slice","Caltrops","Bane"],"campfire_rested":3,"item_purchase_floors":[3,3,19,19,19],"current_hp_per_floor":[70,66,66,63,63,84,65,65,65,84,84,83,83,76,76,70,84,64,64,58,48,14,39,39,8,8,33,8,0],"gold":157,"neow_bonus":"RANDOM_COLORLESS","is_prod":false,"is_daily":false,"chose_seed":false,"campfire_upgraded":3,"win_rate":0.0,"timestamp":1565551160,"path_taken":["M","?","$","M","?","R","E","M","T","?","R","M","R","M","R","BOSS","M","$","?","M","M","R","?","E","T","R","M","?"],"build_version":"2019-07-17","purchased_purges":0,"victory":false,"max_hp_per_floor":[70,84,84,84,84,84,84,84,84,84,84,84,84,84,84,84,84,84,84,84,84,84,84,84,84,84,84,84,84],"card_choices":[{"not_picked":["Slice","Deadly Poison"],"picked":"Poisoned Stab","floor":1},{"not_picked":["Masterful Stab","Quick Slash"],"picked":"Crippling Poison","floor":4},{"not_picked":["Footwork","Outmaneuver"],"picked":"Terror","floor":7},{"not_picked":["Finisher","Terror"],"picked":"Bane","floor":8},{"not_picked":["Outmaneuver","Acrobatics"],"picked":"Dagger Spray","floor":12},{"not_picked":["Slice","Quick Slash"],"picked":"Backflip","floor":14},{"not_picked":["Malaise","Doppelganger"],"picked":"Corpse Explosion","floor":16},{"not_picked":["Deadly Poison","Skewer"],"picked":"Poisoned Stab+1","floor":18},{"not_picked":["Finisher","Dagger Throw"],"picked":"Expertise+1","floor":21},{"not_picked":["Riddle With Holes","Acrobatics"],"picked":"Backflip","floor":22},{"not_picked":["Outmaneuver","Sucker Punch"],"picked":"Dash","floor":25},{"not_picked":["Backflip","Expertise"],"picked":"Endless Agony","floor":28}],"player_experience":24936,"relics_obtained":[{"floor":7,"key":"Incense Burner"},{"floor":9,"key":"Bottled Lightning"},{"floor":25,"key":"Pen Nib"},{"floor":26,"key":"Dodecahedron"}],"event_choices":[{"damage_healed":0,"gold_gain":0,"player_choice":"Success","damage_taken":18,"relics_obtained":["Mango"],"max_hp_gain":0,"max_hp_loss":0,"event_name":"Scrap Ooze","floor":2,"gold_loss":0},{"damage_healed":0,"gold_gain":0,"player_choice":"Ignored","damage_taken":0,"max_hp_gain":0,"max_hp_loss":0,"event_name":"Golden Idol","floor":5,"gold_loss":0},{"damage_healed":21,"gold_gain":0,"player_choice":"Healed","damage_taken":0,"max_hp_gain":0,"max_hp_loss":0,"event_name":"The Cleric","floor":10,"gold_loss":35},{"damage_healed":0,"gold_gain":0,"player_choice":"Joined the Cult","damage_taken":6,"max_hp_gain":0,"max_hp_loss":0,"event_name":"Nest","floor":20,"gold_loss":0,"cards_obtained":["RitualDagger"]},{"damage_healed":0,"gold_gain":100,"player_choice":"Bet on Murderer","damage_taken":0,"max_hp_gain":0,"max_hp_loss":0,"event_name":"The Joust","floor":24,"gold_loss":50}],"is_beta":false,"boss_relics":[{"not_picked":["White Beast Statue","Busted Crown"],"picked":"Ring of the Serpent"}],"items_purged_floors":[],"is_endless":false,"potions_floor_spawned":[1,12,14,18,21],"killed_by":"Snake Plant","ascension_level":0}