{"gold_per_floor":[119,41,41,41,53,79,79,107,119,131,318,350,387,418,430,537,549,572,584,511,473,502,514],"floor_reached":23,"playtime":1291,"items_purged":[],"score":290,"play_id":"d6f92ec9-c0f8-4b72-9b93-a8fe50fbcc20","local_time":"20190715225042","is_ascension_mode":true,"campfire_choices":[{"data":"Uppercut","floor":7,"key":"SMITH"},{"data":"Inflame","floor":10,"key":"SMITH"},{"data":"Rupture","floor":15,"key":"SMITH"}],"neow_cost":"NONE","seed_source_timestamp":625981541765380,"circlet_count":0,"master_deck":["Strike_R","Strike_R","Strike_R","Defend_R+1","Defend_R","Defend_R","Bash","Shrug It Off+1","Inflame+1","Uppercut+1","Bludgeon","Cleave","Doubt","Flex","Ghostly Armor","Rupture+1","Limit Break","Metallicize","Necronomicurse","Cleave+1"],"relics":["Burning Blood","NeowsBlessing","Bottled Flame","MawBank","Bag of Preparation","Mummified Hand","Empty Cage","Necronomicon","Toxic Egg 2"],"potions_floor_usage":[8,8,8,12,16,18,23],"damage_taken":[{"damage":0,"enemies":"Cultist","floor":1,"turns":1},{"damage":0,"enemies":"Small Slimes","floor":5,"turns":1},{"damage":0,"enemies":"Gremlin Nob","floor":6,"turns":1},{"damage":3,"enemies":"3 Sentries","floor":8,"turns":5},{"damage":0,"enemies":"2 Louse","floor":12,"turns":3},{"damage":23,"enemies":"Gremlin Nob","floor":13,"turns":4},{"damage":0,"enemies":"Blue Slaver","floor":14,"turns":3},{"damage":19,"enemies":"Slime Boss","floor":16,"turns":11},{"damage":35,"enemies":"3 Byrds","floor":18,"turns":7},{"damage":8,"enemies":"Chosen","floor":22,"turns":5},{"damage":51,"enemies":"Gremlin Leader","floor":23,"turns":5}],"seed_played":"1129303836485332631","potions_obtained":[{"floor":6,"key":"EntropicBrew"},{"floor":8,"key":"Fruit Juice"},{"floor":12,"key":"FairyPotion"},{"floor":16,"key":"Energy Potion"},{"floor":22,"key":"Swift Potion"}],"is_trial":false,"path_per_floor":["M","$","?","?","M","E","R","E","T","R","?","M","E","M","R","B",null,"M","?","?","?","M","E"],"character_chosen":"IRONCLAD","items_purchased":["Inflame"],"campfire_rested":0,"item_purchase_floors":[2],"current_hp_per_floor":[80,80,64,57,63,69,69,72,72,72,72,83,66,72,72,59,79,50,34,34,34,32,0],"gold":514,"neow_bonus":"THREE_ENEMY_KILL","is_prod":false,"is_daily":false,"chose_seed":false,"campfire_upgraded":3,"win_rate":0,"timestamp":1563256242,"path_taken":["M","$","?","?","M","E","R","E","T","R","?","M","E","?","R","BOSS","M","?","?","?","M","E"],"build_version":"2019-07-05","purchased_purges":0,"victory":false,"max_hp_per_floor":[80,80,80,80,80,80,80,80,80,80,80,85,85,85,85,85,85,85,85,85,85,85,85],"card_choices":[{"not_picked":["Thunderclap","Rupture"],"picked":"Shrug It Off","floor":1},{"not_picked":["Clash","Clothesline"],"picked":"Uppercut","floor":5},{"not_picked":["Hemokinesis","Cleave"],"picked":"Bludgeon","floor":6},{"not_picked":["Twin Strike","Barricade"],"picked":"Cleave","floor":8},{"not_picked":["Heavy Blade","Pommel Strike"],"picked":"Flex","floor":12},{"not_picked":["Reckless Charge","Shockwave"],"picked":"Ghostly Armor","floor":13},{"not_picked":["Sever Soul","Thunderclap"],"picked":"Rupture","floor":14},{"not_picked":["Demon Form","Juggernaut"],"picked":"Limit Break","floor":16},{"not_picked":["Warcry","Twin Strike+1"],"picked":"Metallicize","floor":18},{"not_picked":["Wild Strike","Hemokinesis+1"],"picked":"Cleave+1","floor":22}],"player_experience":328105,"relics_obtained":[{"floor":6,"key":"Bottled Flame"},{"floor":8,"key":"MawBank"},{"floor":9,"key":"Bag of Preparation"},{"floor":13,"key":"Mummified Hand"},{"floor":19,"key":"Necronomicon"}],"event_choices":[{"damage_healed":0,"gold_gain":0,"player_choice":"Entered Light","damage_taken":16,"max_hp_gain":0,"max_hp_loss":0,"event_name":"Shining Light","floor":3,"gold_loss":0,"cards_upgraded":["Defend_R","Shrug It Off"]},{"cards_removed":["Strike_R"],"damage_healed":0,"gold_gain":0,"player_choice":"Card Removal","damage_taken":7,"max_hp_gain":0,"max_hp_loss":0,"event_name":"Golden Wing","floor":4,"gold_loss":0},{"damage_healed":0,"gold_gain":175,"player_choice":"AGREE","damage_taken":0,"max_hp_gain":0,"max_hp_loss":0,"event_name":"Liars Game","floor":11,"gold_loss":0,"cards_obtained":["Doubt"]},{"damage_healed":0,"gold_gain":0,"player_choice":"Obtained Book","damage_taken":16,"max_hp_gain":0,"max_hp_loss":0,"event_name":"Cursed Tome","floor":19,"gold_loss":0},{"damage_healed":0,"gold_gain":0,"player_choice":"Obtained Relic","damage_taken":0,"relics_obtained":["Toxic Egg 2"],"max_hp_gain":0,"max_hp_loss":0,"event_name":"Addict","floor":20,"gold_loss":85},{"damage_healed":0,"gold_gain":0,"player_choice":"Bet on Murderer","damage_taken":0,"max_hp_gain":0,"max_hp_loss":0,"event_name":"The Joust","floor":21,"gold_loss":50}],"is_beta":false,"boss_relics":[{"not_picked":["Orrery","Velvet Choker"],"picked":"Empty Cage"}],"items_purged_floors":[],"is_endless":false,"potions_floor_spawned":[6,8,12,16,22],"killed_by":"Gremlin Leader","ascension_level":5}