{"gold_per_floor":[216,229,245,264,278,309,309,319,343,343,343,373,385,428,440,555,567,590,622,654,666],"floor_reached":21,"playtime":1800,"items_purged":[],"score":244,"play_id":"8fde69a5-1d26-44c3-98d8-e2591e01beb5","local_time":"20190803200322","is_ascension_mode":true,"campfire_choices":[{"data":"Zap","floor":7.0,"key":"SMITH"},{"data":"Dualcast","floor":10.0,"key":"SMITH"},{"data":"Electrodynamics","floor":15,"key":"SMITH"}],"neow_cost":"NONE","seed_source_timestamp":1652684706003216,"circlet_count":0,"master_deck":["Strike_B","Strike_B","Strike_B","Strike_B","Defend_B","Defend_B","Defend_B","Defend_B","Zap+1","Dualcast+1","Rebound","Ball Lightning","Glacier","Electrodynamics+1","Self Repair","Consume+1","Recycle+1","Echo Form","Blizzard+1","Fusion+1","FTL+1"],"special_seed":0,"relics":["Cracked Core","Toxic Egg 2","Happy Flower","Molten Egg 2","MawBank","Bottled Tornado","Black Star"],"potions_floor_usage":[16,21],"damage_taken":[{"damage":1.0,"enemies":"Cultist","floor":1.0,"turns":3.0},{"damage":4.0,"enemies":"Jaw Worm","floor":2.0,"turns":4.0},{"damage":2.0,"enemies":"2 Louse","floor":3.0,"turns":2.0},{"damage":0.0,"enemies":"Gremlin Gang","floor":4.0,"turns":2.0},{"damage":5.0,"enemies":"2 Fungi Beasts","floor":5.0,"turns":3.0},{"damage":10.0,"enemies":"Lagavulin","floor":6.0,"turns":7.0},{"damage":4.0,"enemies":"Blue Slaver","floor":8.0,"turns":4.0},{"damage":16.0,"enemies":"Gremlin Nob","floor":12.0,"turns":3.0},{"damage":0.0,"enemies":"Exordium Wildlife","floor":14.0,"turns":1.0},{"damage":37,"enemies":"Hexaghost","floor":16,"turns":9},{"damage":23,"enemies":"2 Thieves","floor":18,"turns":3},{"damage":16,"enemies":"Shell Parasite","floor":19,"turns":10},{"damage":17,"enemies":"Snecko","floor":20,"turns":6},{"damage":45,"enemies":"Shelled Parasite and Fungi","floor":21,"turns":6}],"seed_played":"5349539052872289070","potions_obtained":[{"floor":3.0,"key":"AttackPotion"},{"floor":6.0,"key":"Fire Potion"},{"floor":8.0,"key":"LiquidBronze"},{"floor":12.0,"key":"LiquidBronze"},{"floor":16,"key":"Strength Potion"},{"floor":19,"key":"Poison Potion"},{"floor":20,"key":"GamblersBrew"}],"is_trial":false,"path_per_floor":["M","M","M","M","M","E","R","M","T","R","?","E","T","M","R","B",null,"M","M","M","M"],"character_chosen":"DEFECT","items_purchased":[],"campfire_rested":0,"item_purchase_floors":[],"current_hp_per_floor":[74,70,68,68,63,53,53,56,56,56,53,44,44,44,44,14,60,44,42,39,0],"gold":666,"neow_bonus":"HUNDRED_GOLD","is_prod":false,"is_daily":false,"chose_seed":false,"campfire_upgraded":3,"win_rate":0,"timestamp":1564877002,"path_taken":["M","M","M","M","?","E","R","M","T","R","?","E","?","M","R","BOSS","M","M","M","M"],"build_version":"2019-07-17","purchased_purges":0,"victory":false,"max_hp_per_floor":[75,75,75,75,75,75,75,75,75,75,75,75,75,75,75,75,75,75,75,75,75],"card_choices":[{"not_picked":["Skim","Stack"],"picked":"Rebound","floor":1.0},{"not_picked":["Steam","Compile Driver"],"picked":"Ball Lightning","floor":2.0},{"not_picked":["Cold Snap","White Noise"],"picked":"Glacier","floor":3.0},{"not_picked":["Darkness","Coolheaded"],"picked":"Electrodynamics","floor":4.0},{"not_picked":["Undo","Scrape","Turbo"],"picked":"SKIP","floor":5.0},{"not_picked":["Leap","Skim"],"picked":"Self Repair","floor":6.0},{"not_picked":["Hello World","Rebound","Force Field+1"],"picked":"SKIP","floor":8.0},{"not_picked":["Reprogram+1","Barrage+1"],"picked":"Consume+1","floor":12.0},{"not_picked":["Barrage+1","Self Repair"],"picked":"Recycle+1","floor":14},{"not_picked":["Amplify+1","Core Surge+1"],"picked":"Echo Form","floor":16},{"not_picked":["Rebound+1","Turbo+1"],"picked":"Blizzard+1","floor":18},{"not_picked":["Skim+1","Recycle+1"],"picked":"Fusion+1","floor":19},{"not_picked":["Streamline+1","Steam+1"],"picked":"FTL+1","floor":20}],"player_experience":733804,"relics_obtained":[{"floor":6.0,"key":"Toxic Egg 2"},{"floor":9.0,"key":"Happy Flower"},{"floor":12.0,"key":"MawBank"},{"floor":13.0,"key":"Bottled Tornado"}],"event_choices":[{"damage_healed":0.0,"max_hp_gain":0.0,"max_hp_loss":0.0,"gold_gain":0.0,"event_name":"Scrap Ooze","player_choice":"Success","floor":11.0,"gold_loss":0.0,"damage_taken":3.0,"relics_obtained":["Molten Egg 2"]}],"is_beta":false,"boss_relics":[{"not_picked":["FrozenCore","Busted Crown"],"picked":"Black Star"}],"items_purged_floors":[],"is_endless":false,"potions_floor_spawned":[3,6,8,12,16,19,20],"killed_by":"Shelled Parasite and Fungi","ascension_level":5}