{"gold_per_floor":[366,385,71,71,87,87,117,117,168,196,50,50,75,89,89,189,189,206,81,91,91,91],"floor_reached":22,"playtime":1398,"items_purged":["Strike_R","Strike_R","Strike_R"],"score":242,"play_id":"9ff74eea-26e3-4c5e-8a71-c15f244a2615","local_time":"20190318191522","is_ascension_mode":true,"campfire_choices":[{"data":"Bash","floor":6,"key":"SMITH"},{"data":"Clothesline","floor":8,"key":"SMITH"},{"data":"Iron Wave","floor":12,"key":"SMITH"},{"data":"Heavy Blade","floor":15,"key":"SMITH"}],"neow_cost":"TEN_PERCENT_HP_LOSS","seed_source_timestamp":508302272938120,"circlet_count":0,"master_deck":["Strike_R","Strike_R","Defend_R","Defend_R","Defend_R","Defend_R","Bash+1","Clothesline+1","Iron Wave+1","Spot Weakness","Dropkick","Heavy Blade+1","Warcry","Impervious","Cleave","Metallicize","Burning Pact","Sentinel","Carnage"],"relics":["Burning Blood","Singing Bowl","Lantern","Orichalcum","Bag of Preparation","Omamori","Orrery","CultistMask"],"potions_floor_usage":[10,16,18,20],"damage_taken":[{"damage":8,"enemies":"Jaw Worm","floor":1,"turns":4},{"damage":2,"enemies":"Small Slimes","floor":2,"turns":4},{"damage":6,"enemies":"Cultist","floor":5,"turns":3},{"damage":16,"enemies":"Gremlin Nob","floor":7,"turns":4},{"damage":18,"enemies":"3 Sentries","floor":10,"turns":7},{"damage":6,"enemies":"Gremlin Nob","floor":13,"turns":3},{"damage":6,"enemies":"Exordium Thugs","floor":14,"turns":3},{"damage":21,"enemies":"The Guardian","floor":16,"turns":6},{"damage":28,"enemies":"2 Thieves","floor":18,"turns":4},{"damage":41,"enemies":"3 Byrds","floor":20,"turns":6},{"damage":39,"enemies":"Centurion and Healer","floor":22,"turns":8}],"seed_played":"-712326588754506596","potions_obtained":[{"floor":5,"key":"Ancient Potion"},{"floor":7,"key":"SkillPotion"},{"floor":13,"key":"Energy Potion"},{"floor":16,"key":"Regen Potion"},{"floor":18,"key":"EssenceOfSteel"}],"is_trial":false,"path_per_floor":["M","M","$","?","M","R","E","R","T","E","$","R","E","M","R","B",null,"M","$","M","?","M"],"character_chosen":"IRONCLAD","items_purchased":["Singing Bowl","Heavy Blade"],"campfire_rested":0,"item_purchase_floors":[3,11],"current_hp_per_floor":[70,72,72,77,77,77,69,69,69,57,57,57,57,59,59,44,83,68,68,35,35,0],"gold":91,"neow_bonus":"TWO_FIFTY_GOLD","is_prod":false,"is_daily":false,"chose_seed":false,"campfire_upgraded":4,"win_rate":0,"timestamp":1552961722,"path_taken":["M","M","$","?","M","R","E","R","T","E","$","R","E","M","R","BOSS","M","$","M","?","?"],"build_version":"2019-01-23","purchased_purges":3,"victory":false,"max_hp_per_floor":[72,72,72,77,77,77,79,79,79,79,79,79,79,81,81,81,83,83,83,85,85,85],"card_choices":[{"not_picked":["Pummel","Twin Strike"],"picked":"Clothesline","floor":1},{"not_picked":["Perfected Strike","Twin Strike"],"picked":"Iron Wave","floor":2},{"not_picked":["Burning Pact","Armaments"],"picked":"Spot Weakness","floor":5},{"not_picked":["Perfected Strike","Clothesline","Flex"],"picked":"Singing Bowl","floor":7},{"not_picked":["True Grit","Double Tap"],"picked":"Dropkick","floor":10},{"not_picked":["Evolve","Sever Soul"],"picked":"Warcry","floor":13},{"not_picked":["Warcry","Sword Boomerang","Fire Breathing"],"picked":"Singing Bowl","floor":14},{"not_picked":["Berserk","Bludgeon"],"picked":"Impervious","floor":16},{"not_picked":["Hemokinesis","Pummel"],"picked":"Cleave","floor":17},{"not_picked":["Sword Boomerang","Cleave"],"picked":"Metallicize","floor":17},{"not_picked":["Clash","Evolve"],"picked":"Burning Pact","floor":17},{"not_picked":["True Grit","Armaments","Heavy Blade"],"picked":"Singing Bowl","floor":17},{"not_picked":["Flex","Shrug It Off"],"picked":"Sentinel","floor":17},{"not_picked":["Cleave+1","Sword Boomerang+1"],"picked":"Carnage","floor":18},{"not_picked":["Disarm","Twin Strike","Uppercut"],"picked":"Singing Bowl","floor":20}],"player_experience":171515,"relics_obtained":[{"floor":7,"key":"Lantern"},{"floor":9,"key":"Orichalcum"},{"floor":10,"key":"Bag of Preparation"},{"floor":13,"key":"Omamori"}],"event_choices":[{"damage_healed":0,"gold_gain":0,"player_choice":"Donut","damage_taken":0,"max_hp_gain":5,"max_hp_loss":0,"event_name":"Big Fish","floor":4,"gold_loss":0},{"damage_healed":0,"gold_gain":0,"player_choice":"Trade","damage_taken":0,"relics_obtained":["CultistMask"],"max_hp_gain":0,"max_hp_loss":0,"event_name":"FaceTrader","floor":21,"gold_loss":0}],"is_beta":false,"boss_relics":[{"not_picked":["Sozu","Pandora\u0027s Box"],"picked":"Orrery"}],"items_purged_floors":[3,11,19],"is_endless":false,"potions_floor_spawned":[5,7,13,16,18],"killed_by":"Centurion and Healer","ascension_level":4}