{"gold_per_floor":[110,110,35,35,8,26,101,136,163,188,225,257,304,327,339,453,465,491,602,123,137,137,137,137,168,195,226,226,226,241,258,258,363,363,379,379,391,78,78,78,178,178,178,178,197,207,0,0,0,0,0,0,0,27,27],"floor_reached":56,"playtime":4751,"items_purged":["Doubt","Doubt","Clumsy"],"score":1166,"play_id":"ef2c541b-8fff-4eb5-9b8e-7ca5012a0211","local_time":"20190814014246","is_ascension_mode":false,"campfire_choices":[{"floor":15.0,"key":"REST"},{"data":"Blizzard","floor":23.0,"key":"SMITH"},{"data":"1","floor":29.0,"key":"LIFT"},{"data":"2","floor":32.0,"key":"LIFT"},{"data":"3","floor":40.0,"key":"LIFT"},{"data":"Apotheosis","floor":42.0,"key":"SMITH"},{"floor":44.0,"key":"RECALL"},{"data":"Glacier","floor":49.0,"key":"SMITH"},{"data":"Coolheaded","floor":52.0,"key":"SMITH"}],"neow_cost":"NONE","seed_source_timestamp":0,"circlet_count":0,"master_deck":["Strike_B","Strike_B","Strike_B+1","Defend_B","Defend_B+1","Defend_B","Zap","Dualcast","Rip and Tear","Rebound","Cold Snap","Coolheaded+1","Genetic Algorithm","Blizzard+1","Gash","Gash","Defragment","Darkness+1","Glacier+1","All For One","Rebound","White Noise","Go for the Eyes+1","Defragment","Reboot","Loop","Apotheosis+1","Madness","Madness","Consume+1","Reprogram"],"special_seed":0,"relics":["Calling Bell","Ornamental Fan","Incense Burner","Bronze Scales","Symbiotic Virus","MawBank","Blood Vial","Meat on the Bone","Coffee Dripper","Girya","Oddly Smooth Stone","Juzu Bracelet","Strawberry","Inserter","Unceasing Top","Red Mask","Orichalcum"],"potions_floor_usage":[55],"damage_taken":[{"damage":0.0,"enemies":"Jaw Worm","floor":1.0,"turns":5.0},{"damage":2.0,"enemies":"Small Slimes","floor":6.0,"turns":4.0},{"damage":8.0,"enemies":"Gremlin Nob","floor":8.0,"turns":4.0},{"damage":0.0,"enemies":"2 Louse","floor":10.0,"turns":2.0},{"damage":1.0,"enemies":"2 Fungi Beasts","floor":12.0,"turns":3.0},{"damage":31.0,"enemies":"Lagavulin","floor":13.0,"turns":7.0},{"damage":0.0,"enemies":"Looter","floor":14.0,"turns":3.0},{"damage":10.0,"enemies":"The Guardian","floor":16.0,"turns":10.0},{"damage":4.0,"enemies":"Shell Parasite","floor":18.0,"turns":4.0},{"damage":14.0,"enemies":"2 Thieves","floor":21.0,"turns":4.0},{"damage":25.0,"enemies":"Gremlin Leader","floor":25.0,"turns":7.0},{"damage":0.0,"enemies":"Book of Stabbing","floor":27.0,"turns":5.0},{"damage":0.0,"enemies":"Snake Plant","floor":30.0,"turns":4.0},{"damage":0.0,"enemies":"3 Cultists","floor":31.0,"turns":5.0},{"damage":42.0,"enemies":"Automaton","floor":33.0,"turns":8.0},{"damage":13.0,"enemies":"3 Darklings","floor":35.0,"turns":6.0},{"damage":0.0,"enemies":"3 Shapes","floor":37.0,"turns":3.0},{"damage":26.0,"enemies":"Mind Bloom Boss Battle","floor":41.0,"turns":7.0},{"damage":10.0,"enemies":"Maw","floor":45.0,"turns":8.0},{"damage":21.0,"enemies":"Jaw Worm Horde","floor":46.0,"turns":5.0},{"damage":17.0,"enemies":"Awakened One","floor":50.0,"turns":10.0},{"damage":35.0,"enemies":"Shield and Spear","floor":54.0,"turns":7.0},{"damage":22,"enemies":"The Heart","floor":55,"turns":14}],"seed_played":"-5767591177287543667","potions_obtained":[{"floor":6.0,"key":"Explosive Potion"},{"floor":12.0,"key":"EssenceOfSteel"},{"floor":13.0,"key":"Explosive Potion"},{"floor":14.0,"key":"PowerPotion"},{"floor":16.0,"key":"PowerPotion"},{"floor":25.0,"key":"SpeedPotion"},{"floor":27.0,"key":"Energy Potion"},{"floor":37.0,"key":"Ancient Potion"},{"floor":46.0,"key":"Block Potion"}],"is_trial":false,"path_per_floor":["M","?","$","?","$","M","?","E","T","M","T","M","E","M","R","B",null,"M","?","$","M","$","R","?","E","T","E","?","R","M","M","R","B",null,"M","?","M","$","?","R","?","R","T","R","M","M","?","?","R","B",null,"R","$","E","B",null],"character_chosen":"DEFECT","items_purchased":["Rebound","Gash","Defragment","Girya","Apotheosis"],"campfire_rested":1,"item_purchase_floors":[5,20,20,20,38],"current_hp_per_floor":[75,80,80,64,64,62,51,43,43,43,43,44,15,29,53,45,80,76,76,76,64,64,64,64,41,41,50,50,50,52,54,54,26,87,74,74,76,76,65,65,53,53,53,53,45,38,38,76,76,59,76,76,76,41,33],"gold":27,"neow_bonus":"BOSS_RELIC","is_prod":false,"is_daily":false,"chose_seed":false,"campfire_upgraded":4,"win_rate":0,"timestamp":1565761366,"path_taken":["M","?","$","?","$","M","?","E","T","M","?","M","E","M","R","BOSS","M","?","$","M","$","R","?","E","T","E","?","R","M","M","R","BOSS","M","?","M","?","?","R","?","R","T","R","M","M","?","?","R","BOSS","R","$","E","BOSS"],"build_version":"2019-07-17","purchased_purges":3,"victory":true,"max_hp_per_floor":[75,80,80,80,80,80,80,80,80,80,80,80,80,80,80,80,80,80,80,80,80,80,80,80,80,80,87,87,87,87,87,87,87,87,87,87,87,87,87,87,87,87,87,87,87,87,87,76,76,76,76,76,76,76,76],"card_choices":[{"not_picked":["Redo","Hello World"],"picked":"Rip and Tear","floor":1.0},{"not_picked":["Coolheaded","Ball Lightning"],"picked":"Cold Snap","floor":6.0},{"not_picked":["Stack","Auto Shields"],"picked":"Coolheaded","floor":8.0},{"not_picked":["Heatsinks","Coolheaded"],"picked":"Genetic Algorithm","floor":10.0},{"not_picked":["Redo","Barrage","Steam Power"],"picked":"SKIP","floor":12.0},{"not_picked":["Ball Lightning","Consume"],"picked":"Blizzard","floor":13.0},{"not_picked":["Sweeping Beam","Tempest","Self Repair"],"picked":"SKIP","floor":14.0},{"not_picked":["Conserve Battery","Rebound"],"picked":"Gash","floor":18.0},{"not_picked":["Redo","Steam+1"],"picked":"Darkness+1","floor":21.0},{"not_picked":["FTL","BootSequence","Melter"],"picked":"SKIP","floor":25.0},{"not_picked":["Stack","Beam Cell+1"],"picked":"All For One","floor":27.0},{"not_picked":["Skim","Consume"],"picked":"Go for the Eyes+1","floor":30.0},{"not_picked":["Redo","Streamline+1"],"picked":"Defragment","floor":31.0},{"not_picked":["Fission","Creative AI"],"picked":"Reboot","floor":33.0},{"not_picked":["Beam Cell","Stack+1"],"picked":"Loop","floor":35.0},{"not_picked":["Ball Lightning+1","Tempest","Doom and Gloom"],"picked":"SKIP","floor":37.0},{"not_picked":["Hello World","Capacitor","Tempest+1"],"picked":"SKIP","floor":45.0},{"not_picked":["Streamline","Cold Snap+1"],"picked":"Consume+1","floor":46.0},{"not_picked":["Capacitor","Lockon"],"picked":"Reprogram","floor":54.0}],"player_experience":221743,"relics_obtained":[{"floor":0.0,"key":"Ornamental Fan"},{"floor":0.0,"key":"Incense Burner"},{"floor":0.0,"key":"Bronze Scales"},{"floor":8.0,"key":"Symbiotic Virus"},{"floor":9.0,"key":"MawBank"},{"floor":11.0,"key":"Blood Vial"},{"floor":13.0,"key":"Meat on the Bone"},{"floor":25.0,"key":"Oddly Smooth Stone"},{"floor":26.0,"key":"Juzu Bracelet"},{"floor":27.0,"key":"Strawberry"},{"floor":41.0,"key":"Unceasing Top"},{"floor":54.0,"key":"Orichalcum"}],"event_choices":[{"damage_healed":0.0,"max_hp_gain":5.0,"max_hp_loss":0.0,"gold_gain":0.0,"event_name":"Big Fish","player_choice":"Donut","floor":2.0,"gold_loss":0.0,"damage_taken":0.0},{"damage_healed":0.0,"max_hp_gain":0.0,"max_hp_loss":0.0,"gold_gain":0.0,"event_name":"Shining Light","player_choice":"Entered Light","floor":4.0,"gold_loss":0.0,"damage_taken":16.0,"cards_upgraded":["Strike_B","Defend_B"]},{"damage_healed":0.0,"max_hp_gain":0.0,"max_hp_loss":0.0,"gold_gain":75.0,"event_name":"World of Goop","player_choice":"Gather Gold","floor":7.0,"gold_loss":0.0,"damage_taken":11.0},{"damage_healed":0.0,"max_hp_gain":0.0,"max_hp_loss":0.0,"gold_gain":99.0,"event_name":"Nest","player_choice":"Stole From Cult","floor":19.0,"gold_loss":0.0,"damage_taken":0.0},{"damage_healed":0.0,"max_hp_gain":0.0,"max_hp_loss":0.0,"gold_gain":0.0,"event_name":"The Library","player_choice":"Read","floor":24.0,"gold_loss":0.0,"damage_taken":0.0,"cards_obtained":["Glacier"]},{"damage_healed":0.0,"max_hp_gain":0.0,"max_hp_loss":0.0,"gold_gain":0.0,"cards_transformed":["Defend_B","Strike_B"],"event_name":"Drug Dealer","player_choice":"Became Test Subject","floor":28.0,"gold_loss":0.0,"damage_taken":0.0,"cards_obtained":["Rebound","White Noise"]},{"damage_healed":0.0,"max_hp_gain":0.0,"max_hp_loss":0.0,"gold_gain":0.0,"event_name":"Match and Keep!","player_choice":"0 cards matched","floor":36.0,"gold_loss":0.0,"damage_taken":0.0,"cards_obtained":[]},{"damage_healed":0.0,"max_hp_gain":0.0,"max_hp_loss":0.0,"gold_gain":0.0,"event_name":"Winding Halls","player_choice":"Embrace Madness","floor":39.0,"gold_loss":0.0,"damage_taken":11.0,"cards_obtained":["Madness","Madness"]},{"damage_healed":0.0,"max_hp_gain":0.0,"max_hp_loss":0.0,"gold_gain":0.0,"event_name":"MindBloom","player_choice":"Fight","floor":41.0,"gold_loss":0.0,"damage_taken":0.0},{"damage_healed":0.0,"max_hp_gain":0.0,"max_hp_loss":0.0,"gold_gain":0.0,"event_name":"Tomb of Lord Red Mask","player_choice":"Paid","floor":47.0,"gold_loss":207.0,"damage_taken":0.0,"relics_obtained":["Red Mask"]},{"damage_healed":76.0,"max_hp_gain":0.0,"max_hp_loss":11.0,"gold_gain":0.0,"event_name":"The Moai Head","player_choice":"Heal","floor":48.0,"gold_loss":0.0,"damage_taken":0.0}],"is_beta":false,"boss_relics":[{"not_picked":["Ectoplasm","Runic Pyramid"],"picked":"Coffee Dripper"},{"not_picked":["Cursed Key","Busted Crown"],"picked":"Inserter"}],"items_purged_floors":[3,20,38],"is_endless":false,"potions_floor_spawned":[6,12,13,14,16,25,27,30,37,45,46],"ascension_level":0}