{"gold_per_floor":[111,286,10,28,28,28,93,93,93,125,125,54,66,85,85,186,186,203,203,214,265,278,278],"floor_reached":23,"playtime":1092,"items_purged":["Doubt"],"score":219,"play_id":"409b62d2-1c73-448b-beef-fdd7a628d8eb","local_time":"20190809155245","is_ascension_mode":true,"campfire_choices":[{"data":"Defragment","floor":6,"key":"SMITH"},{"data":"Zap","floor":8,"key":"SMITH"},{"floor":15,"key":"REST"}],"neow_cost":"NONE","seed_source_timestamp":322113588820415,"circlet_count":0,"master_deck":["Strike_B","Strike_B","Strike_B","Strike_B","Defend_B","Defend_B","Defend_B","Defend_B","Zap+1","Dualcast","Finesse","Ball Lightning","Defragment+1","Conserve Battery","Undo","Defragment","Ball Lightning","Thunder Strike","Leap","Redo","Capacitor"],"relics":["Cracked Core","Runic Capacitor","Tiny Chest","Unceasing Top","Ancient Tea Set","Runic Pyramid","Strawberry"],"potions_floor_usage":[10,16],"damage_taken":[{"damage":7,"enemies":"Small Slimes","floor":1,"turns":3},{"damage":5,"enemies":"Jaw Worm","floor":4,"turns":3},{"damage":28,"enemies":"3 Sentries","floor":7,"turns":6},{"damage":22,"enemies":"Gremlin Nob","floor":10,"turns":4},{"damage":0,"enemies":"Cultist","floor":13,"turns":3},{"damage":3,"enemies":"Exordium Wildlife","floor":14,"turns":3},{"damage":16,"enemies":"Hexaghost","floor":16,"turns":8},{"damage":35,"enemies":"2 Thieves","floor":18,"turns":4},{"damage":10,"enemies":"3 Byrds","floor":20,"turns":4},{"damage":13,"enemies":"Centurion and Healer","floor":22,"turns":6},{"damage":29,"enemies":"Slavers","floor":23,"turns":2}],"seed_played":"-3874717038975521854","potions_obtained":[{"floor":7,"key":"Ancient Potion"},{"floor":10,"key":"Fire Potion"}],"is_trial":false,"path_per_floor":["M","?","$","M","$","R","E","R","T","E","?","$","M","M","R","B",null,"M","?","M","T","M","E"],"character_chosen":"DEFECT","items_purchased":["Runic Capacitor","Defragment"],"campfire_rested":1,"item_purchase_floors":[3,12],"current_hp_per_floor":[68,68,68,63,63,63,35,35,35,13,13,13,13,10,32,16,75,40,40,30,37,24,0],"gold":278,"neow_bonus":"RANDOM_COLORLESS","is_prod":false,"is_daily":false,"chose_seed":false,"campfire_upgraded":2,"win_rate":0,"timestamp":1565391165,"path_taken":["M","?","$","M","$","R","E","R","T","E","?","?","?","M","R","BOSS","M","?","M","?","M","E"],"build_version":"2019-07-17","purchased_purges":1,"victory":false,"max_hp_per_floor":[75,75,75,75,75,75,75,75,75,75,75,75,75,75,75,75,75,75,75,75,82,82,82],"card_choices":[{"not_picked":["Barrage","Doom and Gloom"],"picked":"Ball Lightning","floor":1},{"not_picked":["Sweeping Beam","Skim"],"picked":"Defragment","floor":4},{"not_picked":["Beam Cell","Go for the Eyes"],"picked":"Conserve Battery","floor":7},{"not_picked":["Double Energy","Barrage"],"picked":"Undo","floor":10},{"not_picked":["Double Energy","Steam Power"],"picked":"Ball Lightning","floor":13},{"not_picked":["Double Energy","Compile Driver","Rebound"],"picked":"SKIP","floor":14},{"not_picked":["Seek","Hyperbeam"],"picked":"Thunder Strike","floor":16},{"not_picked":["Rebound","Darkness+1"],"picked":"Leap","floor":18},{"not_picked":["Undo+1","Stack"],"picked":"Redo","floor":20},{"not_picked":["Barrage+1","Ball Lightning"],"picked":"Capacitor","floor":22}],"player_experience":255114,"relics_obtained":[{"floor":7,"key":"Tiny Chest"},{"floor":9,"key":"Unceasing Top"},{"floor":10,"key":"Ancient Tea Set"},{"floor":21,"key":"Strawberry"}],"event_choices":[{"damage_healed":0,"gold_gain":175,"player_choice":"AGREE","damage_taken":0,"max_hp_gain":0,"max_hp_loss":0,"event_name":"Liars Game","floor":2,"gold_loss":0,"cards_obtained":["Doubt"]},{"damage_healed":0,"gold_gain":0,"player_choice":"Ignored","damage_taken":0,"max_hp_gain":0,"max_hp_loss":0,"event_name":"Shining Light","floor":11,"gold_loss":0},{"damage_healed":0,"gold_gain":0,"player_choice":"Ignored","damage_taken":0,"max_hp_gain":0,"max_hp_loss":0,"event_name":"Vampires","floor":19,"gold_loss":0}],"is_beta":false,"boss_relics":[{"not_picked":["Black Star","Coffee Dripper"],"picked":"Runic Pyramid"}],"items_purged_floors":[3],"is_endless":false,"potions_floor_spawned":[7,10],"killed_by":"Slavers","ascension_level":2}