{"gold_per_floor":[116,127,147,167,183,208,221,221,221,235,270,4,17,97,97,200,200,214,114,124,49,49,78,98,98,98,117,147,159,186,217,229,346,358,380,407,432,544,575,587,618,630,668,201,220,24,58,58,58,58],"floor_reached":51,"playtime":3393,"items_purged":["Strike_R","Regret","Shame"],"score":1056,"play_id":"7bc8f841-4c10-452b-a7f0-48443103048a","local_time":"20190716233905","is_ascension_mode":true,"campfire_choices":[{"data":"Armaments","floor":8,"key":"SMITH"},{"data":"Heavy Blade","floor":15,"key":"SMITH"},{"data":"Pummel","floor":25,"key":"SMITH"},{"floor":29,"key":"REST"},{"floor":32,"key":"REST"},{"floor":40,"key":"REST"},{"data":"Berserk","floor":42,"key":"SMITH"},{"data":"Limit Break","floor":49,"key":"SMITH"}],"neow_cost":"PERCENT_DAMAGE","seed_source_timestamp":713169250861814,"circlet_count":0,"master_deck":["Strike_R","Strike_R","Strike_R","Strike_R","Defend_R","Defend_R","Defend_R","Defend_R","Bash","Metallicize","Twin Strike","Evolve","Burning Pact","Heavy Blade+1","Armaments+1","Inflame","Metallicize","True Grit","Berserk+1","Parasite","Pummel+1","Demon Form+1","Entrench+1","Anger","Havoc+1","Dropkick+1","Cleave+1","Bludgeon","Thunderclap+1","Parasite","Battle Trance+1","Infernal Blade+1","Limit Break+1","Madness","Madness"],"relics":["Burning Blood","FossilizedHelix","Boot","Sundial","Mummified Hand","Brimstone","Calling Bell","Bag of Marbles","Frozen Egg 2","Incense Burner","Paper Frog","Pantograph","Ancient Tea Set","MawBank","Busted Crown","Vajra","Happy Flower","Lee\u0027s Waffle","Strawberry"],"potions_floor_usage":[3,6,7,11,13,16,23,28,30,33,37,39,47,47,50],"damage_taken":[{"damage":0,"enemies":"Cultist","floor":1,"turns":3},{"damage":8,"enemies":"Jaw Worm","floor":2,"turns":4},{"damage":0,"enemies":"Small Slimes","floor":3,"turns":3},{"damage":0,"enemies":"2 Fungi Beasts","floor":4,"turns":4},{"damage":14,"enemies":"3 Louse","floor":5,"turns":4},{"damage":16,"enemies":"Gremlin Nob","floor":6,"turns":4},{"damage":7,"enemies":"Gremlin Gang","floor":7,"turns":6},{"damage":19,"enemies":"Exordium Thugs","floor":10,"turns":5},{"damage":13,"enemies":"Lagavulin","floor":11,"turns":6},{"damage":0,"enemies":"3 Louse","floor":13,"turns":3},{"damage":0,"enemies":"Slime Boss","floor":16,"turns":6},{"damage":18,"enemies":"Shell Parasite","floor":18,"turns":3},{"damage":0,"enemies":"Spheric Guardian","floor":20,"turns":3},{"damage":23,"enemies":"Slavers","floor":23,"turns":4},{"damage":9,"enemies":"Snake Plant","floor":24,"turns":2},{"damage":26,"enemies":"Shelled Parasite and Fungi","floor":27,"turns":5},{"damage":20,"enemies":"Book of Stabbing","floor":28,"turns":4},{"damage":7,"enemies":"Centurion and Healer","floor":30,"turns":3},{"damage":20,"enemies":"Snecko","floor":31,"turns":4},{"damage":53,"enemies":"Automaton","floor":33,"turns":8},{"damage":19,"enemies":"3 Darklings","floor":35,"turns":4},{"damage":0,"enemies":"Orb Walker","floor":36,"turns":2},{"damage":20,"enemies":"Writhing Mass","floor":37,"turns":3},{"damage":42,"enemies":"Sphere and 2 Shapes","floor":39,"turns":5},{"damage":0,"enemies":"4 Shapes","floor":41,"turns":4},{"damage":0,"enemies":"3 Darklings","floor":45,"turns":2},{"damage":0,"enemies":"Giant Head","floor":47,"turns":4},{"damage":68,"enemies":"Donu and Deca","floor":50,"turns":5}],"seed_played":"-7383538424762736290","potions_obtained":[{"floor":1,"key":"Ancient Potion"},{"floor":2,"key":"Poison Potion"},{"floor":5,"key":"FearPotion"},{"floor":7,"key":"Strength Potion"},{"floor":10,"key":"Ancient Potion"},{"floor":11,"key":"Swift Potion"},{"floor":18,"key":"Poison Potion"},{"floor":24,"key":"LiquidBronze"},{"floor":27,"key":"GamblersBrew"},{"floor":31,"key":"Weak Potion"},{"floor":35,"key":"Regen Potion"},{"floor":36,"key":"Weak Potion"},{"floor":41,"key":"SneckoOil"}],"is_trial":false,"path_per_floor":["M","M","M","M","M","E","M","R","T","M","E","$","M","?","R","B",null,"M","$","M","?","?","E","M","R","T","M","E","R","M","M","R","B",null,"M","M","M","?","M","R","M","R","T","$","M","$","E","?","R","B",null],"character_chosen":"IRONCLAD","items_purchased":["Brimstone","Happy Flower","Limit Break","Ancient Potion","AttackPotion","Lee\u0027s Waffle"],"campfire_rested":3,"item_purchase_floors":[12,44,44,44,44,46],"current_hp_per_floor":[62,60,66,72,64,54,53,53,53,40,33,33,39,39,39,45,71,59,59,65,65,65,48,45,45,45,25,11,35,34,20,44,22,66,53,59,54,54,18,42,48,48,48,48,54,87,94,82,82,32],"gold":58,"neow_bonus":"ONE_RARE_RELIC","is_prod":false,"is_daily":false,"chose_seed":false,"campfire_upgraded":5,"win_rate":0,"timestamp":1563345545,"path_taken":["M","M","M","M","M","E","M","R","T","M","E","$","?","?","R","BOSS","M","$","M","?","?","E","M","R","T","M","E","R","M","?","R","BOSS","M","M","?","?","?","R","M","R","T","$","M","?","E","?","R","BOSS"],"build_version":"2019-07-05","purchased_purges":3,"victory":true,"max_hp_per_floor":[80,80,80,80,80,80,80,80,80,80,80,80,80,80,80,80,80,80,80,80,80,80,80,80,80,80,80,80,80,80,80,80,80,80,80,80,80,80,80,80,80,80,80,80,80,87,94,94,94,94],"card_choices":[{"not_picked":["Sentinel","Flex"],"picked":"Metallicize","floor":1},{"not_picked":["Rupture","Havoc"],"picked":"Twin Strike","floor":2},{"not_picked":["Perfected Strike","Flame Barrier"],"picked":"Evolve","floor":3},{"not_picked":["Bloodletting","Body Slam"],"picked":"Burning Pact","floor":4},{"not_picked":["Perfected Strike","Fire Breathing"],"picked":"Heavy Blade","floor":5},{"not_picked":["Power Through","Reckless Charge"],"picked":"Armaments","floor":6},{"not_picked":["Intimidate","Iron Wave"],"picked":"Inflame","floor":7},{"not_picked":["Flex","Reckless Charge"],"picked":"Metallicize","floor":10},{"not_picked":["Bloodletting","Seeing Red"],"picked":"True Grit","floor":11},{"not_picked":["Heavy Blade","Fire Breathing","Warcry"],"picked":"SKIP","floor":13},{"not_picked":["Double Tap","Juggernaut"],"picked":"Berserk","floor":16},{"not_picked":["Evolve+1","True Grit"],"picked":"Pummel","floor":18},{"not_picked":["Sentinel","Flex","Armaments"],"picked":"SKIP","floor":20},{"not_picked":["Perfected Strike","Battle Trance+1"],"picked":"Demon Form+1","floor":23},{"not_picked":["Headbutt","Blood for Blood"],"picked":"Entrench+1","floor":24},{"not_picked":["Warcry","Demon Form+1"],"picked":"Anger","floor":27},{"not_picked":["Armaments+1","Evolve+1"],"picked":"Havoc+1","floor":28},{"not_picked":["Power Through","Sword Boomerang"],"picked":"Dropkick+1","floor":30},{"not_picked":["Perfected Strike","Armaments"],"picked":"Cleave+1","floor":31},{"not_picked":["Fiend Fire","Barricade+1"],"picked":"Bludgeon","floor":33},{"not_picked":[],"picked":"Thunderclap+1","floor":35},{"not_picked":["Burning Pact"],"picked":"SKIP","floor":36},{"not_picked":["Sever Soul+1"],"picked":"SKIP","floor":37},{"not_picked":[],"picked":"Battle Trance+1","floor":39},{"not_picked":[],"picked":"Infernal Blade+1","floor":41},{"not_picked":["Hemokinesis+1"],"picked":"SKIP","floor":45},{"not_picked":["Evolve+1"],"picked":"SKIP","floor":47}],"player_experience":332475,"relics_obtained":[{"floor":6,"key":"Boot"},{"floor":9,"key":"Sundial"},{"floor":11,"key":"Mummified Hand"},{"floor":17,"key":"Bag of Marbles"},{"floor":17,"key":"Frozen Egg 2"},{"floor":17,"key":"Incense Burner"},{"floor":23,"key":"Pantograph"},{"floor":26,"key":"Ancient Tea Set"},{"floor":28,"key":"MawBank"},{"floor":43,"key":"Vajra"},{"floor":47,"key":"Strawberry"}],"event_choices":[{"damage_healed":0,"gold_gain":80,"player_choice":"Gained Gold","damage_taken":0,"max_hp_gain":0,"max_hp_loss":0,"event_name":"Golden Wing","floor":14,"gold_loss":0},{"cards_removed":["Shame"],"damage_healed":0,"gold_gain":0,"player_choice":"Gave Gold","damage_taken":0,"max_hp_gain":0,"max_hp_loss":0,"event_name":"Beggar","floor":21,"gold_loss":75},{"damage_healed":0,"gold_gain":0,"player_choice":"Stole Relic","damage_taken":0,"relics_obtained":["Paper Frog"],"max_hp_gain":0,"max_hp_loss":0,"event_name":"Addict","floor":22,"gold_loss":0,"cards_obtained":["Shame"]},{"damage_healed":0,"gold_gain":100,"player_choice":"Pray","damage_taken":0,"max_hp_gain":0,"max_hp_loss":0,"event_name":"Golden Shrine","floor":38,"gold_loss":0},{"damage_healed":0,"gold_gain":0,"player_choice":"Embrace Madness","damage_taken":12,"max_hp_gain":0,"max_hp_loss":0,"event_name":"Winding Halls","floor":48,"gold_loss":0,"cards_obtained":["Madness","Madness"]}],"is_beta":false,"boss_relics":[{"not_picked":["Sozu","Ectoplasm"],"picked":"Calling Bell"},{"not_picked":["Snecko Eye","Tiny House"],"picked":"Busted Crown"}],"items_purged_floors":[12,19,44],"is_endless":false,"potions_floor_spawned":[1,2,5,7,10,11,18,24,27,31,35,36,41],"ascension_level":5}