{"gold_per_floor":[118,43,43,61,136,170,184,201,225,260,260,260,293,304,304,400,400,416,430,430,24,37,69,69,89,89,89,100,117,134,134],"floor_reached":31,"playtime":1932,"items_purged":["Strike_G"],"score":383,"play_id":"98db9a7e-b46d-47a6-86c7-35538c3935ea","local_time":"20190718233015","is_ascension_mode":true,"campfire_choices":[{"data":"Neutralize","floor":11,"key":"SMITH"},{"floor":15,"key":"REST"},{"floor":27,"key":"REST"}],"neow_cost":"NONE","seed_source_timestamp":886912838313971,"circlet_count":0,"master_deck":["Strike_G","Strike_G","Strike_G","Defend_G","Defend_G","Defend_G","Defend_G","Survivor","Neutralize+1","Deadly Poison","Dash","Flying Knee","Cloak And Dagger","Masterful Stab","Predator","Cloak And Dagger","Backstab","Deflect","Envenom","Noxious Fumes+1","Deflect","Escape Plan","Outmaneuver+1","Noxious Fumes","Deadly Poison+1"],"relics":["Ring of the Snake","NeowsBlessing","Anchor","Smiling Mask","Potion Belt","Strawberry","Pantograph","Cursed Key","Membership Card","Mummified Hand","Omamori","Juzu Bracelet","Singing Bowl"],"potions_floor_usage":[10,16,22,24,25,25,29,30,31],"damage_taken":[{"damage":0,"enemies":"Jaw Worm","floor":1,"turns":1},{"damage":0,"enemies":"2 Louse","floor":4,"turns":1},{"damage":0,"enemies":"3 Sentries","floor":6,"turns":1},{"damage":0,"enemies":"Cultist","floor":7,"turns":3},{"damage":0,"enemies":"2 Fungi Beasts","floor":8,"turns":3},{"damage":10,"enemies":"Gremlin Nob","floor":10,"turns":3},{"damage":12,"enemies":"3 Sentries","floor":13,"turns":9},{"damage":0,"enemies":"Blue Slaver","floor":14,"turns":2},{"damage":5,"enemies":"The Guardian","floor":16,"turns":12},{"damage":2,"enemies":"2 Thieves","floor":18,"turns":4},{"damage":2,"enemies":"Shell Parasite","floor":19,"turns":5},{"damage":0,"enemies":"Chosen and Byrds","floor":22,"turns":4},{"damage":19,"enemies":"Slavers","floor":23,"turns":7},{"damage":0,"enemies":"Snake Plant","floor":24,"turns":1},{"damage":7,"enemies":"Centurion and Healer","floor":25,"turns":6},{"damage":12,"enemies":"Snecko","floor":28,"turns":4},{"damage":0,"enemies":"Shelled Parasite and Fungi","floor":29,"turns":5},{"damage":22,"enemies":"Snake Plant","floor":30,"turns":5},{"damage":36,"enemies":"Book of Stabbing","floor":31,"turns":5}],"seed_played":"-1526225377180096220","potions_obtained":[{"floor":4,"key":"FearPotion"},{"floor":13,"key":"Swift Potion"},{"floor":14,"key":"EssenceOfSteel"},{"floor":16,"key":"SkillPotion"},{"floor":18,"key":"Ancient Potion"},{"floor":19,"key":"SmokeBomb"},{"floor":23,"key":"Weak Potion"},{"floor":29,"key":"Strength Potion"},{"floor":30,"key":"Explosive Potion"}],"is_trial":false,"path_per_floor":["M","$","?","M","?","E","M","M","T","E","R","?","E","M","R","B",null,"M","M","?","$","M","E","M","M","T","R","M","M","M","E"],"character_chosen":"THE_SILENT","items_purchased":["Membership Card","Mummified Hand","Omamori"],"campfire_rested":2,"item_purchase_floors":[21,21,21],"current_hp_per_floor":[70,70,70,70,59,59,59,59,59,49,49,23,11,11,34,54,71,69,67,67,67,67,48,48,41,41,64,52,54,32,0],"gold":134,"neow_bonus":"THREE_ENEMY_KILL","is_prod":false,"is_daily":false,"chose_seed":false,"campfire_upgraded":1,"win_rate":0,"timestamp":1563517815,"path_taken":["M","$","?","M","?","E","M","M","T","E","R","?","E","M","R","BOSS","M","M","?","$","M","E","M","M","T","R","M","M","M","E"],"build_version":"2019-07-17","purchased_purges":1,"victory":false,"max_hp_per_floor":[70,70,70,70,70,70,70,70,70,70,70,77,77,77,77,77,77,77,77,77,77,77,77,77,77,77,77,77,79,79,79],"card_choices":[{"not_picked":["Slice","Underhanded Strike"],"picked":"Deadly Poison","floor":1},{"not_picked":["Riddle With Holes","Masterful Stab"],"picked":"Flying Knee","floor":4},{"not_picked":["Slice","Dagger Spray"],"picked":"Cloak And Dagger","floor":6},{"not_picked":["Endless Agony","Backstab"],"picked":"Masterful Stab","floor":7},{"not_picked":["Choke","Flechettes"],"picked":"Predator","floor":8},{"not_picked":["Calculated Gamble","Masterful Stab"],"picked":"Cloak And Dagger","floor":10},{"not_picked":["Sucker Punch","Blade Dance"],"picked":"Backstab","floor":13},{"not_picked":["Riddle With Holes","Acrobatics"],"picked":"Deflect","floor":14},{"not_picked":["Doppelganger","Night Terror"],"picked":"Envenom","floor":16},{"not_picked":["Blade Dance","Deflect"],"picked":"Noxious Fumes+1","floor":18},{"not_picked":["Underhanded Strike","Setup"],"picked":"Deflect","floor":19},{"not_picked":["Sucker Punch","Phantasmal Killer","Underhanded Strike"],"picked":"SKIP","floor":22},{"not_picked":["PiercingWail+1","Outmaneuver"],"picked":"Escape Plan","floor":23},{"not_picked":["Finisher+1","Acrobatics+1"],"picked":"Outmaneuver+1","floor":25},{"not_picked":["Underhanded Strike","Escape Plan"],"picked":"Noxious Fumes","floor":28},{"not_picked":["Dagger Spray","Riddle With Holes","Slice"],"picked":"Singing Bowl","floor":29},{"not_picked":["Wraith Form v2","Underhanded Strike"],"picked":"Deadly Poison+1","floor":30}],"player_experience":355728,"relics_obtained":[{"floor":6,"key":"Anchor"},{"floor":9,"key":"Smiling Mask"},{"floor":10,"key":"Potion Belt"},{"floor":13,"key":"Pantograph"},{"floor":23,"key":"Juzu Bracelet"},{"floor":26,"key":"Singing Bowl"}],"event_choices":[{"damage_healed":0,"gold_gain":0,"cards_transformed":["Strike_G"],"player_choice":"Change","damage_taken":0,"max_hp_gain":0,"max_hp_loss":0,"event_name":"Living Wall","floor":3,"gold_loss":0,"cards_obtained":["Dash"]},{"damage_healed":0,"gold_gain":75,"player_choice":"Gather Gold","damage_taken":11,"max_hp_gain":0,"max_hp_loss":0,"event_name":"World of Goop","floor":5,"gold_loss":0},{"damage_healed":0,"gold_gain":0,"player_choice":"Success","damage_taken":33,"relics_obtained":["Strawberry"],"max_hp_gain":0,"max_hp_loss":0,"event_name":"Scrap Ooze","floor":12,"gold_loss":0},{"cards_removed":["Defend_G"],"damage_healed":0,"gold_gain":0,"player_choice":"Card Removal","damage_taken":0,"max_hp_gain":0,"max_hp_loss":0,"event_name":"Wheel of Change","floor":20,"gold_loss":0}],"is_beta":false,"boss_relics":[{"not_picked":["Snecko Eye","Coffee Dripper"],"picked":"Cursed Key"}],"items_purged_floors":[2],"is_endless":false,"potions_floor_spawned":[4,13,14,16,18,19,23,29,30],"killed_by":"Book of Stabbing","ascension_level":5}