{"path_per_floor":["M","?","?","?","M","E","R","M","T","R","M","?","M","M","R","B",null,"M","M","?","T","M","E","R","?","T","M","M","$","$","M","R","B",null,"M","?","M","?","M","R","M","M","T","M","M","R","$","M","R","B"],"character_chosen":"IRONCLAD","items_purchased":["Lee\u0027s Waffle","Oddly Smooth Stone"],"gold_per_floor":[114,114,114,114,128,163,163,178,204,204,224,524,544,568,568,691,691,691,691,641,641,641,641,641,556,556,556,556,290,42,42,42,42,42,42,0,0,0,0,0,0,0,0,0,0,0,0,0,0,0],"floor_reached":51,"campfire_rested":2,"playtime":1391,"current_hp_per_floor":[80,80,74,74,74,58,58,60,60,60,62,62,44,46,68,8,74,65,67,67,67,66,29,51,51,51,36,18,81,81,81,81,57,81,75,75,77,77,68,68,64,60,60,39,81,81,81,81,81,65],"items_purged":["Strike_R","Strike_R"],"gold":0,"score":575,"play_id":"8b851c36-325a-469f-9baf-5b18fff97adf","is_prod":false,"is_daily":false,"is_ascension_mode":false,"campfire_upgraded":6,"path_taken":["M","?","?","?","M","E","R","?","T","R","M","?","M","?","R","BOSS","M","?","?","?","M","E","R","?","T","M","?","?","$","M","R","BOSS","M","?","?","?","M","R","M","M","T","?","M","R","$","M","R","BOSS"],"build_version":"2018-02-22-PROD2","purchased_purges":3,"victory":true,"master_deck":["Strike_R","Strike_R","Defend_R","Defend_R","Defend_R","Defend_R","Bash+1","Infernal Blade+1","Offering+1","Iron Wave","Whirlwind+1","Battle Trance+1","True Grit+1","Demon Form+1","Heavy Blade+1","Heavy Blade+1","Pommel Strike","Shrug It Off+1","Entrench+1","Reaper","Flex+1","Pommel Strike+1"],"max_hp_per_floor":[80,80,74,74,74,74,74,74,74,74,74,74,74,74,74,74,74,74,74,74,74,74,74,74,74,74,74,74,81,81,81,81,81,81,81,81,81,81,81,81,81,81,81,81,81,81,81,81,81,81],"relics":["Burning Blood","Golden Idol","Anchor","Lantern","Old Coin","Ectoplasm","Bag of Preparation","Toxic Egg 2","Dodecahedron","Bag of Marbles","Lee\u0027s Waffle","Oddly Smooth Stone","Question Card","Red Mask","Dead Branch"],"card_choices":[{"not_picked":["Havoc","Warcry"],"picked":"Infernal Blade"},{"not_picked":["Spot Weakness","Sword Boomerang"],"picked":"Offering"},{"not_picked":["Warcry","Wild Strike"],"picked":"Iron Wave"},{"not_picked":["Warcry","Rage"],"picked":"Whirlwind"},{"not_picked":["Feel No Pain","Pommel Strike"],"picked":"Battle Trance"},{"not_picked":["Twin Strike","Ghostly Armor"],"picked":"True Grit"},{"not_picked":["Impervious","Immolate"],"picked":"Demon Form"},{"not_picked":["Seeing Red","Shrug It Off"],"picked":"Heavy Blade"},{"not_picked":["Evolve","Blood for Blood"],"picked":"Heavy Blade"},{"not_picked":["Armaments","Rage"],"picked":"Pommel Strike"},{"not_picked":["Power Through","Warcry"],"picked":"Shrug It Off"},{"not_picked":["Corruption","Cleave"],"picked":"Entrench"},{"not_picked":["Fiend Fire","Demon Form"],"picked":"Reaper"},{"not_picked":["Havoc","Power Through","Clash"],"picked":"Flex"},{"not_picked":["Thunderclap","Armaments","Sword Boomerang"],"picked":"Flex"},{"not_picked":["Sword Boomerang","Brutality","Clash"],"picked":"Pommel Strike"}],"player_experience":347580,"potions_floor_usage":[6,6,16,23,33,33,41,50,50,50],"damage_taken":[{"damage":5,"enemies":"2 Louse","floor":1,"turns":3},{"damage":0,"enemies":"Small Slimes","floor":5,"turns":3},{"damage":22,"enemies":"Gremlin Nob","floor":6,"turns":3},{"damage":4,"enemies":"Jaw Worm","floor":8,"turns":1},{"damage":4,"enemies":"3 Louse","floor":11,"turns":2},{"damage":24,"enemies":"Large Slime","floor":13,"turns":3},{"damage":4,"enemies":"2 Fungi Beasts","floor":14,"turns":2},{"damage":66,"enemies":"The Guardian","floor":16,"turns":14},{"damage":15,"enemies":"Chosen","floor":18,"turns":4},{"damage":4,"enemies":"Spheric Guardian","floor":19,"turns":3},{"damage":7,"enemies":"Centurion and Healer","floor":22,"turns":5},{"damage":43,"enemies":"Gremlin Leader","floor":23,"turns":5},{"damage":21,"enemies":"Slaver and Parasite","floor":27,"turns":5},{"damage":24,"enemies":"3 Cultists","floor":28,"turns":5},{"damage":4,"enemies":"Snake Plant","floor":31,"turns":1},{"damage":30,"enemies":"Automaton","floor":33,"turns":8},{"damage":12,"enemies":"3 Shapes","floor":35,"turns":2},{"damage":4,"enemies":"3 Darklings","floor":37,"turns":1},{"damage":15,"enemies":"Maw","floor":39,"turns":6},{"damage":27,"enemies":"4 Shapes","floor":41,"turns":4},{"damage":10,"enemies":"3 Darklings","floor":42,"turns":3},{"damage":32,"enemies":"Maw","floor":44,"turns":6},{"damage":4,"enemies":"4 Shapes","floor":45,"turns":2},{"damage":4,"enemies":"3 Darklings","floor":48,"turns":1},{"damage":52,"enemies":"Awakened One","floor":50,"turns":8}],"event_choices":[{"event_name":"Living Wall","player_choice":"Forget","floor":2,"damage_taken":0},{"event_name":"Golden Idol","player_choice":"Lose Max HP","floor":3,"damage_taken":0},{"event_name":"Liars Game","player_choice":"disagreed","floor":4,"damage_taken":0},{"event_name":"Dead Adventurer","player_choice":"Searched \u00271\u0027 times","floor":12,"damage_taken":0},{"event_name":"The Joust","player_choice":"Bet on Owner","floor":20,"damage_taken":0},{"event_name":"Addict","player_choice":"Obtained Relic","floor":25,"damage_taken":0},{"event_name":"Tomb of Lord Red Mask","player_choice":"Paid","floor":36,"damage_taken":0}],"boss_relics":[{"not_picked":["Runic Pyramid","Cursed Key"],"picked":"Ectoplasm"},{"not_picked":["Pandora\u0027s Box","Mark of Pain"],"picked":"Question Card"}],"potions_floor_spawned":[1,5,8,16,18,27,28,41,42,44],"seed_played":"-3785156417378586068","ascension_level":0,"is_trial":false}