{"gold_per_floor":[113,113,127,127,148,187,187,230,230,230,7,7,7,51,51,179,179,195,45,45,64,74,74],"floor_reached":23,"playtime":1640,"items_purged":[],"score":331,"play_id":"e5bf271c-d6a0-4ff2-99e0-51c0d58a73f1","local_time":"20181124111851","is_ascension_mode":true,"campfire_choices":[{"floor":7.0,"key":"REST"},{"data":"Defragment","floor":10.0,"key":"SMITH"},{"floor":13.0,"key":"REST"},{"floor":15.0,"key":"REST"}],"neow_cost":"NONE","seed_source_timestamp":0,"circlet_count":0,"master_deck":["AscendersBane","Strike_B","Strike_B","Strike_B","Strike_B","Defend_B","Defend_B+1","Defend_B","Defend_B","Zap","Dualcast","Ball Lightning+1","Defragment+1","Reinforced Body","White Noise","Apotheosis","Melter","Beam Cell","Core Surge","Leap"],"special_seed":0,"relics":["Sozu","Bloody Idol","Shuriken","WingedGreaves","Ancient Tea Set","Thread and Needle","Blood Vial","Lizard Tail","Orichalcum"],"potions_floor_usage":[],"damage_taken":[{"damage":2.0,"enemies":"Small Slimes","floor":1.0,"turns":4.0},{"damage":2.0,"enemies":"Jaw Worm","floor":3.0,"turns":3.0},{"damage":4.0,"enemies":"2 Louse","floor":5.0,"turns":3.0},{"damage":31.0,"enemies":"Gremlin Nob","floor":6.0,"turns":4.0},{"damage":10.0,"enemies":"Lagavulin","floor":8.0,"turns":7.0},{"damage":25.0,"enemies":"Gremlin Nob","floor":14.0,"turns":4.0},{"damage":4.0,"enemies":"The Guardian","floor":16.0,"turns":9.0},{"damage":29,"enemies":"2 Thieves","floor":18,"turns":4},{"damage":13,"enemies":"3 Byrds","floor":21,"turns":6},{"damage":22,"enemies":"Snake Plant","floor":22,"turns":4},{"damage":53,"enemies":"Gremlin Leader","floor":23,"turns":6}],"seed_played":"-5160308569766004214","potions_obtained":[],"is_trial":false,"path_per_floor":["M","?","M","?","M","E","R","E","T","R","$","?","R","E","R","B",null,"M","$","?","M","M","E"],"character_chosen":"DEFECT","items_purchased":["Apotheosis","Melter","Orichalcum"],"campfire_rested":3,"item_purchase_floors":[11,11,19],"current_hp_per_floor":[66,66,64,61,57,26,46,36,36,36,36,22,42,17,37,35,61,34,34,34,28,13,0],"gold":74,"neow_bonus":"BOSS_RELIC","is_prod":false,"is_daily":false,"chose_seed":false,"campfire_upgraded":1,"win_rate":0,"timestamp":1543076331,"path_taken":["M","?","M","?","M","E","R","E","T","R","$","?","R","E","R","BOSS","M","$","?","M","M","E"],"build_version":"2018-11-15","purchased_purges":0,"victory":false,"max_hp_per_floor":[75,69,69,69,69,69,69,69,69,69,69,69,69,69,69,69,69,69,69,69,69,69,69],"card_choices":[{"not_picked":["Chill","Leap"],"picked":"Ball Lightning","floor":1.0},{"not_picked":["Scrape","Gash"],"picked":"Defragment","floor":3.0},{"not_picked":["Undo","Doom and Gloom","Turbo"],"picked":"SKIP","floor":5.0},{"not_picked":["Compile Driver","Steam"],"picked":"Reinforced Body","floor":6.0},{"not_picked":["Steam Power","Storm"],"picked":"White Noise","floor":8.0},{"not_picked":["Sweeping Beam","Turbo"],"picked":"Beam Cell","floor":14.0},{"not_picked":["Multi-Cast","Seek"],"picked":"Core Surge","floor":16.0},{"not_picked":["Blizzard","Go for the Eyes","Steam"],"picked":"SKIP","floor":18},{"not_picked":["Sweeping Beam","Loop","Capacitor"],"picked":"SKIP","floor":21},{"not_picked":["Barrage","Rebound"],"picked":"Leap","floor":22}],"player_experience":569508,"relics_obtained":[{"floor":6.0,"key":"WingedGreaves"},{"floor":8.0,"key":"Ancient Tea Set"},{"floor":9.0,"key":"Thread and Needle"},{"floor":14.0,"key":"Blood Vial"}],"event_choices":[{"damage_healed":0.0,"max_hp_gain":0.0,"max_hp_loss":6.0,"gold_gain":0.0,"event_name":"Golden Idol","player_choice":"Lose Max HP","floor":2.0,"gold_loss":0.0,"damage_taken":0.0,"relics_obtained":["Golden Idol"]},{"damage_healed":0.0,"max_hp_gain":0.0,"max_hp_loss":0.0,"gold_gain":0.0,"event_name":"Scrap Ooze","player_choice":"Success","floor":4.0,"gold_loss":0.0,"damage_taken":3.0,"relics_obtained":["Shuriken"]},{"damage_healed":0.0,"max_hp_gain":0.0,"max_hp_loss":0.0,"gold_gain":0.0,"event_name":"Shining Light","player_choice":"Entered Light","floor":12.0,"gold_loss":0.0,"damage_taken":14.0,"cards_upgraded":["Ball Lightning","Defend_B"]},{"damage_healed":0,"gold_gain":0,"player_choice":"Gave Idol","damage_taken":0,"relics_obtained":["Bloody Idol"],"max_hp_gain":0,"max_hp_loss":0,"event_name":"Forgotten Altar","floor":20,"relics_lost":["Golden Idol"],"gold_loss":0}],"is_beta":false,"boss_relics":[{"not_picked":["Snecko Eye","Calling Bell"],"picked":"Lizard Tail"}],"items_purged_floors":[],"is_endless":false,"potions_floor_spawned":[3,8,14,16,18,22],"killed_by":"Gremlin Leader","ascension_level":12}