{"gold_per_floor":[118,129,79,4,4,4,16,29,110,139,139,139,169,444,444,547,547,565,565,532,550,550],"floor_reached":22,"playtime":1539,"items_purged":["Strike_B"],"score":223,"play_id":"29507a52-4bdc-4b26-ab16-6a7df3635a53","local_time":"20190702172444","is_ascension_mode":true,"campfire_choices":[{"data":"Zap","floor":6,"key":"SMITH"},{"data":"Dualcast","floor":12,"key":"SMITH"},{"floor":15,"key":"REST"}],"neow_cost":"NONE","seed_source_timestamp":552076732619814,"circlet_count":0,"master_deck":["Strike_B","Defend_B","Defend_B","Defend_B","Zap+1","Dualcast+1","Cold Snap","Storm","Reinforced Body","Scrape","Reboot","Capacitor","Machine Learning","Gash+1","Gash","Genetic Algorithm"],"relics":["Black Star","Orichalcum","Bronze Scales","Matryoshka","Omamori","Blood Vial","Empty Cage"],"potions_floor_usage":[13,16],"damage_taken":[{"damage":7,"enemies":"Jaw Worm","floor":1,"turns":4},{"damage":0,"enemies":"Small Slimes","floor":2,"turns":4},{"damage":0,"enemies":"Cultist","floor":7,"turns":4},{"damage":1,"enemies":"2 Fungi Beasts","floor":8,"turns":5},{"damage":40,"enemies":"Gremlin Nob","floor":10,"turns":5},{"damage":6,"enemies":"3 Sentries","floor":13,"turns":8},{"damage":38,"enemies":"Hexaghost","floor":16,"turns":11},{"damage":27,"enemies":"Chosen","floor":18,"turns":6},{"damage":21,"enemies":"2 Thieves","floor":20,"turns":5},{"damage":25,"enemies":"Snake Plant","floor":21,"turns":5},{"damage":8,"enemies":"Shelled Parasite and Fungi","floor":22,"turns":2}],"seed_played":"-2886682663139037398","potions_obtained":[{"floor":7,"key":"GamblersBrew"},{"floor":13,"key":"FearPotion"}],"is_trial":false,"path_per_floor":["M","M","?","$","?","R","M","M","T","E","?","R","E","?","R","B",null,"M","?","M","M","M"],"character_chosen":"DEFECT","items_purchased":[],"campfire_rested":1,"item_purchase_floors":[],"current_hp_per_floor":[68,68,68,68,68,68,68,67,67,27,27,27,21,21,43,7,75,48,48,29,6,0],"gold":550,"neow_bonus":"BOSS_RELIC","is_prod":false,"is_daily":false,"chose_seed":false,"campfire_upgraded":2,"win_rate":0,"timestamp":1562113484,"path_taken":["M","M","?","$","?","R","?","M","T","E","?","R","E","?","R","BOSS","M","?","M","M","M"],"build_version":"2019-07-01","purchased_purges":1,"victory":false,"max_hp_per_floor":[75,75,75,75,75,75,75,75,75,75,75,75,75,75,75,75,75,75,75,75,75,75],"card_choices":[{"not_picked":["BootSequence","Turbo"],"picked":"Cold Snap","floor":1},{"not_picked":["Self Repair","Ball Lightning"],"picked":"Storm","floor":2},{"not_picked":["Chill","Turbo"],"picked":"Reinforced Body","floor":7},{"not_picked":["Sweeping Beam","Chill"],"picked":"Scrape","floor":8},{"not_picked":["Stack","Double Energy"],"picked":"Reboot","floor":10},{"not_picked":["Sunder","Reprogram"],"picked":"Capacitor","floor":13},{"not_picked":["Hyperbeam","Thunder Strike"],"picked":"Machine Learning","floor":16},{"not_picked":["Static Discharge+1","Go for the Eyes+1"],"picked":"Gash+1","floor":18},{"not_picked":["Sweeping Beam","Barrage+1"],"picked":"Genetic Algorithm","floor":20},{"not_picked":["BootSequence","Turbo","Storm"],"picked":"SKIP","floor":21}],"player_experience":130431,"relics_obtained":[{"floor":10,"key":"Orichalcum"},{"floor":10,"key":"Bronze Scales"},{"floor":13,"key":"Omamori"},{"floor":13,"key":"Blood Vial"}],"event_choices":[{"cards_removed":["Strike_B"],"damage_healed":0,"gold_gain":0,"player_choice":"Card Removal","damage_taken":0,"max_hp_gain":0,"max_hp_loss":0,"event_name":"The Cleric","floor":3,"gold_loss":50},{"cards_removed":["Defend_B"],"damage_healed":0,"gold_gain":0,"player_choice":"Purged","damage_taken":0,"max_hp_gain":0,"max_hp_loss":0,"event_name":"Purifier","floor":5,"gold_loss":0},{"damage_healed":0,"gold_gain":0,"player_choice":"Box","damage_taken":0,"relics_obtained":["Matryoshka"],"max_hp_gain":0,"max_hp_loss":0,"event_name":"Big Fish","floor":11,"gold_loss":0,"cards_obtained":["Regret"]},{"damage_healed":0,"gold_gain":275,"player_choice":"Desecrate","damage_taken":0,"max_hp_gain":0,"max_hp_loss":0,"event_name":"Golden Shrine","floor":14,"gold_loss":0,"cards_obtained":["Regret"]},{"damage_healed":0,"gold_gain":0,"player_choice":"Read","damage_taken":0,"max_hp_gain":0,"max_hp_loss":0,"event_name":"The Library","floor":19,"gold_loss":0,"cards_obtained":["Gash"]}],"is_beta":false,"boss_relics":[{"not_picked":["White Beast Statue","Coffee Dripper"],"picked":"Empty Cage"}],"items_purged_floors":[4],"is_endless":false,"potions_floor_spawned":[7,13],"killed_by":"Shelled Parasite and Fungi","ascension_level":3}