{"gold_per_floor":[216,216,216,235,250,250,281,291,291,291,291],"floor_reached":11,"playtime":598,"items_purged":[],"score":139,"play_id":"5edf2af6-4734-4a1a-8add-9c91449835c2","local_time":"20181231143704","is_ascension_mode":true,"campfire_choices":[{"data":"Searing Blow","floor":6,"key":"SMITH"}],"neow_cost":"NONE","seed_source_timestamp":449815059943592,"circlet_count":0,"master_deck":["AscendersBane","Strike_R","Strike_R","Strike_R","Strike_R","Strike_R","Defend_R","Defend_R","Defend_R","Defend_R","Bash","Searing Blow+1","Pummel","Shockwave"],"relics":["Burning Blood","Happy Flower","Calipers","Question Card","Golden Idol"],"potions_floor_usage":[11],"damage_taken":[{"damage":17,"enemies":"Small Slimes","floor":1,"turns":4},{"damage":9,"enemies":"2 Louse","floor":4,"turns":2},{"damage":12,"enemies":"Cultist","floor":5,"turns":4},{"damage":37,"enemies":"Gremlin Nob","floor":7,"turns":4},{"damage":12,"enemies":"3 Louse","floor":8,"turns":4},{"damage":35,"enemies":"Lagavulin","floor":11,"turns":5}],"seed_played":"4572230033898841389","potions_obtained":[{"floor":7,"key":"BloodPotion"}],"is_trial":false,"path_per_floor":["M","?","?","M","M","R","E","M","T","?","E"],"character_chosen":"IRONCLAD","items_purchased":[],"campfire_rested":0,"item_purchase_floors":[],"current_hp_per_floor":[57,62,62,59,53,53,22,16,16,16,0],"gold":291,"neow_bonus":"HUNDRED_GOLD","is_prod":false,"is_daily":false,"chose_seed":false,"campfire_upgraded":1,"win_rate":0,"timestamp":1546285024,"path_taken":["M","?","?","M","?","R","E","M","T","?","E"],"build_version":"2018-12-20","purchased_purges":0,"victory":false,"max_hp_per_floor":[75,80,80,80,80,80,80,80,80,72,72],"card_choices":[{"not_picked":["True Grit","Warcry"],"picked":"Thunderclap","floor":1},{"not_picked":["Clash","Warcry"],"picked":"Searing Blow","floor":4},{"not_picked":["Wild Strike","Headbutt"],"picked":"Pummel","floor":5},{"not_picked":["Combust","Second Wind","Infernal Blade"],"picked":"SKIP","floor":7},{"not_picked":["Anger","Sword Boomerang","Shockwave"],"picked":"SKIP","floor":8},{"not_picked":["Anger","Sword Boomerang"],"picked":"Shockwave","floor":8}],"player_experience":649470,"relics_obtained":[{"floor":7,"key":"Calipers"},{"floor":9,"key":"Question Card"}],"event_choices":[{"damage_healed":0,"gold_gain":0,"player_choice":"Donut","damage_taken":0,"max_hp_gain":5,"max_hp_loss":0,"event_name":"Big Fish","floor":2,"gold_loss":0},{"cards_removed":["Thunderclap"],"damage_healed":0,"gold_gain":0,"player_choice":"Gave Card","damage_taken":0,"relics_obtained":["Happy Flower"],"max_hp_gain":0,"max_hp_loss":0,"event_name":"WeMeetAgain","floor":3,"gold_loss":0},{"damage_healed":0,"gold_gain":0,"player_choice":"Lose Max HP","damage_taken":0,"relics_obtained":["Golden Idol"],"max_hp_gain":0,"max_hp_loss":8,"event_name":"Golden Idol","floor":10,"gold_loss":0}],"is_beta":false,"boss_relics":[],"items_purged_floors":[],"is_endless":false,"potions_floor_spawned":[7],"killed_by":"Lagavulin","ascension_level":18}