{"gold_per_floor":[117,117,117,133,203,231,201,201,201,251,277,327,327,337,337,435,435,448,498],"floor_reached":19,"playtime":1168,"items_purged":[],"score":201,"play_id":"391b085a-013e-4247-a575-be63ef79208f","local_time":"20190704104933","is_ascension_mode":true,"campfire_choices":[{"floor":8,"key":"REST"},{"floor":13,"key":"REST"},{"floor":15,"key":"REST"}],"neow_cost":"NONE","seed_source_timestamp":99170544608990,"circlet_count":0,"master_deck":["Strike_G","Strike_G","Strike_G","Strike_G","Defend_G","Defend_G","Defend_G","Defend_G","Defend_G","Survivor","Neutralize","Accuracy","Footwork","Distraction","Crippling Poison","Noxious Fumes","Distraction","Noxious Fumes","Infinite Blades","A Thousand Cuts","Regret","Pain","Clumsy","Well Laid Plans"],"relics":["Ring of the Snake","NeowsBlessing","Pantograph","SsserpentHead","Orichalcum","Blood Vial","Happy Flower","Calling Bell","Shuriken","FossilizedHelix","Bag of Marbles"],"potions_floor_usage":[6,16,19],"damage_taken":[{"damage":0,"enemies":"2 Louse","floor":1,"turns":1},{"damage":0,"enemies":"Cultist","floor":4,"turns":1},{"damage":0,"enemies":"Small Slimes","floor":5,"turns":1},{"damage":34,"enemies":"3 Sentries","floor":6,"turns":18},{"damage":2,"enemies":"Looter","floor":7,"turns":4},{"damage":49,"enemies":"Gremlin Nob","floor":11,"turns":6},{"damage":6,"enemies":"2 Fungi Beasts","floor":14,"turns":3},{"damage":26,"enemies":"Hexaghost","floor":16,"turns":8},{"damage":31,"enemies":"Spheric Guardian","floor":18,"turns":6},{"damage":50,"enemies":"Masked Bandits","floor":19,"turns":3}],"seed_played":"-6316970319499518234","potions_obtained":[{"floor":1,"key":"SpeedPotion"},{"floor":11,"key":"Swift Potion"},{"floor":14,"key":"SmokeBomb"},{"floor":16,"key":"Dexterity Potion"}],"is_trial":false,"path_per_floor":["M","?","?","M","M","E","M","R","T","?","E","?","R","M","R","B",null,"M","?"],"character_chosen":"THE_SILENT","items_purchased":[],"campfire_rested":3,"item_purchase_floors":[],"current_hp_per_floor":[70,63,63,63,63,29,27,48,48,48,1,1,22,18,39,40,70,39,0],"gold":498,"neow_bonus":"THREE_ENEMY_KILL","is_prod":false,"is_daily":false,"chose_seed":false,"campfire_upgraded":0,"win_rate":0,"timestamp":1562262573,"path_taken":["M","?","?","M","?","E","M","R","T","?","E","?","R","M","R","BOSS","M","?"],"build_version":"2019-07-01","purchased_purges":0,"victory":false,"max_hp_per_floor":[70,70,70,70,70,70,70,70,70,70,70,70,70,70,70,70,70,70,70],"card_choices":[{"not_picked":["Finisher","Cloak And Dagger"],"picked":"Accuracy","floor":1},{"not_picked":["Terror","PiercingWail"],"picked":"Footwork","floor":4},{"not_picked":["Underhanded Strike","Bane"],"picked":"Distraction","floor":5},{"not_picked":["Underhanded Strike","Backflip"],"picked":"Crippling Poison","floor":6},{"not_picked":["Dagger Spray","Eviscerate"],"picked":"Noxious Fumes","floor":7},{"not_picked":["Unload","Deadly Poison"],"picked":"Noxious Fumes","floor":11},{"not_picked":["Caltrops","Outmaneuver"],"picked":"Infinite Blades","floor":14},{"not_picked":["Glass Knife","Malaise"],"picked":"A Thousand Cuts","floor":16},{"not_picked":["Blur","Dagger Spray+1"],"picked":"Well Laid Plans","floor":18}],"player_experience":162547,"relics_obtained":[{"floor":6,"key":"Orichalcum"},{"floor":9,"key":"Blood Vial"},{"floor":11,"key":"Happy Flower"},{"floor":17,"key":"Shuriken"},{"floor":17,"key":"FossilizedHelix"},{"floor":17,"key":"Bag of Marbles"}],"event_choices":[{"damage_healed":0,"gold_gain":0,"player_choice":"Success","damage_taken":7,"relics_obtained":["Pantograph"],"max_hp_gain":0,"max_hp_loss":0,"event_name":"Scrap Ooze","floor":2,"gold_loss":0},{"damage_healed":0,"gold_gain":0,"player_choice":"Trade","damage_taken":0,"relics_obtained":["SsserpentHead"],"max_hp_gain":0,"max_hp_loss":0,"event_name":"FaceTrader","floor":3,"gold_loss":0},{"damage_healed":0,"gold_gain":0,"cards_transformed":["Strike_G"],"player_choice":"Change","damage_taken":0,"max_hp_gain":0,"max_hp_loss":0,"event_name":"Living Wall","floor":10,"gold_loss":0,"cards_obtained":["Distraction"]},{"damage_healed":0,"gold_gain":0,"player_choice":"Searched \u00270\u0027 times","damage_taken":0,"max_hp_gain":0,"max_hp_loss":0,"event_name":"Dead Adventurer","floor":12,"gold_loss":0},{"damage_healed":0,"gold_gain":0,"player_choice":"Fought Bandits","damage_taken":0,"max_hp_gain":0,"max_hp_loss":0,"event_name":"Masked Bandits","floor":19,"gold_loss":0}],"is_beta":false,"boss_relics":[{"not_picked":["Black Star","Snecko Eye"],"picked":"Calling Bell"}],"items_purged_floors":[],"is_endless":false,"potions_floor_spawned":[1,11,14,16],"killed_by":"Masked Bandits","ascension_level":3}