{"path_per_floor":["M","M","?","?","M","R","M","$","T","M","M","M","R","E","R","B",null,"M","M","$","$","?","R","M"],"character_chosen":"IRONCLAD","items_purchased":["Bandage Up","Bronze Scales"],"gold_per_floor":[109,124,124,299,319,319,289,123,200,210,229,241,241,273,273,372,372,297,297,40,40,40,40,40],"floor_reached":25,"campfire_rested":1,"playtime":736,"current_hp_per_floor":[72,67,72,72,56,56,44,44,44,33,37,32,32,29,56,20,91,66,40,40,40,40,40,20],"items_purged":["Doubt","Strike_R"],"gold":40,"score":203,"play_id":"714cfe60-3d7c-4700-8c8f-3197f52a9bbd","is_prod":false,"is_daily":false,"is_ascension_mode":false,"campfire_upgraded":3,"path_taken":["M","M","?","?","M","R","M","?","T","M","?","M","R","E","R","BOSS","M","?","?","$","?","R","M","E"],"build_version":"2018-02-22-PROD1","purchased_purges":2,"victory":false,"master_deck":["Strike_R","Strike_R","Strike_R","Strike_R","Defend_R","Defend_R","Defend_R","Defend_R","Bash+1","Metallicize","Evolve+1","Feed","Bandage Up","Wild Strike","Berserk+1","Demon Form","Impervious","True Grit+1","Heavy Blade","Bandage Up","Seeing Red"],"max_hp_per_floor":[80,80,85,85,85,85,85,85,85,85,88,88,88,91,91,91,91,91,91,91,91,91,91,94],"relics":["Runic Cube","Matryoshka","Ginger","Ectoplasm","Bronze Scales"],"card_choices":[{"not_picked":["Anger","Havoc"],"picked":"Metallicize"},{"not_picked":["Headbutt","Heavy Blade"],"picked":"Evolve"},{"not_picked":["Reckless Charge","Heavy Blade"],"picked":"Feed"},{"not_picked":["Flex","Pommel Strike"],"picked":"Wild Strike"},{"not_picked":["Body Slam","Headbutt"],"picked":"Berserk"},{"not_picked":["Anger","Armaments"],"picked":"Demon Form"},{"not_picked":["Dark Embrace","Feed"],"picked":"Impervious"},{"not_picked":["Clothesline","Warcry"],"picked":"True Grit"},{"not_picked":["Second Wind","Clash"],"picked":"Heavy Blade"},{"not_picked":["Pommel Strike","Headbutt"],"picked":"Seeing Red"}],"player_experience":345572,"potions_floor_usage":[14,14,16,25,25],"damage_taken":[{"damage":8,"enemies":"2 Louse","floor":1,"turns":3},{"damage":5,"enemies":"Jaw Worm","floor":2,"turns":4},{"damage":16,"enemies":"Small Slimes","floor":5,"turns":5},{"damage":12,"enemies":"Looter","floor":7,"turns":4},{"damage":15,"enemies":"Blue Slaver","floor":10,"turns":5},{"damage":3,"enemies":"Red Slaver","floor":11,"turns":5},{"damage":9,"enemies":"Exordium Wildlife","floor":12,"turns":5},{"damage":10,"enemies":"Lagavulin","floor":14,"turns":6},{"damage":40,"enemies":"The Guardian","floor":16,"turns":8},{"damage":29,"enemies":"2 Thieves","floor":18,"turns":5},{"damage":30,"enemies":"Spheric Guardian","floor":19,"turns":8},{"damage":31,"enemies":"Cultist and Chosen","floor":24,"turns":7},{"damage":28,"enemies":"Gremlin Leader","floor":25,"turns":4}],"event_choices":[{"event_name":"Big Fish","player_choice":"Donut","floor":3,"damage_taken":0},{"event_name":"Liars Game","player_choice":"agreed","floor":4,"damage_taken":0},{"event_name":"Duplicator","player_choice":"One dupe","floor":22,"damage_taken":0}],"boss_relics":[{"not_picked":["Snecko Eye","White Beast Statue"],"picked":"Ectoplasm"}],"potions_floor_spawned":[2,10,11,12,19,24],"seed_played":"7521610238881833994","killed_by":"Gremlin Leader","ascension_level":0,"is_trial":false}