{"gold_per_floor":[116,136,86,86,104,135,135,152,176,191,223,223,249,259,259,358,358,378,378,390,390,196,230,230,247,247,172,172,172,205,223,223,326,326,341,352,352],"floor_reached":37,"playtime":3595,"items_purged":["Strike_R"],"score":553,"play_id":"8ecd6e02-c45b-476c-90ad-0663d714606d","local_time":"20190629145243","is_ascension_mode":true,"campfire_choices":[{"data":"Demon Form","floor":7,"key":"SMITH"},{"data":"Armaments","floor":15,"key":"SMITH"},{"data":"Limit Break","floor":32,"key":"SMITH"}],"neow_cost":"NONE","seed_source_timestamp":281699882763907,"circlet_count":0,"master_deck":["Strike_R","Strike_R","Defend_R","Defend_R","Defend_R","Bash","Wild Strike","Armaments+1","Cleave","Demon Form+1","Flex","Armaments+1","Limit Break+1","Anger","Limit Break","Flame Barrier","RitualDagger","Inflame","Anger","Flex","Cleave","Armaments+1","Clumsy","Havoc+1","Pummel","Fire Breathing+1","Ghostly+1","Ghostly+1","Ghostly+1","Ghostly+1","Ghostly+1","Dual Wield+1","Wild Strike","Berserk","Havoc+1","Havoc+1"],"relics":["Burning Blood","Anchor","Potion Belt","Bag of Marbles","Happy Flower","Letter Opener","Velvet Choker","Toxic Egg 2","Bottled Tornado","Ornamental Fan","Runic Pyramid"],"potions_floor_usage":[6,11,16,30,31,33],"damage_taken":[{"damage":1,"enemies":"Jaw Worm","floor":1,"turns":2},{"damage":1,"enemies":"Cultist","floor":2,"turns":3},{"damage":0,"enemies":"Small Slimes","floor":5,"turns":3},{"damage":25,"enemies":"Gremlin Nob","floor":6,"turns":4},{"damage":2,"enemies":"Looter","floor":8,"turns":4},{"damage":8,"enemies":"Exordium Thugs","floor":10,"turns":3},{"damage":13,"enemies":"3 Sentries","floor":11,"turns":7},{"damage":15,"enemies":"Gremlin Nob","floor":13,"turns":4},{"damage":0,"enemies":"Blue Slaver","floor":14,"turns":3},{"damage":0,"enemies":"Slime Boss","floor":16,"turns":5},{"damage":23,"enemies":"Shell Parasite","floor":18,"turns":4},{"damage":0,"enemies":"3 Byrds","floor":20,"turns":4},{"damage":29,"enemies":"Book of Stabbing","floor":23,"turns":5},{"damage":5,"enemies":"Cultist and Chosen","floor":25,"turns":4},{"damage":4,"enemies":"Gremlin Leader","floor":30,"turns":6},{"damage":2,"enemies":"Sentry and Sphere","floor":31,"turns":4},{"damage":28,"enemies":"Champ","floor":33,"turns":8},{"damage":0,"enemies":"Orb Walker","floor":35,"turns":4},{"damage":0,"enemies":"3 Shapes","floor":36,"turns":3},{"damage":50,"enemies":"Spire Growth","floor":37,"turns":3}],"seed_played":"4340978321344570037","potions_obtained":[{"floor":1,"key":"SteroidPotion"},{"floor":5,"key":"AttackPotion"},{"floor":8,"key":"LiquidBronze"},{"floor":10,"key":"SpeedPotion"},{"floor":18,"key":"GamblersBrew"},{"floor":30,"key":"Fire Potion"},{"floor":33,"key":"LiquidBronze"}],"is_trial":false,"path_per_floor":["M","M","?","?","M","E","R","M","T","M","E","T","E","M","R","B",null,"M","?","M","?","$","E","?","M","T","?","?","?","E","M","R","B",null,"M","M","M"],"character_chosen":"IRONCLAD","items_purchased":["Anger","Flex","Cleave"],"campfire_rested":0,"item_purchase_floors":[22,22,22],"current_hp_per_floor":[80,80,80,80,80,61,61,65,65,63,56,56,47,53,53,59,80,63,57,63,48,48,25,25,26,26,26,26,26,28,32,32,10,42,42,42,0],"gold":352,"neow_bonus":"RANDOM_COMMON_RELIC","is_prod":false,"is_daily":false,"chose_seed":false,"campfire_upgraded":3,"win_rate":0,"timestamp":1561845163,"path_taken":["M","M","?","?","M","E","R","M","T","?","E","?","E","M","R","BOSS","M","?","M","?","$","E","?","?","T","?","?","?","E","M","R","BOSS","M","M","M"],"build_version":"2019-01-23","purchased_purges":1,"victory":false,"max_hp_per_floor":[80,80,80,80,80,80,80,80,80,80,80,80,80,80,80,80,80,80,80,80,85,85,85,85,85,85,85,42,42,42,42,42,42,42,42,42,42],"card_choices":[{"not_picked":["True Grit","Clash"],"picked":"Wild Strike","floor":1},{"not_picked":["Cleave","Pommel Strike"],"picked":"Armaments","floor":2},{"not_picked":["Clothesline","Body Slam"],"picked":"Cleave","floor":5},{"not_picked":["Cleave","Burning Pact"],"picked":"Demon Form","floor":6},{"not_picked":["Intimidate","Twin Strike"],"picked":"Flex","floor":8},{"not_picked":["Dropkick","Inflame"],"picked":"Armaments","floor":10},{"not_picked":["Clothesline","Wild Strike"],"picked":"Limit Break","floor":11},{"not_picked":["Iron Wave","Pommel Strike"],"picked":"Anger","floor":13},{"not_picked":["Dropkick","True Grit","Clothesline"],"picked":"SKIP","floor":14},{"not_picked":["Dark Embrace","Demon Form"],"picked":"Limit Break","floor":16},{"not_picked":["Sever Soul","Combust"],"picked":"Flame Barrier","floor":18},{"not_picked":["Searing Blow","Dropkick"],"picked":"Inflame","floor":20},{"not_picked":["Flex","Ghostly Armor"],"picked":"Armaments+1","floor":23},{"not_picked":["Ghostly Armor+1","Sword Boomerang"],"picked":"Fire Breathing+1","floor":25},{"not_picked":["Shrug It Off+1","Searing Blow"],"picked":"Dual Wield+1","floor":30},{"not_picked":["Battle Trance+1","Dropkick+1"],"picked":"Wild Strike","floor":31},{"not_picked":["Impervious+1","Fiend Fire"],"picked":"Berserk","floor":33},{"not_picked":["Thunderclap","Bloodletting+1"],"picked":"Havoc+1","floor":35},{"not_picked":["Seeing Red+1","Cleave"],"picked":"Havoc+1","floor":36}],"player_experience":67380,"relics_obtained":[{"floor":6,"key":"Potion Belt"},{"floor":9,"key":"Bag of Marbles"},{"floor":11,"key":"Happy Flower"},{"floor":13,"key":"Letter Opener"},{"floor":23,"key":"Toxic Egg 2"},{"floor":26,"key":"Bottled Tornado"},{"floor":30,"key":"Ornamental Fan"}],"event_choices":[{"cards_removed":["Strike_R"],"damage_healed":0,"gold_gain":0,"player_choice":"Card Removal","damage_taken":0,"max_hp_gain":0,"max_hp_loss":0,"event_name":"The Cleric","floor":3,"gold_loss":50},{"damage_healed":0,"gold_gain":0,"player_choice":"Upgraded","damage_taken":0,"max_hp_gain":0,"max_hp_loss":0,"event_name":"Upgrade Shrine","floor":4,"gold_loss":0,"cards_upgraded":["Armaments"]},{"damage_healed":0,"gold_gain":0,"player_choice":"Joined the Cult","damage_taken":6,"max_hp_gain":0,"max_hp_loss":0,"event_name":"Nest","floor":19,"gold_loss":0,"cards_obtained":["RitualDagger"]},{"damage_healed":0,"gold_gain":0,"player_choice":"Shed Blood","damage_taken":20,"max_hp_gain":5,"max_hp_loss":0,"event_name":"Forgotten Altar","floor":21,"gold_loss":0},{"damage_healed":0,"gold_gain":0,"player_choice":"3 cards matched","damage_taken":0,"max_hp_gain":0,"max_hp_loss":0,"event_name":"Match and Keep!","floor":24,"gold_loss":0,"cards_obtained":["Clumsy","Havoc","Pummel"]},{"cards_removed":["Defend_R"],"damage_healed":0,"gold_gain":0,"player_choice":"Gave Gold","damage_taken":0,"max_hp_gain":0,"max_hp_loss":0,"event_name":"Beggar","floor":27,"gold_loss":75},{"damage_healed":0,"gold_gain":0,"player_choice":"Became a Ghost","damage_taken":0,"max_hp_gain":0,"max_hp_loss":43,"event_name":"Ghosts","floor":28,"gold_loss":0,"cards_obtained":["Ghostly","Ghostly","Ghostly","Ghostly","Ghostly"]},{"cards_removed":["Strike_R"],"damage_healed":0,"gold_gain":0,"player_choice":"Elegance","damage_taken":0,"max_hp_gain":0,"max_hp_loss":0,"event_name":"Back to Basics","floor":29,"gold_loss":0}],"is_beta":false,"boss_relics":[{"not_picked":["Orrery","Calling Bell"],"picked":"Velvet Choker"},{"not_picked":["Eternal Feather","Fusion Hammer"],"picked":"Runic Pyramid"}],"items_purged_floors":[22],"is_endless":false,"potions_floor_spawned":[1,5,8,10,18,30,33],"killed_by":"Spire Growth","ascension_level":1}