{"gold_per_floor":[116,41,116,129,140,140,173,173,197,225,243,257,257,285,285,285],"floor_reached":16,"playtime":1054,"items_purged":["Strike_G"],"score":127,"play_id":"e40c9b8c-b473-4590-b941-d17eadb40df7","local_time":"20181017114921","is_ascension_mode":true,"campfire_choices":[{"data":"Catalyst","floor":6,"key":"SMITH"},{"data":"Bane","floor":8,"key":"SMITH"},{"data":"Blur","floor":13,"key":"SMITH"},{"data":"Bullet Time","floor":15,"key":"SMITH"}],"neow_cost":"NONE","seed_source_timestamp":348770304002211,"circlet_count":0,"master_deck":["Defend_G","Defend_G","Defend_G","Defend_G","Strike_G+1","Strike_G","Strike_G","Survivor+1","Neutralize+1","Catalyst+1","Deadly Poison+1","Bane+1","Blur+1","Bullet Time+1"],"relics":["Empty Cage","Whetstone","War Paint","Ginger","Shuriken"],"potions_floor_usage":[7,16,16,16],"damage_taken":[{"damage":2,"enemies":"2 Louse","floor":1,"turns":3},{"damage":2,"enemies":"Jaw Worm","floor":4,"turns":7},{"damage":0,"enemies":"Small Slimes","floor":5,"turns":3},{"damage":16,"enemies":"3 Sentries","floor":7,"turns":13},{"damage":2,"enemies":"Gremlin Nob","floor":10,"turns":3},{"damage":1,"enemies":"Blue Slaver","floor":11,"turns":2},{"damage":5,"enemies":"Exordium Wildlife","floor":12,"turns":4},{"damage":2,"enemies":"Lagavulin","floor":14,"turns":5},{"damage":29,"enemies":"Slime Boss","floor":16,"turns":12}],"seed_played":"5037744021556262833","potions_obtained":[{"floor":4,"key":"SteroidPotion"},{"floor":5,"key":"Poison Potion"},{"floor":7,"key":"GhostInAJar"},{"floor":10,"key":"GhostInAJar"}],"is_trial":false,"path_per_floor":["M","$","?","M","M","R","E","R","T","?","M","M","R","E","R"],"character_chosen":"THE_SILENT","items_purchased":[],"campfire_rested":0,"item_purchase_floors":[],"current_hp_per_floor":[68,68,57,55,55,55,39,39,39,37,36,31,31,29,29,0],"gold":285,"neow_bonus":"BOSS_RELIC","is_prod":false,"is_daily":false,"chose_seed":false,"campfire_upgraded":4,"win_rate":0,"timestamp":1539791361,"path_taken":["M","$","?","M","M","R","E","R","T","?","M","M","R","E","R","BOSS"],"build_version":"2018-10-11","purchased_purges":1,"victory":false,"max_hp_per_floor":[70,70,70,70,70,70,70,70,70,70,70,70,70,70,70,70],"card_choices":[{"not_picked":["Prepared","Distraction"],"picked":"Catalyst","floor":1},{"not_picked":["Cloak And Dagger","Backflip"],"picked":"Deadly Poison","floor":4},{"not_picked":["Riddle With Holes","Slice","Leg Sweep"],"picked":"SKIP","floor":5},{"not_picked":["Blade Dance","Storm of Steel"],"picked":"Bane","floor":7},{"not_picked":["Dodge and Roll","Flying Knee","Masterful Stab"],"picked":"SKIP","floor":11},{"not_picked":["Blade Dance","Sucker Punch"],"picked":"Blur","floor":12},{"not_picked":["Bane","Dagger Spray"],"picked":"Bullet Time","floor":14}],"player_experience":508387,"relics_obtained":[{"floor":7,"key":"Whetstone"},{"floor":9,"key":"War Paint"},{"floor":10,"key":"Ginger"},{"floor":14,"key":"Shuriken"}],"event_choices":[{"event_name":"World of Goop","player_choice":"Gather Gold","floor":3,"damage_taken":0},{"event_name":"Dead Adventurer","player_choice":"Searched \u00272\u0027 times","floor":10,"damage_taken":0}],"is_beta":false,"boss_relics":[],"items_purged_floors":[2],"is_endless":false,"potions_floor_spawned":[4,5,7,10],"killed_by":"Slime Boss","ascension_level":3}