{"gold_per_floor":[117,117,30,43,70,70,86,86,135,150,17,17,17,17,17,140,140,163,163,11,11,11,11,11],"floor_reached":24,"playtime":2162,"items_purged":[],"score":180,"play_id":"bc24cfac-a4e3-47c8-9b30-6762708a2c42","local_time":"20190811113235","is_ascension_mode":false,"campfire_choices":[{"data":"Caltrops","floor":6,"key":"SMITH"},{"data":"Choke","floor":8,"key":"SMITH"},{"data":"Enlightenment","floor":13,"key":"SMITH"},{"data":"Well Laid Plans","floor":15,"key":"SMITH"},{"data":"Dagger Throw","floor":23,"key":"SMITH"}],"neow_cost":"NONE","seed_source_timestamp":2481107753907700,"circlet_count":0,"master_deck":["Strike_G","Strike_G","Strike_G","Strike_G","Strike_G","Defend_G","Defend_G","Defend_G","Defend_G","Defend_G","Survivor","Neutralize","Noxious Fumes","Caltrops+1","Flying Knee","Quick Slash","Choke+1","Slice","Well Laid Plans+1","Enlightenment+1","Bullet Time","Distraction+1","Normality","Regret","Dagger Throw+1","All Out Attack","Deflect","Doubt"],"relics":["Cursed Key","Orichalcum","Pen Nib","Golden Idol","Runic Pyramid","Lantern"],"potions_floor_usage":[],"damage_taken":[{"damage":4,"enemies":"Jaw Worm","floor":1,"turns":5},{"damage":4,"enemies":"Cultist","floor":4,"turns":4},{"damage":0,"enemies":"Small Slimes","floor":7,"turns":4},{"damage":1,"enemies":"2 Fungi Beasts","floor":10,"turns":3},{"damage":53,"enemies":"The Guardian","floor":16,"turns":11},{"damage":9,"enemies":"Shell Parasite","floor":18,"turns":4},{"damage":68,"enemies":"Gremlin Leader","floor":24,"turns":5}],"seed_played":"-1322168141957929151","potions_obtained":[{"floor":7,"key":"Poison Potion"},{"floor":16,"key":"FearPotion"}],"is_trial":false,"path_per_floor":["M","?","$","M","T","R","M","R","T","M","$","?","R","$","R","B",null,"M","?","$","?","T","R","E"],"character_chosen":"THE_SILENT","items_purchased":["Caltrops","Flying Knee","Well Laid Plans","Enlightenment","Dagger Throw","All Out Attack","Deflect"],"campfire_rested":0,"item_purchase_floors":[3,3,11,11,20,20,20],"current_hp_per_floor":[66,71,71,67,67,67,67,67,67,66,66,66,66,66,66,13,69,60,60,60,60,60,60,0],"gold":11,"neow_bonus":"BOSS_RELIC","is_prod":false,"is_daily":false,"chose_seed":false,"campfire_upgraded":5,"win_rate":0.0,"timestamp":1565548355,"path_taken":["M","?","$","M","?","R","?","R","T","M","$","?","R","$","R","BOSS","M","?","$","?","?","R","E"],"build_version":"2019-07-17","purchased_purges":0,"victory":false,"max_hp_per_floor":[70,75,75,75,75,75,75,75,75,75,75,69,69,69,69,69,69,69,69,69,69,69,69,69],"card_choices":[{"not_picked":["Prepared","Acrobatics"],"picked":"Noxious Fumes","floor":1},{"not_picked":["Calculated Gamble","Reflex"],"picked":"Quick Slash","floor":4},{"not_picked":["Caltrops","Calculated Gamble"],"picked":"Choke","floor":7},{"not_picked":["Blade Dance","Eviscerate"],"picked":"Slice","floor":10},{"not_picked":["Doppelganger","Tools of the Trade"],"picked":"Bullet Time","floor":16},{"not_picked":["Caltrops","Tactician"],"picked":"Distraction+1","floor":18}],"player_experience":22774,"relics_obtained":[{"floor":5,"key":"Orichalcum"},{"floor":9,"key":"Pen Nib"},{"floor":22,"key":"Lantern"}],"event_choices":[{"damage_healed":0,"gold_gain":0,"player_choice":"Donut","damage_taken":0,"max_hp_gain":5,"max_hp_loss":0,"event_name":"Big Fish","floor":2,"gold_loss":0},{"damage_healed":0,"gold_gain":0,"player_choice":"Lose Max HP","damage_taken":0,"relics_obtained":["Golden Idol"],"max_hp_gain":0,"max_hp_loss":6,"event_name":"Golden Idol","floor":12,"gold_loss":0},{"damage_healed":0,"gold_gain":0,"cards_transformed":["Injury","Doubt"],"player_choice":"Became Test Subject","damage_taken":0,"max_hp_gain":0,"max_hp_loss":0,"event_name":"Drug Dealer","floor":19,"gold_loss":0,"cards_obtained":["Normality","Regret"]},{"damage_healed":0,"gold_gain":0,"player_choice":"Ignored","damage_taken":0,"max_hp_gain":0,"max_hp_loss":0,"event_name":"Ghosts","floor":21,"gold_loss":0}],"is_beta":false,"boss_relics":[{"not_picked":["HoveringKite","Coffee Dripper"],"picked":"Runic Pyramid"}],"items_purged_floors":[],"is_endless":false,"potions_floor_spawned":[7,16],"killed_by":"Gremlin Leader","ascension_level":0}