{"gold_per_floor":[115,390,405,35,35,66,84,84,84,84,95,114,147,159,159,254,254,273,20,31,31,9,9,9,37,37,62,62,75,75,90,90,186,186,201,90,105,120,132,132,7,27,27,27,27,27,38,51,51,51],"floor_reached":51,"playtime":4011,"items_purged":["Regret","Strike_G","Survivor"],"score":825,"play_id":"2262dbc0-190e-4946-a183-393945cf1d61","local_time":"20181017125640","is_ascension_mode":true,"campfire_choices":[{"data":"Tools of the Trade","floor":15,"key":"SMITH"},{"data":"Prepared","floor":23,"key":"SMITH"},{"floor":28,"key":"REST"},{"data":"Night Terror","floor":32,"key":"SMITH"},{"data":"Bullet Time","floor":40,"key":"SMITH"},{"data":"Reflex","floor":45,"key":"SMITH"},{"floor":49,"key":"REST"}],"neow_cost":"NONE","seed_source_timestamp":349836291863188,"circlet_count":0,"master_deck":["Defend_G+1","Defend_G+1","Defend_G+1","Defend_G+1","Defend_G+1","Strike_G+1","Strike_G+1","Strike_G+1","Strike_G+1","Neutralize","Dagger Spray","Flying Knee","Envenom+1","Prepared+1","Bane","Expertise","Unload+1","Eviscerate+1","Acrobatics","Dagger Throw+1","Tools of the Trade+1","Corpse Explosion","Poisoned Stab+1","Blade Dance","Eviscerate+1","Catalyst","Ghostly","Ghostly","Ghostly","Ghostly","Ghostly","Night Terror+1","Bullet Time+1","Reflex+1","Predator+1","Deadly Poison+1"],"relics":["Ring of the Snake","NeowsBlessing","Molten Egg 2","Pear","Incense Burner","HoveringKite","Vajra","Gremlin Horn","Shuriken","Happy Flower","Busted Crown","Paper Crane","Torii"],"potions_floor_usage":[12,13,13,16,16,27,29,50,50,50],"damage_taken":[{"damage":0,"enemies":"2 Louse","floor":1,"turns":1},{"damage":0,"enemies":"Cultist","floor":3,"turns":1},{"damage":0,"enemies":"3 Sentries","floor":6,"turns":1},{"damage":1,"enemies":"Jaw Worm","floor":7,"turns":3},{"damage":10,"enemies":"Gremlin Gang","floor":11,"turns":4},{"damage":0,"enemies":"Large Slime","floor":12,"turns":6},{"damage":5,"enemies":"Gremlin Nob","floor":13,"turns":3},{"damage":11,"enemies":"Blue Slaver","floor":14,"turns":3},{"damage":27,"enemies":"Hexaghost","floor":16,"turns":6},{"damage":3,"enemies":"Spheric Guardian","floor":18,"turns":4},{"damage":0,"enemies":"Chosen","floor":20,"turns":3},{"damage":23,"enemies":"Slavers","floor":25,"turns":3},{"damage":39,"enemies":"Book of Stabbing","floor":27,"turns":5},{"damage":14,"enemies":"Centurion and Healer","floor":29,"turns":3},{"damage":0,"enemies":"3 Cultists","floor":31,"turns":3},{"damage":6,"enemies":"Collector","floor":33,"turns":9},{"damage":3,"enemies":"Orb Walker","floor":35,"turns":5},{"damage":0,"enemies":"3 Shapes","floor":37,"turns":2},{"damage":6,"enemies":"Spire Growth","floor":38,"turns":6},{"damage":3,"enemies":"Maw","floor":39,"turns":6},{"damage":3,"enemies":"3 Darklings","floor":42,"turns":2},{"damage":2,"enemies":"Mind Bloom Boss Battle","floor":44,"turns":5},{"damage":7,"enemies":"Sphere and 2 Shapes","floor":47,"turns":6},{"damage":2,"enemies":"Reptomancer","floor":48,"turns":4},{"damage":14,"enemies":"Awakened One","floor":50,"turns":10}],"seed_played":"-4007743779160152312","potions_obtained":[{"floor":6,"key":"Block Potion"},{"floor":7,"key":"Fire Potion"},{"floor":12,"key":"Fire Potion"},{"floor":13,"key":"Poison Potion"},{"floor":14,"key":"Poison Potion"},{"floor":18,"key":"Block Potion"},{"floor":27,"key":"SkillPotion"},{"floor":33,"key":"Block Potion"},{"floor":35,"key":"SteroidPotion"},{"floor":38,"key":"SteroidPotion"},{"floor":44,"key":"Strength Potion"},{"floor":48,"key":"Swift Potion"}],"is_trial":false,"path_per_floor":["M","?","M","$","?","E","M","?","T","?","M","M","E","M","R","B",null,"M","$","M","?","$","R","?","E","T","E","R","M","?","M","R","B",null,"M","$","M","M","M","R","$","M","T","?","R","$","M","M","R","B"],"character_chosen":"THE_SILENT","items_purchased":["Envenom","Prepared","Bane","Expertise","Vajra","Blade Dance","Reflex","Predator+1"],"campfire_rested":2,"item_purchase_floors":[4,4,4,4,19,22,36,36],"current_hp_per_floor":[70,70,70,70,70,70,69,74,84,84,74,74,69,58,58,31,85,82,82,82,82,82,82,82,59,59,20,45,31,31,31,31,25,42,39,39,39,33,30,30,30,27,27,25,25,25,18,16,28,14],"gold":51,"neow_bonus":"THREE_ENEMY_KILL","is_prod":false,"is_daily":false,"chose_seed":false,"campfire_upgraded":5,"win_rate":0,"timestamp":1539795400,"path_taken":["M","?","?","$","?","E","M","?","T","?","M","M","E","?","R","BOSS","M","$","?","?","$","R","?","E","T","E","R","?","?","M","R","BOSS","M","?","M","M","?","R","$","M","T","?","R","$","M","M","R","BOSS"],"build_version":"2018-10-11","purchased_purges":3,"victory":true,"max_hp_per_floor":[70,70,70,70,70,70,70,75,85,85,85,85,85,85,85,85,85,85,85,85,85,85,85,85,85,85,85,85,85,42,42,42,42,42,42,42,42,42,42,42,42,42,42,42,42,42,42,42,42,42],"card_choices":[{"not_picked":["Infinite Blades","Deflect"],"picked":"Dagger Spray","floor":1},{"not_picked":["Cloak And Dagger","Crippling Poison"],"picked":"Flying Knee","floor":3},{"not_picked":["Caltrops","Slice"],"picked":"Unload","floor":6},{"not_picked":["Reflex","Deadly Poison"],"picked":"Eviscerate+1","floor":7},{"not_picked":["Outmaneuver","Flying Knee+1","Slice+1"],"picked":"SKIP","floor":11},{"not_picked":["Blade Dance","Dash+1"],"picked":"Acrobatics","floor":12},{"not_picked":["Finisher+1","Dagger Spray+1"],"picked":"Dagger Throw+1","floor":13},{"not_picked":["Setup","Well Laid Plans"],"picked":"Tools of the Trade","floor":14},{"not_picked":["Storm of Steel","Doppelganger"],"picked":"Corpse Explosion","floor":16},{"not_picked":["Acrobatics","Deadly Poison","Slice+1"],"picked":"SKIP","floor":18},{"not_picked":["Backflip","Finisher+1"],"picked":"Poisoned Stab+1","floor":20},{"not_picked":["Sucker Punch+1","Expertise+1"],"picked":"Eviscerate+1","floor":25},{"not_picked":["PiercingWail","Outmaneuver","Cloak And Dagger+1"],"picked":"SKIP","floor":27},{"not_picked":["Calculated Gamble","Outmaneuver"],"picked":"Catalyst","floor":29},{"not_picked":["Reflex","Concentrate"],"picked":"Night Terror","floor":31},{"not_picked":["Night Terror","Tools of the Trade"],"picked":"Bullet Time","floor":33},{"not_picked":["Deflect"],"picked":"SKIP","floor":35},{"not_picked":["Heel Hook+1"],"picked":"SKIP","floor":37},{"not_picked":["Poisoned Stab+1"],"picked":"SKIP","floor":38},{"not_picked":["Dodge and Roll+1"],"picked":"SKIP","floor":39},{"not_picked":[],"picked":"Deadly Poison+1","floor":42},{"not_picked":["PiercingWail+1"],"picked":"SKIP","floor":47},{"not_picked":["Caltrops+1"],"picked":"SKIP","floor":48}],"player_experience":509441,"relics_obtained":[{"floor":6,"key":"Molten Egg 2"},{"floor":9,"key":"Pear"},{"floor":13,"key":"Incense Burner"},{"floor":25,"key":"Gremlin Horn"},{"floor":26,"key":"Shuriken"},{"floor":27,"key":"Happy Flower"},{"floor":43,"key":"Paper Crane"},{"floor":44,"key":"Torii"}],"event_choices":[{"event_name":"Golden Shrine","player_choice":"Desecrate","floor":2,"damage_taken":0},{"event_name":"Liars Game","player_choice":"disagreed","floor":5,"damage_taken":0},{"event_name":"Big Fish","player_choice":"Donut","floor":8,"damage_taken":0},{"event_name":"Upgrade Shrine","player_choice":"Upgraded","floor":10,"damage_taken":0},{"event_name":"The Mausoleum","player_choice":"No","floor":21,"damage_taken":0},{"event_name":"Back to Basics","player_choice":"Simplicity","floor":24,"damage_taken":0},{"event_name":"Ghosts","player_choice":"Became a Ghost","floor":30,"damage_taken":0},{"event_name":"MindBloom","player_choice":"Fight","floor":44,"damage_taken":0}],"is_beta":false,"boss_relics":[{"not_picked":["Eternal Feather","Philosopher\u0027s Stone"],"picked":"HoveringKite"},{"not_picked":["Pandora\u0027s Box","Runic Pyramid"],"picked":"Busted Crown"}],"items_purged_floors":[4,19,41],"is_endless":false,"potions_floor_spawned":[6,7,12,13,14,18,27,33,35,38,44,48],"ascension_level":3}