{"gold_per_floor":[117,137,154,154,154,184,109,131,131,31,48,48,63,74,74,169,169,188,204,53,71,71,71,91,91,116,141,141,141,141,175,175,276,276,287,304,4,104,157,189,189,216,292,302,302,318,318,318],"floor_reached":48,"playtime":6465,"items_purged":["Injury","Strike_R","Strike_R"],"score":528,"play_id":"f131c0da-0fc9-4cc5-99b5-6e92352ab55c","local_time":"20190627190443","is_ascension_mode":false,"campfire_choices":[{"floor":12,"key":"REST"},{"floor":15,"key":"REST"},{"floor":23,"key":"REST"},{"floor":25,"key":"REST"},{"floor":30,"key":"REST"},{"floor":32,"key":"REST"},{"floor":41,"key":"REST"}],"neow_cost":"CURSE","seed_source_timestamp":121146883196320,"circlet_count":0,"master_deck":["Defend_R","Defend_R","Defend_R","Bash","Combust","Hemokinesis","Anger","Rupture","Cleave","Regret","Twin Strike","Headbutt","Thunderclap","Twin Strike","Thunderclap","Brutality","Armaments+1","Rampage+1","Warcry","Headbutt+1","Power Through","Shrug It Off","Berserk","Infernal Blade","Battle Trance+1","Rage+1","Doubt","Clash+1","Injury"],"relics":["Burning Blood","Pear","Champion Belt","Odd Mushroom","Bottled Flame","White Beast Statue","Juzu Bracelet","PreservedInsect","Bird Faced Urn","Potion Belt","Cursed Key","Pocketwatch","Calipers","Gambling Chip","Mercury Hourglass","Ornamental Fan","Ginger"],"potions_floor_usage":[16,16,16,19,21,27,27,27,27,27,33,33,35,39,40,40,42,44,46],"damage_taken":[{"damage":6,"enemies":"Small Slimes","floor":1,"turns":3},{"damage":6,"enemies":"Jaw Worm","floor":2,"turns":2},{"damage":5,"enemies":"Cultist","floor":3,"turns":3},{"damage":40,"enemies":"Lagavulin","floor":6,"turns":4},{"damage":23,"enemies":"The Mushroom Lair","floor":8,"turns":3},{"damage":6,"enemies":"3 Louse","floor":11,"turns":2},{"damage":10,"enemies":"Exordium Thugs","floor":13,"turns":3},{"damage":1,"enemies":"Gremlin Gang","floor":14,"turns":2},{"damage":44,"enemies":"The Guardian","floor":16,"turns":6},{"damage":33,"enemies":"Spheric Guardian","floor":18,"turns":4},{"damage":8,"enemies":"Chosen","floor":19,"turns":4},{"damage":46,"enemies":"Snake Plant","floor":21,"turns":5},{"damage":36,"enemies":"Chosen and Byrds","floor":24,"turns":5},{"damage":40,"enemies":"Slavers","floor":27,"turns":3},{"damage":25,"enemies":"Gremlin Leader","floor":31,"turns":5},{"damage":42,"enemies":"Collector","floor":33,"turns":7},{"damage":32,"enemies":"3 Darklings","floor":35,"turns":5},{"damage":19,"enemies":"Orb Walker","floor":36,"turns":4},{"damage":56,"enemies":"2 Orb Walkers","floor":39,"turns":5},{"damage":7,"enemies":"Reptomancer","floor":40,"turns":4},{"damage":49,"enemies":"Nemesis","floor":42,"turns":5},{"damage":16,"enemies":"Maw","floor":44,"turns":6},{"damage":17,"enemies":"Jaw Worm Horde","floor":46,"turns":4},{"damage":13,"enemies":"Sphere and 2 Shapes","floor":48,"turns":4}],"seed_played":"1210948376838828759","potions_obtained":[{"floor":1,"key":"Strength Potion"},{"floor":8,"key":"SpeedPotion"},{"floor":11,"key":"PowerPotion"},{"floor":18,"key":"EssenceOfSteel"},{"floor":19,"key":"BloodPotion"},{"floor":21,"key":"PowerPotion"},{"floor":24,"key":"EntropicBrew"},{"floor":27,"key":"Ancient Potion"},{"floor":31,"key":"SteroidPotion"},{"floor":33,"key":"Fire Potion"},{"floor":35,"key":"SteroidPotion"},{"floor":36,"key":"Fire Potion"},{"floor":39,"key":"SkillPotion"},{"floor":40,"key":"Poison Potion"},{"floor":42,"key":"AttackPotion"},{"floor":44,"key":"GamblersBrew"},{"floor":46,"key":"Ancient Potion"}],"is_trial":false,"path_per_floor":["M","M","M","?","?","E","$","?","T","$","M","R","M","M","R","B",null,"M","M","$","M","?","R","M","R","T","E","?","?","R","E","R","B",null,"M","M","$","?","?","E","R","E","T","M","?","M","T","M"],"character_chosen":"IRONCLAD","items_purchased":["Warcry","Pocketwatch"],"campfire_rested":7,"item_purchase_floors":[20,37],"current_hp_per_floor":[80,80,80,73,83,49,49,32,32,32,32,59,55,60,87,49,90,63,61,61,30,30,57,27,54,54,20,20,20,47,34,61,31,90,68,59,59,59,15,20,47,12,12,12,12,7,7,0],"gold":318,"neow_bonus":"TRANSFORM_TWO_CARDS","is_prod":false,"is_daily":false,"chose_seed":false,"campfire_upgraded":0,"win_rate":0,"timestamp":1561687483,"path_taken":["M","M","M","?","?","E","$","?","T","$","M","R","M","M","R","BOSS","M","M","$","M","?","R","M","R","T","E","?","?","R","E","R","BOSS","M","M","$","?","?","E","R","E","T","M","?","M","?","M"],"build_version":"2019-01-23","purchased_purges":3,"victory":false,"max_hp_per_floor":[80,80,80,80,90,90,90,90,90,90,90,90,90,90,90,90,90,90,90,90,90,90,90,90,90,90,90,90,90,90,90,90,90,90,90,90,90,90,90,90,90,90,90,90,90,90,90,90],"card_choices":[{"not_picked":["Ghostly Armor","Clothesline"],"picked":"Anger","floor":1},{"not_picked":["Thunderclap","Rage"],"picked":"Rupture","floor":2},{"not_picked":["Warcry","Reckless Charge"],"picked":"Cleave","floor":3},{"not_picked":["Metallicize","Wild Strike"],"picked":"Twin Strike","floor":6},{"not_picked":["Pommel Strike","Flex"],"picked":"Headbutt","floor":8},{"not_picked":["Sword Boomerang","Perfected Strike"],"picked":"Thunderclap","floor":11},{"not_picked":["Fiend Fire","Pommel Strike"],"picked":"Twin Strike","floor":13},{"not_picked":["Whirlwind","Shockwave"],"picked":"Thunderclap","floor":14},{"not_picked":["Double Tap","Juggernaut"],"picked":"Brutality","floor":16},{"not_picked":["Entrench","Sever Soul"],"picked":"Armaments","floor":18},{"not_picked":["Carnage+1","Pommel Strike"],"picked":"Rampage+1","floor":19},{"not_picked":["Searing Blow","Flex"],"picked":"Headbutt+1","floor":21},{"not_picked":["Body Slam","Heavy Blade"],"picked":"Power Through","floor":24},{"not_picked":["Reckless Charge","Burning Pact"],"picked":"Shrug It Off","floor":27},{"not_picked":["True Grit","Armaments","Feel No Pain+1"],"picked":"SKIP","floor":31},{"not_picked":["Impervious","Barricade"],"picked":"Berserk","floor":33},{"not_picked":["Spot Weakness","Warcry+1"],"picked":"Inflame+1","floor":35},{"not_picked":["Headbutt","Feel No Pain+1"],"picked":"Infernal Blade","floor":36},{"not_picked":["Body Slam+1","Clash"],"picked":"Battle Trance+1","floor":39},{"not_picked":["Dark Embrace","Warcry"],"picked":"Rage+1","floor":40},{"not_picked":["Thunderclap+1","Disarm+1","Sever Soul"],"picked":"SKIP","floor":42},{"not_picked":["Clash","Dropkick","Thunderclap+1"],"picked":"SKIP","floor":44},{"not_picked":["Heavy Blade","Warcry"],"picked":"Clash+1","floor":46}],"player_experience":24104,"relics_obtained":[{"floor":6,"key":"Champion Belt"},{"floor":8,"key":"Odd Mushroom"},{"floor":9,"key":"Bottled Flame"},{"floor":26,"key":"Juzu Bracelet"},{"floor":27,"key":"PreservedInsect"},{"floor":31,"key":"Potion Belt"},{"floor":39,"key":"Calipers"},{"floor":40,"key":"Gambling Chip"},{"floor":42,"key":"Mercury Hourglass"},{"floor":43,"key":"Ornamental Fan"},{"floor":47,"key":"Ginger"}],"event_choices":[{"cards_removed":["Strike_R"],"damage_healed":0,"gold_gain":0,"player_choice":"Card Removal","damage_taken":7,"max_hp_gain":0,"max_hp_loss":0,"event_name":"Golden Wing","floor":4,"gold_loss":0},{"damage_healed":0,"gold_gain":0,"player_choice":"Box","damage_taken":0,"relics_obtained":["Pear"],"max_hp_gain":0,"max_hp_loss":0,"event_name":"Big Fish","floor":5,"gold_loss":0,"cards_obtained":["Regret"]},{"damage_healed":0,"gold_gain":0,"player_choice":"Fought Mushrooms","damage_taken":0,"max_hp_gain":0,"max_hp_loss":0,"event_name":"Mushrooms","floor":8,"gold_loss":0},{"cards_removed":["Strike_R"],"damage_healed":0,"gold_gain":0,"player_choice":"Offered Basic","damage_taken":0,"max_hp_gain":0,"max_hp_loss":0,"event_name":"Bonfire Elementals","floor":22,"gold_loss":0},{"damage_healed":0,"gold_gain":0,"player_choice":"Opened","damage_taken":0,"relics_obtained":["Bird Faced Urn"],"max_hp_gain":0,"max_hp_loss":0,"event_name":"The Mausoleum","floor":28,"gold_loss":0},{"damage_healed":0,"gold_gain":0,"player_choice":"Forge","damage_taken":0,"max_hp_gain":0,"max_hp_loss":0,"event_name":"Accursed Blacksmith","floor":29,"gold_loss":0,"cards_upgraded":["Armaments"]},{"damage_healed":0,"gold_gain":100,"player_choice":"Pray","damage_taken":0,"max_hp_gain":0,"max_hp_loss":0,"event_name":"Golden Shrine","floor":38,"gold_loss":0},{"damage_healed":0,"gold_gain":0,"player_choice":"Fight","damage_taken":0,"max_hp_gain":0,"max_hp_loss":0,"event_name":"Mysterious Sphere","floor":39,"gold_loss":0},{"cards_removed":["Inflame"],"damage_healed":0,"gold_gain":0,"player_choice":"Removed Power","damage_taken":0,"max_hp_gain":0,"max_hp_loss":0,"event_name":"Falling","floor":45,"gold_loss":0}],"is_beta":false,"boss_relics":[{"not_picked":["Velvet Choker","Busted Crown"],"picked":"White Beast Statue"},{"not_picked":["Astrolabe","Calling Bell"],"picked":"Cursed Key"}],"items_purged_floors":[7,10,20],"is_endless":false,"potions_floor_spawned":[1,8,11,13,14,18,19,21,24,27,31,33,35,36,39,40,42,44,46],"killed_by":"Sphere and 2 Shapes","ascension_level":0}