{"path_per_floor":["M","M","M","T","$","R","?","R","T","E","?","E","R","M","R","B",null,"M","?","?","$","M","R","M","E","T","M","$","?","M","?","R","B",null,"M","?","$","M","?","R","E","M","T","R","$","M","R","M","R","B"],"character_chosen":"IRONCLAD","items_purchased":["Whirlwind","Inflame","Madness","Meat on the Bone","Bronze Scales"],"gold_per_floor":[111,128,146,171,62,62,86,86,386,419,419,450,450,468,468,588,588,612,612,612,329,345,345,369,403,403,426,53,53,71,71,71,201,201,225,225,75,89,89,89,133,158,158,158,12,36,36,51,51,51],"floor_reached":51,"campfire_rested":4,"playtime":4533,"current_hp_per_floor":[78,80,75,75,75,75,72,72,72,44,44,19,41,42,64,32,74,66,66,72,72,69,69,63,50,50,55,55,55,54,54,78,57,80,59,59,59,48,48,48,38,48,48,48,48,52,52,50,74,37],"items_purged":["Strike_R","Writhe","Strike_R","Bash"],"gold":51,"play_id":"04e470ec-3e52-4b4c-810f-e89f90960ce7","is_prod":false,"is_daily":false,"campfire_rituals":0,"campfire_upgraded":6,"is_hardmode":false,"path_taken":["M","M","M","?","$","R","?","R","T","E","?","E","R","M","R","BOSS","M","?","?","$","M","R","M","E","T","M","$","?","M","?","R","BOSS","M","?","$","M","?","R","E","M","T","R","$","M","R","M","R","BOSS"],"build_version":"2018-01-18-PROD4","purchased_purges":4,"victory":true,"master_deck":["Strike_R","Strike_R","Defend_R","Defend_R","Defend_R","Defend_R","Spot Weakness","Heavy Blade","Burning Pact","Heavy Blade","Whirlwind","Battle Trance","Offering","Flex","Demon Form","Armaments","Headbutt","Inflame","Madness","Flex","Battle Trance","Reaper","Flex","Warcry","Inflame"],"max_hp_per_floor":[80,80,80,80,80,80,80,80,80,80,74,74,74,74,74,74,74,74,74,80,80,80,80,80,80,80,80,80,80,80,80,80,80,80,80,80,80,80,80,80,80,80,80,80,80,80,80,80,80,80],"relics":["Burning Blood","Prayer Wheel","Toxic Egg","Odd Mushroom","Old Coin","Darkstone Periapt","Golden Idol","Shuriken","Orrery","Centennial Puzzle","Pen Nib","Champion Belt","Meat on the Bone","Lizard Tail","Vajra","Sundial","Bronze Scales"],"campfire_meditates":0,"card_choices":[{"not_picked":["Intimidate","Warcry"],"picked":"Spot Weakness"},{"not_picked":["Brutality","Flex"],"picked":"Heavy Blade"},{"not_picked":["Power Through","Perfected Strike"],"picked":"Burning Pact"},{"not_picked":["Pommel Strike","Rampage"],"picked":"Heavy Blade"},{"not_picked":["Warcry","Iron Wave"],"picked":"Battle Trance"},{"not_picked":["Heavy Blade","Body Slam"],"picked":"Offering"},{"not_picked":["Whirlwind","Iron Wave"],"picked":"Flex"},{"not_picked":["Fiend Fire","Brutality"],"picked":"Demon Form"},{"not_picked":["Rampage","Cleave"],"picked":"Armaments"},{"not_picked":["Dropkick","Searing Blow"],"picked":"Flex"},{"not_picked":["Sever Soul","Searing Blow"],"picked":"Battle Trance"},{"not_picked":["Clash","Sword Boomerang"],"picked":"Inflame"},{"not_picked":["Demon Form","Fiend Fire"],"picked":"Reaper"},{"not_picked":["Iron Wave","Sever Soul"],"picked":"Flex"},{"not_picked":["Heavy Blade","Whirlwind"],"picked":"Warcry"},{"not_picked":["Pummel","Twin Strike"],"picked":"Inflame"}],"player_experience":49634,"potions_floor_usage":[41,41,50,50],"damage_taken":[{"damage":8.0,"enemies":"Blue Slaver","floor":1.0,"turns":5.0},{"damage":3.0,"enemies":"2 Louse","floor":2.0,"turns":3.0},{"damage":11.0,"enemies":"Jaw Worm","floor":3.0,"turns":2.0},{"damage":9.0,"enemies":"The Mushroom Lair","floor":7.0,"turns":2.0},{"damage":34.0,"enemies":"Gremlin Nob","floor":10.0,"turns":4.0},{"damage":31.0,"enemies":"Lagavulin","floor":12.0,"turns":6.0},{"damage":5.0,"enemies":"Large Slime","floor":14.0,"turns":3.0},{"damage":38.0,"enemies":"The Guardian","floor":16.0,"turns":7.0},{"damage":14.0,"enemies":"Chosen","floor":18.0,"turns":3.0},{"damage":9.0,"enemies":"Spheric Guardian","floor":22.0,"turns":3.0},{"damage":12.0,"enemies":"Centurion and Healer","floor":24.0,"turns":3.0},{"damage":19.0,"enemies":"Slavers","floor":25.0,"turns":2.0},{"damage":4.0,"enemies":"Sentry and Sphere","floor":27.0,"turns":2.0},{"damage":19.0,"enemies":"Chosen and Byrds","floor":30.0,"turns":5.0},{"damage":39.0,"enemies":"Champ","floor":33.0,"turns":6.0},{"damage":55.0,"enemies":"3 Shapes","floor":35.0,"turns":5.0},{"damage":17.0,"enemies":"Orb Walker","floor":38.0,"turns":3.0},{"damage":34,"enemies":"Nemesis","floor":41,"turns":4},{"damage":26,"enemies":"3 Darklings","floor":42,"turns":3},{"damage":50,"enemies":"4 Shapes","floor":46,"turns":3},{"damage":32,"enemies":"Sphere and 2 Shapes","floor":48,"turns":5},{"damage":86,"enemies":"Time Eater","floor":50,"turns":10}],"event_choices":[{"event_name":"Mushrooms","player_choice":"Fought Mushrooms","floor":7.0,"damage_taken":0.0},{"event_name":"Golden Idol","player_choice":"Lose Max HP","floor":11.0,"damage_taken":0.0},{"event_name":"Transmorgrifier","player_choice":"Transform","floor":19.0,"damage_taken":0.0},{"event_name":"The Mausoleum","player_choice":"Yes","floor":20.0,"damage_taken":0.0},{"event_name":"Drug Dealer","player_choice":"Ignored","floor":29.0,"damage_taken":0.0},{"event_name":"The Lab","player_choice":"Got Potions","floor":31.0,"damage_taken":0.0},{"event_name":"Tomb of Lord Red Mask","player_choice":"Ignored","floor":36.0,"damage_taken":0.0}],"boss_relics":[],"potions_floor_spawned":[1,2,7,18,25,33,35,41],"seed_played":"-5173311561501929314","is_trial":false}