{"gold_per_floor":[116,66,66,26,44,75,85,115,190,190,201,229,229,259,259,359,359,369,369,387,312,328,357,357,357,439,54,64,64,64,75,75,180,180,193,210,228,228,228,228,228,228,254,254,280,292,392,407,407,407],"floor_reached":51,"playtime":2971,"items_purged":["Strike_R"],"score":981,"play_id":"9d86a052-f24e-47d7-ab79-cf50871da419","local_time":"20190318201513","is_ascension_mode":true,"campfire_choices":[{"floor":10,"key":"REST"},{"data":"Bash","floor":13,"key":"SMITH"},{"data":"1","floor":15,"key":"LIFT"},{"data":"2","floor":24,"key":"LIFT"},{"floor":29,"key":"REST"},{"data":"3","floor":32,"key":"LIFT"},{"data":"Demon Form","floor":40,"key":"SMITH"},{"data":"Inflame","floor":42,"key":"SMITH"},{"data":"Sword Boomerang","floor":44,"key":"SMITH"},{"floor":49,"key":"REST"}],"neow_cost":"NONE","seed_source_timestamp":509719414195307,"circlet_count":0,"master_deck":["Strike_R+1","Defend_R","Defend_R","Defend_R","Defend_R","Bash+1","Sword Boomerang+1","Ghostly Armor","Twin Strike","Flex","Inflame+1","Cleave+1","Spot Weakness","Offering","True Grit+1","Heavy Blade+1","Shrug It Off+1","Demon Form+1","Iron Wave+1","Pommel Strike+1","Double Tap"],"relics":["Burning Blood","Centennial Puzzle","Girya","Ancient Tea Set","Mercury Hourglass","Omamori","Calling Bell","Happy Flower","Molten Egg 2","Incense Burner","Letter Opener","Nilry\u0027s Codex","Tiny Chest","Pantograph","Empty Cage","Matryoshka","Lantern","Bottled Flame","Pen Nib","Boot","Anchor","Whetstone","Thread and Needle"],"potions_floor_usage":[6,6,8,12,12,16,23,31,31,31,36,37,37,48,50],"damage_taken":[{"damage":7,"enemies":"Jaw Worm","floor":1,"turns":3},{"damage":10,"enemies":"Small Slimes","floor":5,"turns":3},{"damage":35,"enemies":"3 Sentries","floor":6,"turns":10},{"damage":0,"enemies":"Cultist","floor":7,"turns":2},{"damage":16,"enemies":"Gremlin Nob","floor":8,"turns":3},{"damage":13,"enemies":"Gremlin Gang","floor":11,"turns":4},{"damage":20,"enemies":"Lagavulin","floor":12,"turns":3},{"damage":8,"enemies":"Slime Boss","floor":16,"turns":5},{"damage":7,"enemies":"Chosen","floor":18,"turns":4},{"damage":13,"enemies":"3 Byrds","floor":20,"turns":5},{"damage":25,"enemies":"Snake Plant","floor":22,"turns":2},{"damage":6,"enemies":"Slavers","floor":23,"turns":3},{"damage":8,"enemies":"Chosen and Byrds","floor":28,"turns":5},{"damage":17,"enemies":"Centurion and Healer","floor":31,"turns":3},{"damage":62,"enemies":"Collector","floor":33,"turns":7},{"damage":3,"enemies":"3 Shapes","floor":35,"turns":1},{"damage":19,"enemies":"3 Darklings","floor":36,"turns":3},{"damage":8,"enemies":"Jaw Worm Horde","floor":37,"turns":4},{"damage":32,"enemies":"Giant Head","floor":45,"turns":5},{"damage":16,"enemies":"Maw","floor":46,"turns":6},{"damage":32,"enemies":"Mind Bloom Boss Battle","floor":47,"turns":3},{"damage":23,"enemies":"Transient","floor":48,"turns":5},{"damage":55,"enemies":"Awakened One","floor":50,"turns":8}],"seed_played":"6224772273662093083","potions_obtained":[{"floor":4,"key":"Poison Potion"},{"floor":4,"key":"FearPotion"},{"floor":4,"key":"GamblersBrew"},{"floor":5,"key":"BloodPotion"},{"floor":6,"key":"SteroidPotion"},{"floor":7,"key":"Poison Potion"},{"floor":12,"key":"Regen Potion"},{"floor":20,"key":"Energy Potion"},{"floor":23,"key":"Weak Potion"},{"floor":28,"key":"BloodPotion"},{"floor":31,"key":"Regen Potion"},{"floor":35,"key":"Energy Potion"},{"floor":36,"key":"SpeedPotion"},{"floor":45,"key":"Dexterity Potion"},{"floor":47,"key":"SpeedPotion"}],"is_trial":false,"path_per_floor":["M","?","$","?","M","E","M","E","T","R","M","E","R","?","R","B",null,"M","?","M","?","M","E","R","?","T","$","M","R","$","M","R","B",null,"M","M","M","T","T","R","T","R","T","R","E","M","?","M","R","B",null],"character_chosen":"IRONCLAD","items_purchased":["Pantograph","PowerPotion"],"campfire_rested":3,"item_purchase_floors":[27,27],"current_hp_per_floor":[79,79,79,79,75,46,52,42,42,66,59,53,53,53,53,65,80,79,79,72,72,53,53,53,37,37,37,35,59,59,56,56,24,80,80,67,77,77,77,77,77,77,77,77,51,41,40,23,47,23],"gold":407,"neow_bonus":"RANDOM_COMMON_RELIC","is_prod":false,"is_daily":false,"chose_seed":false,"campfire_upgraded":4,"win_rate":0,"timestamp":1552965313,"path_taken":["M","?","$","?","?","E","?","E","T","R","M","E","R","?","R","BOSS","M","?","M","?","M","E","R","?","T","?","M","R","$","M","R","BOSS","M","M","M","?","?","R","?","R","T","R","E","M","?","?","R","BOSS"],"build_version":"2019-01-23","purchased_purges":1,"victory":true,"max_hp_per_floor":[80,80,80,80,80,80,80,80,80,80,80,80,80,80,80,80,80,80,80,80,80,80,80,80,80,80,80,80,80,80,80,80,80,80,80,80,80,80,80,80,80,80,80,80,80,80,80,80,80,80],"card_choices":[{"not_picked":["Twin Strike","Flex"],"picked":"Sword Boomerang","floor":1},{"not_picked":["Clash","Anger"],"picked":"Ghostly Armor","floor":5},{"not_picked":["Clash","Impervious"],"picked":"Twin Strike","floor":6},{"not_picked":["Clash","Entrench"],"picked":"Flex","floor":7},{"not_picked":["Pommel Strike","Brutality"],"picked":"Inflame","floor":8},{"not_picked":["Carnage","Dropkick"],"picked":"Cleave","floor":11},{"not_picked":["Flex","Burning Pact"],"picked":"Spot Weakness","floor":12},{"not_picked":["Berserk","Reaper"],"picked":"Offering","floor":16},{"not_picked":["Perfected Strike+1","Second Wind"],"picked":"True Grit+1","floor":18},{"not_picked":["Twin Strike+1","Feel No Pain"],"picked":"Heavy Blade+1","floor":20},{"not_picked":["Havoc","Body Slam+1","Clothesline+1"],"picked":"SKIP","floor":22},{"not_picked":["Sword Boomerang+1","Clothesline+1","Cleave+1"],"picked":"SKIP","floor":23},{"not_picked":["Carnage+1","Corruption"],"picked":"Shrug It Off+1","floor":28},{"not_picked":["Clash+1","Clothesline+1","Flame Barrier"],"picked":"SKIP","floor":31},{"not_picked":["Dark Embrace","Juggernaut"],"picked":"Demon Form","floor":33},{"not_picked":["Corruption","Sentinel","Flex"],"picked":"SKIP","floor":35},{"not_picked":["Sever Soul+1","Twin Strike+1"],"picked":"Iron Wave+1","floor":36},{"not_picked":["Thunderclap+1","Whirlwind+1"],"picked":"Pommel Strike+1","floor":37},{"not_picked":["Armaments","Clash+1"],"picked":"Double Tap","floor":45},{"not_picked":["Second Wind+1","Body Slam+1","Cleave+1"],"picked":"SKIP","floor":46},{"not_picked":["Flex","Perfected Strike+1","Clash+1"],"picked":"SKIP","floor":48}],"player_experience":172913,"relics_obtained":[{"floor":6,"key":"Girya"},{"floor":8,"key":"Ancient Tea Set"},{"floor":9,"key":"Mercury Hourglass"},{"floor":12,"key":"Omamori"},{"floor":17,"key":"Happy Flower"},{"floor":17,"key":"Molten Egg 2"},{"floor":17,"key":"Incense Burner"},{"floor":23,"key":"Letter Opener"},{"floor":25,"key":"Nilry\u0027s Codex"},{"floor":26,"key":"Tiny Chest"},{"floor":38,"key":"Matryoshka"},{"floor":39,"key":"Lantern"},{"floor":39,"key":"Bottled Flame"},{"floor":41,"key":"Pen Nib"},{"floor":41,"key":"Boot"},{"floor":43,"key":"Anchor"},{"floor":45,"key":"Whetstone"},{"floor":47,"key":"Thread and Needle"}],"event_choices":[{"cards_removed":["Strike_R"],"damage_healed":0,"gold_gain":0,"player_choice":"Card Removal","damage_taken":0,"max_hp_gain":0,"max_hp_loss":0,"event_name":"The Cleric","floor":2,"gold_loss":50},{"damage_healed":0,"gold_gain":0,"player_choice":"Bought 3 Potions","damage_taken":0,"max_hp_gain":0,"max_hp_loss":0,"event_name":"The Woman in Blue","floor":4,"gold_loss":0},{"damage_healed":0,"gold_gain":30,"player_choice":"Searched \u00271\u0027 times","damage_taken":0,"max_hp_gain":0,"max_hp_loss":0,"event_name":"Dead Adventurer","floor":14,"gold_loss":0},{"damage_healed":0,"gold_gain":0,"player_choice":"Ignored","damage_taken":0,"max_hp_gain":0,"max_hp_loss":0,"event_name":"Ghosts","floor":19,"gold_loss":0},{"cards_removed":["Strike_R"],"damage_healed":0,"gold_gain":0,"player_choice":"Gave Gold","damage_taken":0,"max_hp_gain":0,"max_hp_loss":0,"event_name":"Beggar","floor":21,"gold_loss":75},{"damage_healed":0,"gold_gain":0,"player_choice":"Obtained Book","damage_taken":16,"max_hp_gain":0,"max_hp_loss":0,"event_name":"Cursed Tome","floor":25,"gold_loss":0},{"damage_healed":0,"gold_gain":0,"player_choice":"Fight","damage_taken":0,"max_hp_gain":0,"max_hp_loss":0,"event_name":"MindBloom","floor":47,"gold_loss":0}],"is_beta":false,"boss_relics":[{"not_picked":["Sozu","Ectoplasm"],"picked":"Calling Bell"},{"not_picked":["Snecko Eye","Fusion Hammer"],"picked":"Empty Cage"}],"items_purged_floors":[27],"is_endless":false,"potions_floor_spawned":[5,6,7,12,20,23,28,31,35,36,45,47],"ascension_level":4}