{"gold_per_floor":[110,35,45,62,80,114,114,114,114,94,112,112,145,158,158,255,255,267,267,287,287,30,30,62,62,62,5,5,5,36,55,55,55],"floor_reached":33,"playtime":3752,"items_purged":["Strike_G","Strike_G"],"score":334,"play_id":"6ceab9ed-7faa-4c5a-beb0-bf77eff01520","local_time":"20190630105614","is_ascension_mode":true,"campfire_choices":[{"data":"Neutralize","floor":8,"key":"SMITH"},{"floor":12,"key":"REST"},{"floor":15,"key":"REST"},{"floor":23,"key":"REST"},{"floor":25,"key":"REST"},{"floor":28,"key":"REST"},{"data":"A Thousand Cuts","floor":32,"key":"SMITH"}],"neow_cost":"PERCENT_DAMAGE","seed_source_timestamp":0,"circlet_count":0,"master_deck":["Defend_G+1","Defend_G","Defend_G","Strike_G","Strike_G","Survivor","Neutralize+1","Poisoned Stab","Dodge and Roll","Slice","Dodge and Roll+1","Adrenaline+1","Deadly Poison","A Thousand Cuts+1","Poisoned Stab","Corpse Explosion","Corpse Explosion+1","All Out Attack+1","Wraith Form v2+1","Necronomicurse","Flying Knee","Dash","Calculated Gamble+1","Tactician","All Out Attack","Outmaneuver+1","Underhanded Strike+1","Escape Plan+1"],"special_seed":0,"relics":["Ring of the Snake","WingedGreaves","The Courier","Pantograph","Sundial","Astrolabe","Necronomicon","War Paint","Juzu Bracelet","Gambling Chip","Prayer Wheel"],"potions_floor_usage":[13,13,16,20,21],"damage_taken":[{"damage":2.0,"enemies":"Small Slimes","floor":1.0,"turns":4.0},{"damage":0,"enemies":"2 Louse","floor":3,"turns":2},{"damage":0,"enemies":"Cultist","floor":4,"turns":4},{"damage":5,"enemies":"Large Slime","floor":5,"turns":9},{"damage":22,"enemies":"3 Sentries","floor":6,"turns":16},{"damage":1,"enemies":"Exordium Wildlife","floor":11,"turns":2},{"damage":32,"enemies":"Gremlin Nob","floor":13,"turns":5},{"damage":1,"enemies":"3 Louse","floor":14,"turns":4},{"damage":28,"enemies":"The Guardian","floor":16,"turns":11},{"damage":6,"enemies":"Shell Parasite","floor":18,"turns":4},{"damage":26,"enemies":"Spheric Guardian","floor":20,"turns":7},{"damage":18,"enemies":"Colosseum Slavers","floor":21,"turns":3},{"damage":22,"enemies":"Slavers","floor":24,"turns":4},{"damage":0,"enemies":"Gremlin Leader","floor":30,"turns":6},{"damage":0,"enemies":"3 Cultists","floor":31,"turns":2},{"damage":70,"enemies":"Collector","floor":33,"turns":7}],"seed_played":"-3179693276932203891","potions_obtained":[{"floor":1,"key":"Ancient Potion"},{"floor":4,"key":"AttackPotion"},{"floor":10,"key":"Fire Potion"},{"floor":11,"key":"SpeedPotion"},{"floor":18,"key":"Regen Potion"},{"floor":20,"key":"Regen Potion"}],"is_trial":false,"path_per_floor":["M","$","M","M","M","E","?","R","T","?","M","R","E","M","R","B",null,"M","?","M","?","$","R","E","R","T","$","R","?","E","M","R","B"],"character_chosen":"THE_SILENT","items_purchased":["Dash","War Paint","Tactician"],"campfire_rested":5,"item_purchase_floors":[22,22,27],"current_hp_per_floor":[47,47,47,47,42,20,20,20,20,20,19,40,8,7,28,25,70,64,48,37,24,24,45,23,44,44,44,65,65,65,65,65,0],"gold":55,"neow_bonus":"ONE_RARE_RELIC","is_prod":false,"is_daily":false,"chose_seed":false,"campfire_upgraded":2,"win_rate":0,"timestamp":1561917374,"path_taken":["M","$","M","M","M","E","?","R","T","?","?","R","E","M","R","BOSS","M","?","M","?","$","R","E","R","T","?","R","?","E","M","R","BOSS"],"build_version":"2019-01-23","purchased_purges":2,"victory":false,"max_hp_per_floor":[70,70,70,70,70,70,70,70,70,70,70,70,70,70,70,70,70,70,70,70,70,70,70,70,70,70,70,70,70,70,70,70,70],"card_choices":[{"not_picked":["Bouncing Flask","Dodge and Roll"],"picked":"Poisoned Stab","floor":1},{"not_picked":["Reflex","Quick Slash"],"picked":"Dodge and Roll","floor":3},{"not_picked":["Dagger Spray","Backflip"],"picked":"Slice","floor":4},{"not_picked":["Riddle With Holes","Backflip"],"picked":"Dodge and Roll","floor":5},{"not_picked":["Dagger Throw","Expertise"],"picked":"Adrenaline","floor":6},{"not_picked":["PiercingWail","Bouncing Flask"],"picked":"Deadly Poison","floor":11},{"not_picked":["Dagger Throw","PiercingWail"],"picked":"A Thousand Cuts","floor":13},{"not_picked":["Slice","Caltrops"],"picked":"Poisoned Stab","floor":14},{"not_picked":["Adrenaline","Night Terror"],"picked":"Corpse Explosion","floor":16},{"not_picked":["Dagger Throw","Dagger Spray","Accuracy"],"picked":"SKIP","floor":18},{"not_picked":["Prepared","Outmaneuver"],"picked":"Flying Knee","floor":20},{"not_picked":["Deflect","Eviscerate"],"picked":"Calculated Gamble+1","floor":24},{"not_picked":["Caltrops","Acrobatics+1"],"picked":"Outmaneuver+1","floor":30},{"not_picked":["Backflip+1","Acrobatics+1"],"picked":"Underhanded Strike+1","floor":31},{"not_picked":["Sucker Punch","Storm of Steel"],"picked":"Escape Plan+1","floor":31}],"player_experience":78323,"relics_obtained":[{"floor":6,"key":"The Courier"},{"floor":9,"key":"Pantograph"},{"floor":13,"key":"Sundial"},{"floor":19,"key":"Necronomicon"},{"floor":24,"key":"Juzu Bracelet"},{"floor":26,"key":"Gambling Chip"},{"floor":30,"key":"Prayer Wheel"}],"event_choices":[{"damage_healed":0,"gold_gain":0,"player_choice":"Grow","damage_taken":0,"max_hp_gain":0,"max_hp_loss":0,"event_name":"Living Wall","floor":7,"gold_loss":0,"cards_upgraded":["Adrenaline"]},{"damage_healed":0,"gold_gain":0,"player_choice":"Bought 1 Potion","damage_taken":0,"max_hp_gain":0,"max_hp_loss":0,"event_name":"The Woman in Blue","floor":10,"gold_loss":0},{"damage_healed":0,"gold_gain":0,"player_choice":"Obtained Book","damage_taken":16,"max_hp_gain":0,"max_hp_loss":0,"event_name":"Cursed Tome","floor":19,"gold_loss":0},{"damage_healed":0,"gold_gain":0,"player_choice":"Fight","damage_taken":0,"max_hp_gain":0,"max_hp_loss":0,"event_name":"Colosseum","floor":21,"gold_loss":0},{"damage_healed":0,"gold_gain":0,"player_choice":"Fled From Nobs","damage_taken":0,"max_hp_gain":0,"max_hp_loss":0,"event_name":"Colosseum","floor":21,"gold_loss":0},{"damage_healed":0,"gold_gain":0,"player_choice":"Read","damage_taken":0,"max_hp_gain":0,"max_hp_loss":0,"event_name":"The Library","floor":29,"gold_loss":0,"cards_obtained":["All Out Attack"]}],"is_beta":false,"boss_relics":[{"not_picked":["Runic Dome","HoveringKite"],"picked":"Astrolabe"}],"items_purged_floors":[2,22],"is_endless":false,"potions_floor_spawned":[1,4,11,18,20],"killed_by":"Collector","ascension_level":1}