{"gold_per_floor":[116,128,128,128,53,80,80,106,158,175,175,175,207,219,219,290,290,304,304,204,79,92,120,120,120,120,130,145,145,171,171,171,171],"floor_reached":33,"playtime":3766,"items_purged":["Strike_R","Strike_R","Strike_R"],"score":603,"play_id":"0974377a-53b9-4791-91f3-308df61f6919","local_time":"20181117125424","is_ascension_mode":true,"campfire_choices":[{"data":"Flex","floor":7.0,"key":"SMITH"},{"data":"Disarm","floor":12.0,"key":"SMITH"},{"data":"True Grit","floor":15.0,"key":"SMITH"},{"data":"Bludgeon","floor":24.0,"key":"SMITH"},{"floor":29,"key":"REST"},{"floor":32,"key":"REST"}],"neow_cost":"NONE","seed_source_timestamp":0,"circlet_count":0,"master_deck":["AscendersBane","Strike_R+1","Defend_R","Defend_R","Defend_R+1","Defend_R+1","Bash","Shrug It Off+1","Thunderclap","Flex+1","Offering","Disarm+1","Combust","True Grit+1","Bludgeon+1","Headbutt","Juggernaut","Metallicize","Pommel Strike+1"],"special_seed":0,"relics":["Burning Blood","NeowsBlessing","Oddly Smooth Stone","Orichalcum","Pear","War Paint","Strawberry","White Beast Statue","Vajra","Magic Flower","The Courier"],"potions_floor_usage":[28,30,30,31],"damage_taken":[{"damage":0.0,"enemies":"Small Slimes","floor":1.0,"turns":1.0},{"damage":0.0,"enemies":"2 Louse","floor":2.0,"turns":1.0},{"damage":0.0,"enemies":"Lagavulin","floor":6.0,"turns":1.0},{"damage":7.0,"enemies":"3 Sentries","floor":8.0,"turns":7.0},{"damage":6.0,"enemies":"Jaw Worm","floor":10.0,"turns":2.0},{"damage":15.0,"enemies":"Gremlin Nob","floor":13.0,"turns":4.0},{"damage":11.0,"enemies":"3 Louse","floor":14.0,"turns":4.0},{"damage":35.0,"enemies":"The Guardian","floor":16.0,"turns":16.0},{"damage":9.0,"enemies":"Shell Parasite","floor":18.0,"turns":4.0},{"damage":25.0,"enemies":"2 Thieves","floor":22.0,"turns":4.0},{"damage":33.0,"enemies":"Slavers","floor":23.0,"turns":10.0},{"damage":11.0,"enemies":"Snake Plant","floor":27.0,"turns":4.0},{"damage":16,"enemies":"Shelled Parasite and Fungi","floor":28,"turns":4},{"damage":31,"enemies":"Gremlin Leader","floor":30,"turns":6},{"damage":8,"enemies":"Colosseum Slavers","floor":31,"turns":6},{"damage":63,"enemies":"Automaton","floor":33,"turns":10}],"seed_played":"-6526427054130612160","potions_obtained":[{"floor":1.0,"key":"Swift Potion"},{"floor":6.0,"key":"Regen Potion"},{"floor":8.0,"key":"Block Potion"},{"floor":18.0,"key":"Fire Potion"},{"floor":22.0,"key":"Dexterity Potion"},{"floor":23.0,"key":"Ancient Potion"},{"floor":27.0,"key":"Energy Potion"},{"floor":28,"key":"GamblersBrew"},{"floor":30,"key":"GamblersBrew"}],"is_trial":false,"path_per_floor":["M","M","?","?","$","E","R","E","T","M","?","R","E","M","R","B",null,"M","?","$","$","M","E","R","$","T","M","M","R","E","?","R","B"],"character_chosen":"IRONCLAD","items_purchased":[],"campfire_rested":2,"item_purchase_floors":[],"current_hp_per_floor":[74,75,64,41,41,47,47,71,71,71,71,71,69,64,64,35,78,75,75,75,75,56,29,29,29,29,27,20,47,25,26,53,0],"gold":171,"neow_bonus":"THREE_ENEMY_KILL","is_prod":false,"is_daily":false,"chose_seed":false,"campfire_upgraded":4,"win_rate":0,"timestamp":1542477264,"path_taken":["M","M","?","?","?","E","R","E","T","M","?","R","E","M","R","BOSS","M","?","?","$","M","E","R","$","T","M","M","R","E","?","R","BOSS"],"build_version":"2018-11-15","purchased_purges":3,"victory":false,"max_hp_per_floor":[75,75,75,75,75,75,75,85,85,85,85,85,92,92,92,92,92,92,92,92,92,92,92,92,92,92,92,92,92,92,92,92,92],"card_choices":[{"not_picked":["Ghostly Armor","Havoc"],"picked":"Shrug It Off","floor":1.0},{"not_picked":["Second Wind","Perfected Strike"],"picked":"Thunderclap","floor":2.0},{"not_picked":["Thunderclap","Corruption"],"picked":"Flex","floor":6.0},{"not_picked":["Havoc","Rage"],"picked":"Offering","floor":8.0},{"not_picked":["True Grit","Cleave"],"picked":"Disarm","floor":10.0},{"not_picked":["Metallicize","Seeing Red"],"picked":"True Grit","floor":13.0},{"not_picked":["Perfected Strike","Thunderclap","Warcry"],"picked":"SKIP","floor":14.0},{"not_picked":["Exhume","Immolate"],"picked":"Bludgeon","floor":16.0},{"not_picked":["Entrench","Dropkick+1"],"picked":"Headbutt","floor":18.0},{"not_picked":["Heavy Blade","Burning Pact","Wild Strike"],"picked":"SKIP","floor":22.0},{"not_picked":["Rupture","Iron Wave"],"picked":"Metallicize","floor":23.0},{"not_picked":["Anger+1","Sword Boomerang","Hemokinesis"],"picked":"SKIP","floor":27.0},{"not_picked":["Perfected Strike+1","Ghostly Armor"],"picked":"Pommel Strike+1","floor":28},{"not_picked":["Headbutt","Combust","Power Through"],"picked":"SKIP","floor":30}],"player_experience":559622,"relics_obtained":[{"floor":6.0,"key":"Orichalcum"},{"floor":8.0,"key":"Pear"},{"floor":9.0,"key":"War Paint"},{"floor":13.0,"key":"Strawberry"},{"floor":23.0,"key":"Vajra"},{"floor":26.0,"key":"Magic Flower"},{"floor":30,"key":"The Courier"}],"event_choices":[{"damage_healed":0.0,"max_hp_gain":0.0,"max_hp_loss":0.0,"gold_gain":0.0,"event_name":"Scrap Ooze","player_choice":"Success","floor":3.0,"gold_loss":0.0,"damage_taken":11.0,"relics_obtained":["Oddly Smooth Stone"]},{"damage_healed":0.0,"max_hp_gain":0.0,"max_hp_loss":0.0,"gold_gain":0.0,"event_name":"Shining Light","player_choice":"Entered Light","floor":4.0,"gold_loss":0.0,"damage_taken":23.0,"cards_upgraded":["Defend_R","Strike_R"]},{"damage_healed":0.0,"max_hp_gain":0.0,"max_hp_loss":0.0,"gold_gain":0.0,"cards_transformed":["Strike_R"],"event_name":"Transmorgrifier","player_choice":"Transformed","floor":11.0,"gold_loss":0.0,"damage_taken":0.0,"cards_obtained":["Combust"]},{"damage_healed":0.0,"max_hp_gain":0.0,"max_hp_loss":0.0,"gold_gain":0.0,"event_name":"Match and Keep!","player_choice":"1 cards matched","floor":19.0,"gold_loss":0.0,"damage_taken":0.0,"cards_obtained":["Juggernaut"]},{"damage_healed":0,"gold_gain":0,"player_choice":"Fight","damage_taken":0,"max_hp_gain":0,"max_hp_loss":0,"event_name":"Colosseum","floor":31,"gold_loss":0},{"damage_healed":0,"gold_gain":0,"player_choice":"Fled From Nobs","damage_taken":0,"max_hp_gain":0,"max_hp_loss":0,"event_name":"Colosseum","floor":31,"gold_loss":0}],"is_beta":false,"boss_relics":[{"not_picked":["Tiny House","Eternal Feather"],"picked":"White Beast Statue"}],"items_purged_floors":[5,20,21],"is_endless":false,"potions_floor_spawned":[1,6,8,18,22,23,27,28,30,31],"killed_by":"Automaton","ascension_level":17}