{"gold_per_floor":[110,130,143,143,33,72,103,103],"floor_reached":8,"playtime":1298,"items_purged":["Strike_G"],"score":78,"play_id":"ddc4fb7c-0a57-486a-99e2-3602c0983ac9","local_time":"20190807000746","is_ascension_mode":true,"campfire_choices":[],"neow_cost":"NONE","seed_source_timestamp":140998779410196,"circlet_count":0,"master_deck":["Strike_G","Strike_G","Strike_G","Strike_G","Defend_G","Defend_G","Defend_G","Defend_G","Defend_G","Survivor","Neutralize","Doppelganger","PiercingWail","Cloak And Dagger","Acrobatics","Noxious Fumes","Bouncing Flask","Footwork"],"relics":["Ring of the Snake","Golden Idol","StoneCalendar","Odd Mushroom"],"potions_floor_usage":[6,8,8],"damage_taken":[{"damage":0,"enemies":"2 Louse","floor":1,"turns":3},{"damage":2,"enemies":"Jaw Worm","floor":2,"turns":7},{"damage":0,"enemies":"Small Slimes","floor":3,"turns":3},{"damage":15,"enemies":"3 Sentries","floor":6,"turns":9},{"damage":24,"enemies":"The Mushroom Lair","floor":7,"turns":6},{"damage":40,"enemies":"Gremlin Nob","floor":8,"turns":4}],"seed_played":"-5537166761120593856","potions_obtained":[{"floor":2,"key":"Weak Potion"},{"floor":3,"key":"Fruit Juice"},{"floor":7,"key":"Fire Potion"}],"is_trial":false,"path_per_floor":["M","M","M","?","$","E","?","E"],"character_chosen":"THE_SILENT","items_purchased":["Noxious Fumes"],"campfire_rested":0,"item_purchase_floors":[5],"current_hp_per_floor":[63,61,61,61,61,51,27,0],"gold":103,"neow_bonus":"ONE_RANDOM_RARE_CARD","is_prod":false,"is_daily":false,"chose_seed":false,"campfire_upgraded":0,"win_rate":0,"timestamp":1565161666,"path_taken":["M","M","M","?","$","E","?","E"],"build_version":"2019-07-17","purchased_purges":1,"victory":false,"max_hp_per_floor":[70,70,70,65,65,70,70,70],"card_choices":[{"not_picked":["Slice","Blade Dance"],"picked":"PiercingWail","floor":1},{"not_picked":["Prepared","Quick Slash"],"picked":"Cloak And Dagger","floor":2},{"not_picked":["Leg Sweep","Riddle With Holes"],"picked":"Acrobatics","floor":3},{"not_picked":["Eviscerate","Backstab"],"picked":"Bouncing Flask","floor":6},{"not_picked":["Acrobatics","Backstab"],"picked":"Footwork","floor":7}],"player_experience":501465,"relics_obtained":[{"floor":6,"key":"StoneCalendar"},{"floor":7,"key":"Odd Mushroom"}],"event_choices":[{"damage_healed":0,"gold_gain":0,"player_choice":"Lose Max HP","damage_taken":0,"relics_obtained":["Golden Idol"],"max_hp_gain":0,"max_hp_loss":5,"event_name":"Golden Idol","floor":4,"gold_loss":0},{"damage_healed":0,"gold_gain":0,"player_choice":"Fought Mushrooms","damage_taken":0,"max_hp_gain":0,"max_hp_loss":0,"event_name":"Mushrooms","floor":7,"gold_loss":0}],"is_beta":false,"boss_relics":[],"items_purged_floors":[5],"is_endless":false,"potions_floor_spawned":[2,3,7],"killed_by":"Gremlin Nob","ascension_level":8}