{"path_per_floor":["M","M","$","?","M","E","R","M","T","E","?","M","E","M","R","B",null,"M","$","M","M","$","E","R","?","T","?","R","E","T","E","R","B",null,"M","$","?","M","M","R","M","R","T","M","M","R","M","M","R"],"character_chosen":"IRONCLAD","items_purchased":["Happy Flower","Gambling Chip","Ancient Tea Set"],"gold_per_floor":[114,129,129,129,144,174,174,189,214,244,244,263,301,320,320,445,445,464,14,33,52,52,90,90,15,15,15,15,53,78,116,116,241,241,260,110,110,129,148,178,197,197,222,241,260,260,279,298,298],"floor_reached":50,"campfire_rested":0,"playtime":3311,"current_hp_per_floor":[78,77,76,75,74,73,72,71,70,69,52,58,59,65,64,47,62,61,60,59,54,54,49,49,49,49,49,49,42,42,48,47,27,45,44,43,38,41,40,39,19,19,19,34,38,37,36,37,36],"items_purged":[],"gold":298,"score":600,"play_id":"0c266053-2222-4c19-80f5-7cb02e3e66e3","local_time":"20180322115928","daily_mods":["Diverse","Terminal","Hoarder"],"is_prod":false,"is_daily":true,"is_ascension_mode":false,"campfire_upgraded":3,"timestamp":1521734368,"path_taken":["M","M","$","?","M","E","R","M","T","E","?","M","E","M","R","BOSS","M","$","M","M","$","E","R","?","T","?","R","E","?","E","R","BOSS","M","$","?","M","M","R","M","R","T","M","M","R","M","M","R","BOSS"],"build_version":"2018-03-15v3","purchased_purges":0,"victory":false,"master_deck":["Strike_R","Strike_R+1","Strike_R","Defend_R","Defend_R","Defend_R+1","Defend_R+1","Bash+1","Noxious Fumes","Noxious Fumes","Noxious Fumes","Dash+1","Dash+1","Dash+1","Battle Trance","Battle Trance","Battle Trance","Madness","Madness","Madness","Madness","Madness","Madness","Warcry+1","Warcry","Warcry"],"max_hp_per_floor":[78,77,76,75,74,73,72,71,70,69,68,67,66,65,64,63,62,61,60,59,58,57,56,55,54,53,52,51,50,49,48,47,46,45,44,43,42,41,40,39,38,37,36,37,38,37,36,37,36],"relics":["Burning Blood","Juzu Bracelet","Vajra","Regal Pillow","Golden Idol","Whetstone","Runic Pyramid","Happy Flower","Gambling Chip","War Paint","Shovel","Bottled Flame","Paper Frog","Omamori","Darkstone Periapt","Dodecahedron","White Beast Statue","Ancient Tea Set","Tiny Chest","Sundial","Singing Bowl","Molten Egg 2","Ice Cream"],"card_choices":[{"not_picked":["Flex","Headbutt"],"picked":"Battle Trance"},{"not_picked":["Clothesline","Iron Wave"],"picked":"Warcry"}],"player_experience":489973,"potions_floor_usage":[18,23,29,38,39,44,44,45,48,50,50,50],"damage_taken":[{"damage":0,"enemies":"2 Louse","floor":1,"turns":3},{"damage":0,"enemies":"Jaw Worm","floor":2,"turns":5},{"damage":0,"enemies":"Cultist","floor":5,"turns":4},{"damage":1,"enemies":"3 Sentries","floor":6,"turns":5},{"damage":0,"enemies":"Blue Slaver","floor":8,"turns":4},{"damage":0,"enemies":"Gremlin Nob","floor":10,"turns":5},{"damage":0,"enemies":"3 Louse","floor":12,"turns":3},{"damage":5,"enemies":"3 Sentries","floor":13,"turns":5},{"damage":0,"enemies":"Looter","floor":14,"turns":3},{"damage":23,"enemies":"Hexaghost","floor":16,"turns":9},{"damage":2,"enemies":"2 Thieves","floor":18,"turns":5},{"damage":3,"enemies":"Spheric Guardian","floor":20,"turns":7},{"damage":11,"enemies":"3 Cultists","floor":21,"turns":5},{"damage":11,"enemies":"Book of Stabbing","floor":23,"turns":8},{"damage":13,"enemies":"Slavers","floor":29,"turns":6},{"damage":0,"enemies":"Gremlin Leader","floor":31,"turns":7},{"damage":26,"enemies":"Automaton","floor":33,"turns":10},{"damage":0,"enemies":"Orb Walker","floor":35,"turns":5},{"damage":0,"enemies":"3 Shapes","floor":38,"turns":5},{"damage":2,"enemies":"Maw","floor":39,"turns":7},{"damage":26,"enemies":"3 Darklings","floor":41,"turns":6},{"damage":8,"enemies":"4 Shapes","floor":44,"turns":5},{"damage":8,"enemies":"Sphere and 2 Shapes","floor":45,"turns":7},{"damage":5,"enemies":"Maw","floor":47,"turns":7},{"damage":0,"enemies":"4 Shapes","floor":48,"turns":6},{"damage":42,"enemies":"Time Eater","floor":50,"turns":12}],"event_choices":[{"event_name":"Living Wall","player_choice":"Forget","floor":4,"damage_taken":0},{"event_name":"Golden Idol","player_choice":"Take Damage","floor":11,"damage_taken":0},{"event_name":"Beggar","player_choice":"Gave Gold","floor":25,"damage_taken":0},{"event_name":"Addict","player_choice":"Ignored","floor":27,"damage_taken":0},{"event_name":"Winding Halls","player_choice":"Embrace Madness","floor":37,"damage_taken":0}],"boss_relics":[{"not_picked":["Cursed Key","Black Blood"],"picked":"Runic Pyramid"},{"not_picked":["Pandora\u0027s Box","Eternal Feather"],"picked":"White Beast Statue"}],"potions_floor_spawned":[2,5,6,13,21,23,35,38,39,41,44,45,47,48],"seed_played":"7321977595555922760","killed_by":"Time Eater","ascension_level":0,"is_trial":false}