{"gold_per_floor":[111,3,17,29,40,69,84,112,112,112,131,131,141,160,160,256,256,271,289,214,489,509,509,7,7,30,56,68,91,119,151,163,270,282,304,327,391,403,426,438,470,482],"floor_reached":42,"playtime":3036,"items_purged":["Regret"],"score":556,"play_id":"3e87da51-9b1a-4ec4-9518-5cfcd37386b0","local_time":"20190707130917","is_ascension_mode":true,"campfire_choices":[{"floor":10,"key":"REST"},{"floor":15,"key":"REST"},{"data":"After Image","floor":23,"key":"SMITH"},{"data":"Infinite Blades","floor":25,"key":"SMITH"},{"data":"Footwork","floor":28,"key":"SMITH"},{"floor":32,"key":"REST"},{"data":"Envenom","floor":40,"key":"SMITH"}],"neow_cost":"TEN_PERCENT_HP_LOSS","seed_source_timestamp":157767932754194,"circlet_count":0,"master_deck":["Strike_G","Strike_G","Strike_G","Defend_G","Defend_G","Defend_G","Defend_G","Survivor","Neutralize","Slice","Masterful Stab","Accuracy","Cloak And Dagger","Dagger Spray","Accuracy","Endless Agony","Dodge and Roll","Finisher","Cloak And Dagger","Neutralize","Backflip","Cloak And Dagger","After Image+1","Endless Agony","Infinite Blades+1","Cloak And Dagger","Footwork+1","Noxious Fumes+1","Blade Dance","Blade Dance+1","Envenom+1","Infinite Blades","Choke+1","Distraction+1","Writhe","Dodge and Roll+1"],"relics":["Ring of the Snake","Snake Skull","Bag of Marbles","Ninja Scroll","Philosopher\u0027s Stone","The Specimen","MawBank","Eternal Feather","StoneCalendar"],"potions_floor_usage":[6,6,6,7,16,16,19,30,30,39,42,42],"damage_taken":[{"damage":1,"enemies":"Small Slimes","floor":1,"turns":6},{"damage":1,"enemies":"Cultist","floor":3,"turns":3},{"damage":3,"enemies":"Jaw Worm","floor":4,"turns":4},{"damage":6,"enemies":"Looter","floor":5,"turns":3},{"damage":4,"enemies":"3 Sentries","floor":6,"turns":6},{"damage":2,"enemies":"Lots of Slimes","floor":7,"turns":2},{"damage":38,"enemies":"Gremlin Nob","floor":8,"turns":5},{"damage":0,"enemies":"2 Fungi Beasts","floor":11,"turns":1},{"damage":0,"enemies":"Blue Slaver","floor":13,"turns":1},{"damage":0,"enemies":"Exordium Wildlife","floor":14,"turns":2},{"damage":2,"enemies":"Hexaghost","floor":16,"turns":11},{"damage":0,"enemies":"3 Byrds","floor":18,"turns":3},{"damage":0,"enemies":"2 Thieves","floor":19,"turns":3},{"damage":28,"enemies":"Shelled Parasite and Fungi","floor":22,"turns":6},{"damage":0,"enemies":"Sentry and Sphere","floor":27,"turns":4},{"damage":0,"enemies":"Cultist and Chosen","floor":29,"turns":5},{"damage":5,"enemies":"Snake Plant","floor":30,"turns":3},{"damage":7,"enemies":"Shelled Parasite and Fungi","floor":31,"turns":5},{"damage":13,"enemies":"Automaton","floor":33,"turns":9},{"damage":3,"enemies":"Orb Walker","floor":35,"turns":4},{"damage":8,"enemies":"3 Shapes","floor":36,"turns":5},{"damage":51,"enemies":"2 Orb Walkers","floor":37,"turns":4},{"damage":15,"enemies":"3 Darklings","floor":39,"turns":6},{"damage":8,"enemies":"4 Shapes","floor":41,"turns":7},{"damage":22,"enemies":"Giant Head","floor":42,"turns":5}],"seed_played":"8336208025172982259","potions_obtained":[{"floor":1,"key":"GhostInAJar"},{"floor":4,"key":"Fire Potion"},{"floor":5,"key":"Fruit Juice"},{"floor":6,"key":"SkillPotion"},{"floor":11,"key":"Dexterity Potion"},{"floor":14,"key":"EssenceOfSteel"},{"floor":18,"key":"EssenceOfSteel"},{"floor":27,"key":"SkillPotion"},{"floor":30,"key":"FearPotion"},{"floor":33,"key":"SpeedPotion"},{"floor":41,"key":"Poison Potion"}],"is_trial":false,"path_per_floor":["M","$","M","M","M","E","M","E","T","R","M","?","M","M","R","B",null,"M","M","?","?","M","R","$","R","T","M","R","M","M","M","R","B",null,"M","M","?","?","M","R","M","E"],"character_chosen":"THE_SILENT","items_purchased":["Masterful Stab","Accuracy","Footwork","The Specimen","SkillPotion"],"campfire_rested":3,"item_purchase_floors":[2,2,24,24,24],"current_hp_per_floor":[62,62,61,58,52,53,51,13,13,33,33,33,33,33,53,51,68,68,68,68,68,40,40,40,40,40,40,40,40,35,28,48,35,68,65,57,6,23,8,29,21,0],"gold":482,"neow_bonus":"REMOVE_TWO","is_prod":false,"is_daily":false,"chose_seed":false,"campfire_upgraded":4,"win_rate":0,"timestamp":1562530157,"path_taken":["M","$","M","M","M","E","M","E","T","R","M","?","?","M","R","BOSS","M","M","?","?","M","R","$","R","T","M","R","M","?","M","R","BOSS","M","M","?","?","?","R","M","E"],"build_version":"2019-07-05","purchased_purges":1,"victory":false,"max_hp_per_floor":[63,63,63,63,63,68,68,68,68,68,68,68,68,68,68,68,68,68,68,68,68,68,68,68,68,68,68,68,68,68,68,68,68,68,68,68,68,68,68,68,68,68],"card_choices":[{"not_picked":["Flechettes","Blade Dance"],"picked":"Slice","floor":1},{"not_picked":["Backstab","Finisher"],"picked":"Cloak And Dagger","floor":3},{"not_picked":["Noxious Fumes","Deflect"],"picked":"Dagger Spray","floor":4},{"not_picked":["Noxious Fumes","Setup"],"picked":"Accuracy","floor":5},{"not_picked":["Malaise","Deflect"],"picked":"Endless Agony","floor":6},{"not_picked":["Outmaneuver","Flechettes"],"picked":"Dodge and Roll","floor":7},{"not_picked":["Underhanded Strike","Eviscerate"],"picked":"Finisher","floor":8},{"not_picked":["Endless Agony","Skewer"],"picked":"Cloak And Dagger","floor":11},{"not_picked":["Flying Knee","Skewer"],"picked":"Backflip","floor":13},{"not_picked":["Blade Dance","Caltrops"],"picked":"Cloak And Dagger","floor":14},{"not_picked":["Malaise","Phantasmal Killer"],"picked":"After Image","floor":16},{"not_picked":["PiercingWail","Acrobatics"],"picked":"Endless Agony","floor":18},{"not_picked":["Slice","Cloak And Dagger"],"picked":"Infinite Blades","floor":19},{"not_picked":["Dodge and Roll","Riddle With Holes+1"],"picked":"Cloak And Dagger","floor":22},{"not_picked":["Deflect","Dagger Spray+1"],"picked":"Noxious Fumes+1","floor":27},{"not_picked":["Acrobatics","Deflect+1"],"picked":"Blade Dance","floor":29},{"not_picked":["Prepared","Tactician","Poisoned Stab"],"picked":"SKIP","floor":30},{"not_picked":["PiercingWail","Skewer"],"picked":"Blade Dance+1","floor":31},{"not_picked":["Night Terror","Burst"],"picked":"Envenom","floor":33},{"not_picked":["Expertise","Poisoned Stab"],"picked":"Infinite Blades","floor":35},{"not_picked":["Reflex+1","PiercingWail+1"],"picked":"Choke+1","floor":36},{"not_picked":["Finisher","Poisoned Stab+1"],"picked":"Distraction+1","floor":37},{"not_picked":["Slice+1","Deadly Poison","Blade Dance"],"picked":"SKIP","floor":39},{"not_picked":["Escape Plan","Prepared+1"],"picked":"Dodge and Roll+1","floor":41}],"player_experience":220289,"relics_obtained":[{"floor":6,"key":"Snake Skull"},{"floor":8,"key":"Bag of Marbles"},{"floor":9,"key":"Ninja Scroll"},{"floor":26,"key":"MawBank"},{"floor":37,"key":"StoneCalendar"}],"event_choices":[{"damage_healed":0,"gold_gain":0,"player_choice":"1 cards matched","damage_taken":0,"max_hp_gain":0,"max_hp_loss":0,"event_name":"Match and Keep!","floor":12,"gold_loss":0,"cards_obtained":["Neutralize"]},{"cards_removed":["Strike_G"],"damage_healed":0,"gold_gain":0,"player_choice":"Gave Gold","damage_taken":0,"max_hp_gain":0,"max_hp_loss":0,"event_name":"Beggar","floor":20,"gold_loss":75},{"damage_healed":0,"gold_gain":275,"player_choice":"Desecrate","damage_taken":0,"max_hp_gain":0,"max_hp_loss":0,"event_name":"Golden Shrine","floor":21,"gold_loss":0,"cards_obtained":["Regret"]},{"damage_healed":0,"gold_gain":0,"player_choice":"Fight","damage_taken":0,"max_hp_gain":0,"max_hp_loss":0,"event_name":"Mysterious Sphere","floor":37,"gold_loss":0},{"damage_healed":17,"gold_gain":0,"player_choice":"Writhe","damage_taken":0,"max_hp_gain":0,"max_hp_loss":0,"event_name":"Winding Halls","floor":38,"gold_loss":0,"cards_obtained":["Writhe"]}],"is_beta":false,"boss_relics":[{"not_picked":["HoveringKite","Fusion Hammer"],"picked":"Philosopher\u0027s Stone"},{"not_picked":["Calling Bell","Orrery"],"picked":"Eternal Feather"}],"items_purged_floors":[24],"is_endless":false,"potions_floor_spawned":[1,4,5,6,11,14,18,27,30,33,41],"killed_by":"Giant Head","ascension_level":3}