{"gold_per_floor":[110,42,55,65,79,106,106,121,172,172,188,188,188,188,188,290,290,278,294,294,294,314,314,314,329,355,12,12,27,27,27,27,124,124,135,235,245,20,30,30,65,65],"floor_reached":42,"playtime":4781,"items_purged":[],"score":428,"play_id":"7344b555-e36c-45fc-b297-17cdc71fe273","local_time":"20190228222431","is_ascension_mode":false,"campfire_choices":[{"floor":7,"key":"REST"},{"floor":10,"key":"REST"},{"data":"Bash","floor":13,"key":"SMITH"},{"floor":15,"key":"REST"},{"floor":23,"key":"REST"},{"floor":28,"key":"REST"},{"floor":32,"key":"REST"},{"floor":40,"key":"REST"}],"neow_cost":"","seed_source_timestamp":865394427506006,"circlet_count":0,"master_deck":["Strike_R+1","Strike_R+1","Strike_R+1","Strike_R+1","Strike_R+1","Defend_R+1","Defend_R+1","Defend_R+1","Defend_R+1","Bash+1","Combust","Rupture","Warcry","Perfected Strike","Disarm","Cleave","Shrug It Off","Demon Form","Sword Boomerang+1","Battle Trance+1","Metallicize+1","Armaments","Dropkick","Feed","Shrug It Off+1","Clothesline+1","Rage+1","Metallicize","Parasite"],"relics":["Burning Blood","WingedGreaves","Happy Flower","Runic Pyramid","Sundial","Boot","Anchor","Vajra","Mark of Pain","Gambling Chip","Blood Vial","Bottled Tornado"],"potions_floor_usage":[19,42,42],"damage_taken":[{"damage":6,"enemies":"Jaw Worm","floor":1,"turns":4},{"damage":6,"enemies":"2 Louse","floor":3,"turns":3},{"damage":3,"enemies":"Small Slimes","floor":4,"turns":4},{"damage":32,"enemies":"Exordium Thugs","floor":5,"turns":5},{"damage":40,"enemies":"3 Sentries","floor":6,"turns":5},{"damage":34,"enemies":"Exordium Wildlife","floor":8,"turns":5},{"damage":7,"enemies":"Looter","floor":11,"turns":4},{"damage":64,"enemies":"The Guardian","floor":16,"turns":11},{"damage":33,"enemies":"2 Thieves","floor":18,"turns":4},{"damage":10,"enemies":"Chosen","floor":19,"turns":3},{"damage":28,"enemies":"Snake Plant","floor":22,"turns":4},{"damage":24,"enemies":"Centurion and Healer","floor":25,"turns":8},{"damage":20,"enemies":"Cultist and Chosen","floor":29,"turns":7},{"damage":19,"enemies":"Champ","floor":33,"turns":10},{"damage":27,"enemies":"Orb Walker","floor":35,"turns":4},{"damage":18,"enemies":"Mind Bloom Boss Battle","floor":36,"turns":7},{"damage":37,"enemies":"3 Darklings","floor":37,"turns":6},{"damage":5,"enemies":"Writhing Mass","floor":39,"turns":7},{"damage":37,"enemies":"Giant Head","floor":41,"turns":9},{"damage":36,"enemies":"Jaw Worm Horde","floor":42,"turns":2}],"seed_played":"1766072057007870717","potions_obtained":[{"floor":4,"key":"Poison Potion"},{"floor":11,"key":"Swift Potion"},{"floor":16,"key":"SteroidPotion"},{"floor":18,"key":"FearPotion"},{"floor":25,"key":"Dexterity Potion"},{"floor":37,"key":"Weak Potion"}],"is_trial":false,"path_per_floor":["M","$","M","M","M","E","R","M","T","R","M","?","R","?","R","B",null,"M","M","?","?","M","R","T","M","T","$","R","M","$","?","R","B",null,"M","?","M","$","M","R","E","M"],"character_chosen":"IRONCLAD","items_purchased":["Rupture","Anchor","Vajra","Armaments","Blood Vial","Metallicize"],"campfire_rested":7,"item_purchase_floors":[2,27,27,27,38,38],"current_hp_per_floor":[80,80,80,80,54,20,44,16,16,40,39,65,65,49,73,15,80,53,49,49,49,27,51,51,33,33,33,57,43,43,43,67,54,80,62,54,23,23,26,52,26,0],"gold":65,"neow_bonus":"","is_prod":false,"is_daily":false,"chose_seed":false,"campfire_upgraded":1,"win_rate":0.0,"timestamp":1551421471,"path_taken":["M","$","M","M","M","E","R","M","T","R","M","?","R","?","R","BOSS","M","M","?","?","?","R","?","M","T","$","R","M","?","?","R","BOSS","M","?","M","?","M","R","E","M"],"build_version":"2019-01-23","purchased_purges":0,"victory":false,"max_hp_per_floor":[80,80,80,80,80,80,80,80,80,80,80,80,80,80,80,80,80,80,80,80,80,80,80,80,80,80,80,80,80,80,80,80,80,80,83,87,87,87,87,87,90,90],"card_choices":[{"not_picked":["Perfected Strike","Thunderclap"],"picked":"Combust","floor":1},{"not_picked":["True Grit","Anger"],"picked":"Warcry","floor":3},{"not_picked":["Power Through","Thunderclap"],"picked":"Perfected Strike","floor":4},{"not_picked":["Flex","Infernal Blade"],"picked":"Disarm","floor":5},{"not_picked":["Burning Pact","Double Tap"],"picked":"Cleave","floor":6},{"not_picked":["Clothesline","Searing Blow"],"picked":"Thunderclap","floor":8},{"not_picked":["Sword Boomerang","Twin Strike"],"picked":"Shrug It Off","floor":11},{"not_picked":["Impervious","Barricade"],"picked":"Demon Form","floor":16},{"not_picked":["Infernal Blade","True Grit"],"picked":"Sword Boomerang+1","floor":18},{"not_picked":["Combust","Bloodletting","Hemokinesis"],"picked":"SKIP","floor":19},{"not_picked":["Twin Strike","Clash"],"picked":"Battle Trance+1","floor":22},{"not_picked":["Pummel","Battle Trance"],"picked":"Metallicize+1","floor":25},{"not_picked":["Sword Boomerang","Clash+1"],"picked":"Dropkick","floor":29},{"not_picked":["Berserk","Barricade"],"picked":"Feed","floor":33},{"not_picked":["Pommel Strike","Body Slam"],"picked":"Shrug It Off+1","floor":35},{"not_picked":["Warcry","Sever Soul"],"picked":"Clothesline+1","floor":36},{"not_picked":["Fire Breathing+1","Uppercut+1"],"picked":"Rage+1","floor":37},{"not_picked":["Cleave+1","Headbutt+1","Carnage"],"picked":"SKIP","floor":39},{"not_picked":["Body Slam","Clothesline+1","True Grit"],"picked":"SKIP","floor":41}],"player_experience":0,"relics_obtained":[{"floor":6,"key":"WingedGreaves"},{"floor":9,"key":"Happy Flower"},{"floor":24,"key":"Sundial"},{"floor":26,"key":"Boot"},{"floor":36,"key":"Gambling Chip"},{"floor":41,"key":"Bottled Tornado"}],"event_choices":[{"damage_healed":26,"gold_gain":0,"player_choice":"Banana","damage_taken":0,"max_hp_gain":0,"max_hp_loss":0,"event_name":"Big Fish","floor":12,"gold_loss":0},{"damage_healed":0,"gold_gain":0,"player_choice":"Entered Light","damage_taken":16,"max_hp_gain":0,"max_hp_loss":0,"event_name":"Shining Light","floor":14,"gold_loss":0,"cards_upgraded":["Defend_R","Strike_R"]},{"damage_healed":0,"gold_gain":0,"player_choice":"Simplicity","damage_taken":0,"max_hp_gain":0,"max_hp_loss":0,"event_name":"Back to Basics","floor":20,"gold_loss":0,"cards_upgraded":["Strike_R","Strike_R","Strike_R","Strike_R","Defend_R","Defend_R","Defend_R"]},{"cards_removed":["Thunderclap"],"damage_healed":0,"gold_gain":0,"player_choice":"Purged","damage_taken":0,"max_hp_gain":0,"max_hp_loss":0,"event_name":"Purifier","floor":21,"gold_loss":0},{"damage_healed":0,"gold_gain":0,"player_choice":"Ignored","damage_taken":0,"max_hp_gain":0,"max_hp_loss":0,"event_name":"Vampires","floor":31,"gold_loss":0},{"damage_healed":0,"gold_gain":0,"player_choice":"Fight","damage_taken":0,"max_hp_gain":0,"max_hp_loss":0,"event_name":"MindBloom","floor":36,"gold_loss":0}],"is_beta":false,"boss_relics":[{"not_picked":["White Beast Statue","Snecko Eye"],"picked":"Runic Pyramid"},{"not_picked":["Sozu","Runic Cube"],"picked":"Mark of Pain"}],"items_purged_floors":[],"is_endless":false,"potions_floor_spawned":[4,11,16,18,25,37,39],"killed_by":"Jaw Worm Horde","ascension_level":0}