{"gold_per_floor":[115,290,365,384,154,180,190,203,227,227,227,243,143,186,186,306,306,326,340,52,73,88,88],"floor_reached":23,"playtime":1872,"items_purged":["Regret","Doubt"],"score":380,"play_id":"e62af2bb-892d-48e2-a2ec-b21137b8fa79","local_time":"20190721124747","is_ascension_mode":true,"campfire_choices":[{"data":"Barricade","floor":15,"key":"SMITH"}],"neow_cost":"CURSE","seed_source_timestamp":1107623941864268,"circlet_count":0,"master_deck":["AscendersBane","Strike_R+1","Strike_R","Strike_R","Strike_R","Strike_R","Defend_R","Defend_R","Defend_R+1","Defend_R+1","Bash","Forethought+1","PanicButton","Heavy Blade","Iron Wave","Uppercut","Metallicize","Barricade+1","Shrug It Off","True Grit","Impervious","Entrench+1","Cleave","Burning Pact+1"],"relics":["Burning Blood","War Paint","Orichalcum","Lantern","Golden Idol","Centennial Puzzle","Coffee Dripper","Toxic Egg 2"],"potions_floor_usage":[7,8,14,23,23,23],"damage_taken":[{"damage":3,"enemies":"2 Louse","floor":1,"turns":3},{"damage":6,"enemies":"Small Slimes","floor":4,"turns":5},{"damage":50,"enemies":"Lagavulin","floor":6,"turns":10},{"damage":5,"enemies":"Jaw Worm","floor":7,"turns":5},{"damage":3,"enemies":"Exordium Wildlife","floor":8,"turns":4},{"damage":0,"enemies":"2 Fungi Beasts","floor":12,"turns":4},{"damage":5,"enemies":"3 Sentries","floor":14,"turns":10},{"damage":0,"enemies":"Slime Boss","floor":16,"turns":16},{"damage":10,"enemies":"2 Thieves","floor":18,"turns":5},{"damage":0,"enemies":"Spheric Guardian","floor":19,"turns":6},{"damage":2,"enemies":"Cultist and Chosen","floor":21,"turns":10},{"damage":0,"enemies":"Snecko","floor":22,"turns":8},{"damage":112,"enemies":"Book of Stabbing","floor":23,"turns":9}],"seed_played":"2639005377376777562","potions_obtained":[{"floor":6,"key":"Regen Potion"},{"floor":7,"key":"AttackPotion"},{"floor":8,"key":"Regen Potion"},{"floor":21,"key":"BloodPotion"},{"floor":22,"key":"BloodPotion"}],"is_trial":false,"path_per_floor":["M","?","?","M","$","E","M","M","T","?","?","M","$","E","R","B",null,"M","M","$","M","M","E"],"character_chosen":"IRONCLAD","items_purchased":["War Paint","Toxic Egg 2","Strength Potion"],"campfire_rested":0,"item_purchase_floors":[5,20,20],"current_hp_per_floor":[75,75,64,64,64,20,35,38,38,22,22,28,28,44,44,50,68,64,70,70,74,74,0],"gold":88,"neow_bonus":"RANDOM_COLORLESS_2","is_prod":false,"is_daily":false,"chose_seed":false,"campfire_upgraded":1,"win_rate":0,"timestamp":1563738467,"path_taken":["M","?","?","M","$","E","M","M","T","?","?","M","$","E","R","BOSS","M","M","$","M","M","E"],"build_version":"2019-07-17","purchased_purges":2,"victory":false,"max_hp_per_floor":[80,80,80,80,80,80,80,80,80,80,74,74,74,74,74,74,74,74,74,74,74,74,74],"card_choices":[{"not_picked":["Battle Trance","Shrug It Off"],"picked":"Heavy Blade","floor":1},{"not_picked":["Anger","Headbutt"],"picked":"Iron Wave","floor":4},{"not_picked":["Heavy Blade","Sword Boomerang"],"picked":"Uppercut","floor":6},{"not_picked":["Perfected Strike","Headbutt"],"picked":"Metallicize","floor":7},{"not_picked":["Blood for Blood","Thunderclap"],"picked":"Barricade","floor":8},{"not_picked":["Heavy Blade","Sword Boomerang"],"picked":"Shrug It Off","floor":12},{"not_picked":["Clash","Double Tap"],"picked":"True Grit","floor":14},{"not_picked":["Fiend Fire","Limit Break"],"picked":"Impervious","floor":16},{"not_picked":["Rage","Infernal Blade"],"picked":"Entrench+1","floor":18},{"not_picked":["Carnage+1","Hemokinesis"],"picked":"Cleave","floor":19},{"not_picked":["Pommel Strike+1","Reckless Charge"],"picked":"Burning Pact+1","floor":21},{"not_picked":["Reckless Charge","Havoc+1","Pummel+1"],"picked":"SKIP","floor":22}],"player_experience":370133,"relics_obtained":[{"floor":6,"key":"Orichalcum"},{"floor":9,"key":"Lantern"},{"floor":14,"key":"Centennial Puzzle"}],"event_choices":[{"damage_healed":0,"gold_gain":175,"player_choice":"AGREE","damage_taken":0,"max_hp_gain":0,"max_hp_loss":0,"event_name":"Liars Game","floor":2,"gold_loss":0,"cards_obtained":["Doubt"]},{"damage_healed":0,"gold_gain":75,"player_choice":"Gather Gold","damage_taken":11,"max_hp_gain":0,"max_hp_loss":0,"event_name":"World of Goop","floor":3,"gold_loss":0},{"damage_healed":0,"gold_gain":0,"player_choice":"Entered Light","damage_taken":16,"max_hp_gain":0,"max_hp_loss":0,"event_name":"Shining Light","floor":10,"gold_loss":0,"cards_upgraded":["Defend_R","Strike_R"]},{"damage_healed":0,"gold_gain":0,"player_choice":"Lose Max HP","damage_taken":0,"relics_obtained":["Golden Idol"],"max_hp_gain":0,"max_hp_loss":6,"event_name":"Golden Idol","floor":11,"gold_loss":0}],"is_beta":false,"boss_relics":[{"not_picked":["Empty Cage","Fusion Hammer"],"picked":"Coffee Dripper"}],"items_purged_floors":[5,13],"is_endless":false,"potions_floor_spawned":[6,7,8,21,22],"killed_by":"Book of Stabbing","ascension_level":10}