{"gold_per_floor":[116,116,132,207,207,10,24,53,53,53,66,66,93,103,103,205,205,225,225,245,262,262,262,262,262],"floor_reached":25,"playtime":2499,"items_purged":[],"score":222,"play_id":"f55b3ed8-4ddc-423e-b859-781f2296b864","local_time":"20190308223739","is_ascension_mode":true,"campfire_choices":[{"data":"Dualcast","floor":15,"key":"SMITH"},{"floor":23,"key":"REST"}],"neow_cost":"NONE","seed_source_timestamp":7241209793851,"circlet_count":0,"master_deck":["Zap","Dualcast+1","Streamline","Rebound","Conserve Battery","Undo","Leap","Parasite","All For One","Glacier","All For One","Compile Driver","Skim","Hello World","Darkness","Glacier","Force Field","Electrodynamics","Aggregate","White Noise","Hologram","White Noise"],"relics":["Cracked Core","Sling","Calipers","Question Card","PreservedInsect","Pandora\u0027s Box"],"potions_floor_usage":[16,20,21,25],"damage_taken":[{"damage":1,"enemies":"Jaw Worm","floor":1,"turns":3},{"damage":1,"enemies":"2 Louse","floor":3,"turns":2},{"damage":1,"enemies":"Cultist","floor":7,"turns":3},{"damage":37,"enemies":"Lagavulin","floor":8,"turns":6},{"damage":6,"enemies":"3 Louse","floor":11,"turns":3},{"damage":10,"enemies":"3 Sentries","floor":13,"turns":7},{"damage":2,"enemies":"Blue Slaver","floor":14,"turns":3},{"damage":10,"enemies":"The Guardian","floor":16,"turns":14},{"damage":28,"enemies":"3 Byrds","floor":18,"turns":4},{"damage":25,"enemies":"Shell Parasite","floor":20,"turns":10},{"damage":30,"enemies":"Centurion and Healer","floor":21,"turns":13},{"damage":27,"enemies":"Cultist and Chosen","floor":25,"turns":4}],"seed_played":"4723022146175599421","potions_obtained":[{"floor":8,"key":"Weak Potion"},{"floor":14,"key":"Swift Potion"},{"floor":16,"key":"Regen Potion"},{"floor":18,"key":"Explosive Potion"}],"is_trial":false,"path_per_floor":["M","?","M","?","?","$","M","E","T","?","M","?","E","M","R","B",null,"M","?","M","M","?","R","?","M"],"character_chosen":"DEFECT","items_purchased":["Sling"],"campfire_rested":1,"item_purchase_floors":[6],"current_hp_per_floor":[74,79,78,67,67,67,66,29,29,29,23,43,33,31,31,21,80,52,52,42,12,3,27,27,0],"gold":262,"neow_bonus":"THREE_CARDS","is_prod":false,"is_daily":false,"chose_seed":false,"campfire_upgraded":1,"win_rate":0,"timestamp":1552113459,"path_taken":["M","?","M","?","?","$","M","E","T","?","?","?","E","M","R","BOSS","M","?","M","?","?","R","?","M"],"build_version":"2019-01-23","purchased_purges":0,"victory":false,"max_hp_per_floor":[75,80,80,80,80,80,80,80,80,80,80,80,80,80,80,80,80,80,80,80,80,80,80,80,80],"card_choices":[{"not_picked":["Storm","Conserve Battery"],"picked":"Streamline","floor":0},{"not_picked":["Redo","Chaos"],"picked":"Rebound","floor":1},{"not_picked":["Go for the Eyes","Beam Cell"],"picked":"Conserve Battery","floor":3},{"not_picked":["Conserve Battery","Chill"],"picked":"Undo","floor":7},{"not_picked":["Self Repair","Cold Snap","Skim"],"picked":"SKIP","floor":8},{"not_picked":["BootSequence","Undo","Steam"],"picked":"Leap","floor":11},{"not_picked":["Self Repair","Sweeping Beam","Lockon"],"picked":"All For One","floor":13},{"not_picked":["Stack","Fusion","Rip and Tear"],"picked":"Glacier","floor":14},{"not_picked":["Biased Cognition","Electrodynamics","Rainbow"],"picked":"All For One","floor":16},{"not_picked":["Barrage","Rebound","Ball Lightning+1","Scrape+1"],"picked":"SKIP","floor":18},{"not_picked":["Conserve Battery","Self Repair","Recycle","Turbo"],"picked":"SKIP","floor":20},{"not_picked":["Ball Lightning+1","Stack+1","Leap+1"],"picked":"Hologram","floor":21}],"player_experience":120615,"relics_obtained":[{"floor":8,"key":"Calipers"},{"floor":9,"key":"Question Card"},{"floor":13,"key":"PreservedInsect"}],"event_choices":[{"damage_healed":0,"gold_gain":0,"player_choice":"Donut","damage_taken":0,"max_hp_gain":5,"max_hp_loss":0,"event_name":"Big Fish","floor":2,"gold_loss":0},{"damage_healed":0,"gold_gain":75,"player_choice":"Gather Gold","damage_taken":11,"max_hp_gain":0,"max_hp_loss":0,"event_name":"World of Goop","floor":4,"gold_loss":0},{"damage_healed":0,"gold_gain":0,"player_choice":"Ignored","damage_taken":0,"max_hp_gain":0,"max_hp_loss":0,"event_name":"Liars Game","floor":5,"gold_loss":0},{"damage_healed":0,"gold_gain":0,"player_choice":"Ignored","damage_taken":0,"max_hp_gain":0,"max_hp_loss":0,"event_name":"Golden Idol","floor":10,"gold_loss":0},{"damage_healed":20,"gold_gain":0,"player_choice":"Healed and dodged fight","damage_taken":0,"max_hp_gain":0,"max_hp_loss":0,"event_name":"Mushrooms","floor":12,"gold_loss":0,"cards_obtained":["Parasite"]},{"damage_healed":0,"gold_gain":0,"player_choice":"1 cards matched","damage_taken":0,"max_hp_gain":0,"max_hp_loss":0,"event_name":"Match and Keep!","floor":19,"gold_loss":0,"cards_obtained":["White Noise"]},{"damage_healed":0,"gold_gain":0,"player_choice":"Stopped","damage_taken":9,"max_hp_gain":0,"max_hp_loss":0,"event_name":"Cursed Tome","floor":22,"gold_loss":0},{"damage_healed":0,"gold_gain":0,"player_choice":"Copied","damage_taken":0,"max_hp_gain":0,"max_hp_loss":0,"event_name":"Duplicator","floor":24,"gold_loss":0,"cards_obtained":["White Noise"]}],"is_beta":false,"boss_relics":[{"not_picked":["Orrery","Calling Bell"],"picked":"Pandora\u0027s Box"}],"items_purged_floors":[],"is_endless":false,"potions_floor_spawned":[8,14,16,18],"killed_by":"Cultist and Chosen","ascension_level":1}