{"gold_per_floor":[110,127,127,127,127,127,153,153,178,219,231,263,225,250,262,373,385,408,420,449,461,490,502,514,526],"floor_reached":25,"playtime":1680,"items_purged":[],"score":272,"play_id":"75e0e241-d0e4-4457-83e5-9f68673bf127","local_time":"20190721221626","is_ascension_mode":true,"campfire_choices":[{"data":"Zap","floor":6,"key":"SMITH"},{"data":"Dualcast","floor":8,"key":"SMITH"},{"data":"Rainbow","floor":11,"key":"SMITH"},{"data":"Barrage","floor":15,"key":"SMITH"},{"data":"Redo","floor":23,"key":"SMITH"}],"neow_cost":"TEN_PERCENT_HP_LOSS","seed_source_timestamp":1141933946688199,"circlet_count":0,"master_deck":["Strike_B","Strike_B","Defend_B","Defend_B","Defend_B","Zap+1","Dualcast+1","Chill","Auto Shields","Barrage+1","Compile Driver","Rainbow+1","Chill","Electrodynamics","Redo+1","Glacier","Doom and Gloom","Coolheaded","Turbo+1","Fusion","Core Surge"],"relics":["Cracked Core","GremlinMask","Incense Burner","Smiling Mask","MawBank","Bag of Marbles","Orrery","Regal Pillow"],"potions_floor_usage":[7,25],"damage_taken":[{"damage":0,"enemies":"Cultist","floor":1,"turns":4},{"damage":0,"enemies":"Small Slimes","floor":2,"turns":3},{"damage":5,"enemies":"Gremlin Nob","floor":7,"turns":3},{"damage":9,"enemies":"3 Sentries","floor":10,"turns":8},{"damage":0,"enemies":"Jaw Worm","floor":12,"turns":2},{"damage":0,"enemies":"2 Fungi Beasts","floor":14,"turns":2},{"damage":12,"enemies":"The Guardian","floor":16,"turns":9},{"damage":7,"enemies":"Chosen","floor":18,"turns":4},{"damage":0,"enemies":"Shell Parasite","floor":20,"turns":6},{"damage":14,"enemies":"Shelled Parasite and Fungi","floor":22,"turns":5},{"damage":53,"enemies":"Gremlin Leader","floor":25,"turns":5}],"seed_played":"-3220294452057369776","potions_obtained":[{"floor":1,"key":"AttackPotion"},{"floor":10,"key":"SteroidPotion"},{"floor":22,"key":"PowerPotion"}],"is_trial":false,"path_per_floor":["M","M","?","$","T","R","E","R","T","E","R","M","?","M","R","B",null,"M","?","M","$","M","R","?","E"],"character_chosen":"DEFECT","items_purchased":[],"campfire_rested":0,"item_purchase_floors":[],"current_hp_per_floor":[68,68,68,68,68,68,63,63,63,54,54,54,54,54,54,42,62,55,60,60,60,46,46,46,0],"gold":526,"neow_bonus":"TRANSFORM_TWO_CARDS","is_prod":false,"is_daily":false,"chose_seed":false,"campfire_upgraded":5,"win_rate":0,"timestamp":1563772586,"path_taken":["M","M","?","$","?","R","E","R","T","E","R","M","?","M","R","BOSS","M","?","M","?","M","R","?","E"],"build_version":"2019-07-17","purchased_purges":0,"victory":false,"max_hp_per_floor":[68,68,68,68,68,68,68,68,68,68,68,68,68,68,68,68,68,68,68,68,68,68,68,68,68],"card_choices":[{"not_picked":["Skim","Steam"],"picked":"Barrage","floor":1},{"not_picked":["Sunder","Skim"],"picked":"Compile Driver","floor":2},{"not_picked":["Go for the Eyes","Aggregate"],"picked":"Coolheaded","floor":7},{"not_picked":["BootSequence","Sunder"],"picked":"Rainbow","floor":10},{"not_picked":["Steam","Recycle"],"picked":"Chill","floor":12},{"not_picked":["Beam Cell","Streamline","Rebound"],"picked":"SKIP","floor":14},{"not_picked":["Seek","Fission"],"picked":"Electrodynamics","floor":16},{"not_picked":["Lockon","Ball Lightning"],"picked":"Redo","floor":17},{"not_picked":["Ball Lightning","Rebound"],"picked":"Glacier","floor":17},{"not_picked":["Steam Power","Streamline"],"picked":"Doom and Gloom","floor":17},{"not_picked":["Gash","Rebound"],"picked":"Coolheaded","floor":17},{"not_picked":["Streamline+1","Steam"],"picked":"Turbo+1","floor":18},{"not_picked":["Chill","Sweeping Beam"],"picked":"Fusion","floor":20},{"not_picked":["Aggregate","Gash"],"picked":"Core Surge","floor":22}],"player_experience":375688,"relics_obtained":[{"floor":5,"key":"Incense Burner"},{"floor":7,"key":"Smiling Mask"},{"floor":9,"key":"MawBank"},{"floor":10,"key":"Bag of Marbles"}],"event_choices":[{"damage_healed":0,"gold_gain":0,"player_choice":"Trade","damage_taken":0,"relics_obtained":["GremlinMask"],"max_hp_gain":0,"max_hp_loss":0,"event_name":"FaceTrader","floor":3,"gold_loss":0},{"cards_removed":["Strike_B"],"damage_healed":0,"gold_gain":0,"player_choice":"Card Removal","damage_taken":0,"max_hp_gain":0,"max_hp_loss":0,"event_name":"The Cleric","floor":13,"gold_loss":50},{"cards_removed":["Coolheaded"],"damage_healed":5,"gold_gain":0,"player_choice":"Offered Common","damage_taken":0,"max_hp_gain":0,"max_hp_loss":0,"event_name":"Bonfire Elementals","floor":19,"gold_loss":0},{"cards_removed":["Coolheaded"],"damage_healed":5,"gold_gain":0,"player_choice":"Offered Special","damage_taken":0,"max_hp_gain":0,"max_hp_loss":0,"event_name":"Bonfire Elementals","floor":19,"gold_loss":0},{"damage_healed":0,"gold_gain":0,"player_choice":"Opened","damage_taken":0,"relics_obtained":["Regal Pillow"],"max_hp_gain":0,"max_hp_loss":0,"event_name":"The Mausoleum","floor":24,"gold_loss":0}],"is_beta":false,"boss_relics":[{"not_picked":["Eternal Feather","Velvet Choker"],"picked":"Orrery"}],"items_purged_floors":[],"is_endless":false,"potions_floor_spawned":[1,10,22],"killed_by":"Gremlin Leader","ascension_level":6}