{"gold_per_floor":[110,124,199,149,164,184,18,33,56,90,90,107,117,4,4,100,100,119,119,136,136,11,11,39,51,132,146,173,173,187,202,202,299,299,316,339,18,37,51,51,70,90,90,15,35,48,48,63,63,63],"floor_reached":51,"playtime":10680,"items_purged":[],"score":722,"play_id":"3d06234e-d553-4d94-b308-8553703479b5","local_time":"20190814004445","is_ascension_mode":false,"campfire_choices":[{"floor":11,"key":"REST"},{"data":"Crippling Poison","floor":15,"key":"SMITH"},{"floor":23,"key":"REST"},{"floor":32,"key":"REST"},{"floor":40,"key":"REST"},{"floor":47,"key":"REST"},{"floor":49,"key":"REST"}],"neow_cost":"CURSE","seed_source_timestamp":2692857984042300,"circlet_count":0,"master_deck":["Strike_G","Strike_G","Strike_G","Strike_G","Strike_G","Defend_G","Defend_G","Defend_G","Defend_G","Defend_G","Survivor","Neutralize","Backstab","All Out Attack","Blur","Deadly Poison","Terror","Dagger Throw","Crippling Poison+1","PiercingWail","Catalyst","Dagger Spray","Noxious Fumes","Riddle With Holes","Venomology","Predator","Flying Knee","Noxious Fumes","Underhanded Strike","Flying Knee","Footwork+1","Backflip+1","Skewer","Underhanded Strike","PiercingWail+1","Prepared+1","Glass Knife","Catalyst","The Bomb","Backflip","Leg Sweep+1","Predator+1","Reflex+1","Infinite Blades+1","Quick Slash+1","Quick Slash+1","Prepared+1","Deflect+1"],"relics":["Ring of the Snake","Tiny Chest","Anchor","Dream Catcher","Velvet Choker","Nilry\u0027s Codex","MutagenicStrength","Vajra","Shuriken","Darkstone Periapt","HoveringKite","Omamori","Potion Belt","Bottled Lightning"],"potions_floor_usage":[10,16,16,27,28,30,31,31,31,33,33,45,45,46,46,48,50,50,50],"damage_taken":[{"damage":0,"enemies":"Jaw Worm","floor":1,"turns":7},{"damage":0,"enemies":"2 Louse","floor":2,"turns":2},{"damage":5,"enemies":"Small Slimes","floor":5,"turns":3},{"damage":0,"enemies":"Looter","floor":6,"turns":3},{"damage":2,"enemies":"3 Louse","floor":8,"turns":4},{"damage":4,"enemies":"Lagavulin","floor":10,"turns":6},{"damage":5,"enemies":"Exordium Wildlife","floor":12,"turns":5},{"damage":1,"enemies":"Red Slaver","floor":13,"turns":3},{"damage":18,"enemies":"Hexaghost","floor":16,"turns":9},{"damage":0,"enemies":"2 Thieves","floor":18,"turns":4},{"damage":0,"enemies":"3 Byrds","floor":20,"turns":3},{"damage":0,"enemies":"Gremlin Leader","floor":24,"turns":6},{"damage":1,"enemies":"Centurion and Healer","floor":25,"turns":4},{"damage":5,"enemies":"Snecko","floor":27,"turns":4},{"damage":9,"enemies":"Book of Stabbing","floor":28,"turns":3},{"damage":0,"enemies":"Cultist and Chosen","floor":30,"turns":5},{"damage":2,"enemies":"Sentry and Sphere","floor":31,"turns":4},{"damage":66,"enemies":"Champ","floor":33,"turns":13},{"damage":4,"enemies":"Orb Walker","floor":35,"turns":3},{"damage":28,"enemies":"3 Shapes","floor":38,"turns":4},{"damage":23,"enemies":"Sphere and 2 Shapes","floor":39,"turns":4},{"damage":2,"enemies":"3 Darklings","floor":41,"turns":5},{"damage":31,"enemies":"Writhing Mass","floor":42,"turns":9},{"damage":17,"enemies":"Maw","floor":45,"turns":7},{"damage":6,"enemies":"3 Darklings","floor":46,"turns":4},{"damage":11,"enemies":"Jaw Worm Horde","floor":48,"turns":5},{"damage":39,"enemies":"Donu and Deca","floor":50,"turns":10}],"seed_played":"5537918133117140324","potions_obtained":[{"floor":2,"key":"Block Potion"},{"floor":5,"key":"Poison Potion"},{"floor":8,"key":"Fire Potion"},{"floor":12,"key":"Poison Potion"},{"floor":25,"key":"EssenceOfSteel"},{"floor":27,"key":"LiquidBronze"},{"floor":28,"key":"Poison Potion"},{"floor":30,"key":"Fruit Juice"},{"floor":38,"key":"Ancient Potion"},{"floor":41,"key":"Dexterity Potion"},{"floor":45,"key":"GhostInAJar"}],"is_trial":false,"path_per_floor":["M","M","?","?","M","M","$","M","T","E","R","M","M","$","R","B",null,"M","?","M","?","$","R","E","M","T","M","E","?","M","M","R","B",null,"M","T","$","M","M","R","M","M","T","$","M","M","R","M","R","B",null],"character_chosen":"THE_SILENT","items_purchased":["Tiny Chest","Terror","Noxious Fumes","Riddle With Holes","Noxious Fumes","Underhanded Strike","Potion Belt","The Bomb","Regen Potion"],"campfire_rested":6,"item_purchase_floors":[7,7,14,14,22,22,37,37,44],"current_hp_per_floor":[84,84,73,73,68,68,68,66,66,62,81,76,75,75,75,57,81,81,65,65,65,65,81,81,80,80,75,66,66,66,69,86,20,86,82,82,82,54,31,56,54,23,23,23,21,15,40,29,54,15],"gold":63,"neow_bonus":"TWENTY_PERCENT_HP_BONUS","is_prod":false,"is_daily":false,"chose_seed":false,"campfire_upgraded":1,"win_rate":0,"timestamp":1565768685,"path_taken":["M","M","?","?","M","M","?","M","T","E","R","M","M","$","R","BOSS","M","?","M","?","$","R","E","M","T","M","E","?","M","?","R","BOSS","M","?","$","M","M","R","M","M","T","$","M","?","R","M","R","BOSS"],"build_version":"2019-07-17","purchased_purges":0,"victory":true,"max_hp_per_floor":[84,84,84,81,81,81,81,81,81,81,81,81,81,81,81,81,81,81,81,81,81,81,81,81,81,81,81,81,81,81,86,86,86,86,86,86,86,86,86,86,86,86,86,86,86,86,86,86,86,86],"card_choices":[{"not_picked":["Prepared","Reflex"],"picked":"Backstab","floor":1},{"not_picked":["Blade Dance","Sucker Punch"],"picked":"All Out Attack","floor":2},{"not_picked":["Deflect","Underhanded Strike"],"picked":"Blur","floor":5},{"not_picked":["Calculated Gamble","Blade Dance"],"picked":"Deadly Poison","floor":6},{"not_picked":["Acrobatics","Dagger Spray"],"picked":"Dagger Throw","floor":8},{"not_picked":["Glass Knife","Quick Slash"],"picked":"Crippling Poison","floor":10},{"not_picked":["Deflect","Expertise"],"picked":"PiercingWail","floor":11},{"not_picked":["Quick Slash","Reflex"],"picked":"Catalyst","floor":12},{"not_picked":["Deflect","Dagger Throw"],"picked":"Dagger Spray","floor":13},{"not_picked":["Die Die Die","Wraith Form v2"],"picked":"Venomology","floor":16},{"not_picked":["Flying Knee","Underhanded Strike"],"picked":"Predator","floor":18},{"not_picked":["Dagger Spray","Flechettes"],"picked":"Flying Knee","floor":20},{"not_picked":["Acrobatics","Quick Slash"],"picked":"Flying Knee","floor":23},{"not_picked":["Blur+1","Glass Knife"],"picked":"Footwork+1","floor":24},{"not_picked":["Dagger Spray","Quick Slash"],"picked":"Backflip+1","floor":25},{"not_picked":["Quick Slash","Sucker Punch"],"picked":"Skewer","floor":27},{"not_picked":["Dagger Spray","Blade Dance"],"picked":"Underhanded Strike","floor":28},{"not_picked":["Dagger Spray","Riddle With Holes","Dagger Throw"],"picked":"SKIP","floor":30},{"not_picked":["Escape Plan","Slice"],"picked":"PiercingWail+1","floor":31},{"not_picked":["Slice","Bane"],"picked":"Prepared+1","floor":32},{"not_picked":["Malaise","Tools of the Trade"],"picked":"Glass Knife","floor":33},{"not_picked":["Backstab","Sucker Punch+1"],"picked":"Catalyst","floor":35},{"not_picked":["Sucker Punch","Riddle With Holes"],"picked":"Backflip","floor":38},{"not_picked":["PiercingWail+1","Bane+1"],"picked":"Leg Sweep+1","floor":39},{"not_picked":["Dodge and Roll+1","Finisher"],"picked":"Predator+1","floor":40},{"not_picked":["Bane+1","Dash"],"picked":"Reflex+1","floor":41},{"not_picked":["Crippling Poison+1","Underhanded Strike"],"picked":"Infinite Blades+1","floor":42},{"not_picked":["Deflect+1","Infinite Blades"],"picked":"Quick Slash+1","floor":45},{"not_picked":["Malaise","Deflect"],"picked":"Quick Slash+1","floor":46},{"not_picked":["Dagger Spray","Dodge and Roll"],"picked":"Prepared+1","floor":47},{"not_picked":["Dagger Spray","Prepared+1"],"picked":"Deflect+1","floor":48}],"player_experience":79039,"relics_obtained":[{"floor":9,"key":"Anchor"},{"floor":10,"key":"Dream Catcher"},{"floor":19,"key":"Nilry\u0027s Codex"},{"floor":24,"key":"Vajra"},{"floor":26,"key":"Shuriken"},{"floor":28,"key":"Darkstone Periapt"},{"floor":36,"key":"Omamori"},{"floor":43,"key":"Bottled Lightning"}],"event_choices":[{"damage_healed":0,"gold_gain":75,"player_choice":"Gather Gold","damage_taken":11,"max_hp_gain":0,"max_hp_loss":0,"event_name":"World of Goop","floor":3,"gold_loss":0},{"cards_removed":["Parasite"],"damage_healed":0,"gold_gain":0,"player_choice":"Card Removal","damage_taken":0,"max_hp_gain":0,"max_hp_loss":0,"event_name":"The Cleric","floor":4,"gold_loss":50},{"damage_healed":0,"gold_gain":0,"player_choice":"Obtained Book","damage_taken":16,"max_hp_gain":0,"max_hp_loss":0,"event_name":"Cursed Tome","floor":19,"gold_loss":0},{"damage_healed":0,"gold_gain":0,"player_choice":"Inject Mutagens","damage_taken":0,"relics_obtained":["MutagenicStrength"],"max_hp_gain":0,"max_hp_loss":0,"event_name":"Drug Dealer","floor":21,"gold_loss":0},{"damage_healed":0,"gold_gain":0,"player_choice":"Ignored","damage_taken":0,"max_hp_gain":0,"max_hp_loss":0,"event_name":"Vampires","floor":29,"gold_loss":0}],"is_beta":false,"boss_relics":[{"not_picked":["Lizard Tail","Eternal Feather"],"picked":"Velvet Choker"},{"not_picked":["Snecko Eye","White Beast Statue"],"picked":"HoveringKite"}],"items_purged_floors":[],"is_endless":false,"potions_floor_spawned":[2,5,8,12,25,27,28,30,38,41,45],"ascension_level":0}