{"gold_per_floor":[109,109,128,147,1,1,14,39,39,59,59,59],"floor_reached":12,"playtime":720,"items_purged":[],"score":100,"play_id":"0cd5979e-b15c-4e3b-8445-a2ca9ea61df2","local_time":"20190708182618","is_ascension_mode":true,"campfire_choices":[{"data":"Feed","floor":6,"key":"SMITH"}],"neow_cost":"NONE","seed_source_timestamp":5893199435408,"circlet_count":0,"master_deck":["Strike_R","Strike_R","Strike_R","Strike_R","Defend_R","Defend_R","Defend_R","Defend_R","Bash","Exhume","Havoc","Feed+1","Dual Wield","Shrug It Off","Armaments","Exhume","Deep Breath"],"relics":["Burning Blood","Oddly Smooth Stone","Singing Bowl","Paper Frog"],"potions_floor_usage":[8],"damage_taken":[{"damage":1,"enemies":"Cultist","floor":1,"turns":3},{"damage":3,"enemies":"Small Slimes","floor":3,"turns":5},{"damage":6,"enemies":"Jaw Worm","floor":4,"turns":6},{"damage":7,"enemies":"Looter","floor":7,"turns":5},{"damage":83,"enemies":"Lagavulin","floor":8,"turns":11},{"damage":18,"enemies":"Large Slime","floor":10,"turns":8},{"damage":27,"enemies":"Gremlin Nob","floor":12,"turns":3}],"seed_played":"-4284568253779764091","potions_obtained":[{"floor":3,"key":"Regen Potion"},{"floor":8,"key":"Swift Potion"}],"is_trial":false,"path_per_floor":["M","?","M","M","$","R","M","E","T","M","?","E"],"character_chosen":"IRONCLAD","items_purchased":["Oddly Smooth Stone"],"campfire_rested":0,"item_purchase_floors":[5],"current_hp_per_floor":[80,80,80,83,83,83,86,26,26,18,18,0],"gold":59,"neow_bonus":"ONE_RANDOM_RARE_CARD","is_prod":false,"is_daily":false,"chose_seed":false,"campfire_upgraded":1,"win_rate":0,"timestamp":1562635578,"path_taken":["M","?","M","?","$","R","M","E","T","M","?","E"],"build_version":"2019-07-05","purchased_purges":0,"victory":false,"max_hp_per_floor":[80,80,80,83,83,83,87,89,89,93,93,93],"card_choices":[{"not_picked":["Heavy Blade","Pommel Strike"],"picked":"Havoc","floor":1},{"not_picked":["Carnage","Fire Breathing"],"picked":"Feed","floor":3},{"not_picked":["Uppercut","Cleave"],"picked":"Dual Wield","floor":4},{"not_picked":["Whirlwind","Warcry"],"picked":"Shrug It Off","floor":7},{"not_picked":["Hemokinesis","Combust","Burning Pact"],"picked":"Singing Bowl","floor":8},{"not_picked":["Clash","Sword Boomerang"],"picked":"Armaments","floor":10}],"player_experience":235116,"relics_obtained":[{"floor":8,"key":"Singing Bowl"},{"floor":9,"key":"Paper Frog"}],"event_choices":[{"cards_removed":["Strike_R"],"damage_healed":0,"gold_gain":0,"player_choice":"Purged","damage_taken":0,"max_hp_gain":0,"max_hp_loss":0,"event_name":"Purifier","floor":2,"gold_loss":0},{"damage_healed":0,"gold_gain":0,"player_choice":"2 cards matched","damage_taken":0,"max_hp_gain":0,"max_hp_loss":0,"event_name":"Match and Keep!","floor":11,"gold_loss":0,"cards_obtained":["Exhume","Deep Breath"]}],"is_beta":false,"boss_relics":[],"items_purged_floors":[],"is_endless":false,"potions_floor_spawned":[3,8],"killed_by":"Gremlin Nob","ascension_level":5}