{"gold_per_floor":[113,113,132,132,182,182,182,197,197,197,220,220,243,286,286,416,416,434,92,17,42,42,42,56,71,97,97,118,118,133,133,133,252,252,266,266,97,97,0,0,0,0,0,16,16,35,48,61,61,61],"floor_reached":51,"playtime":5568,"items_purged":["Strike_G"],"score":980,"play_id":"9ab4cd03-3c18-4da2-8d8a-daf9bc641f7e","local_time":"20190316212026","is_ascension_mode":true,"campfire_choices":[{"data":"Dagger Spray","floor":6.0,"key":"SMITH"},{"data":"Cloak And Dagger","floor":10.0,"key":"SMITH"},{"data":"Dagger Throw","floor":12.0,"key":"SMITH"},{"data":"Prepared","floor":15.0,"key":"SMITH"},{"data":"After Image","floor":23.0,"key":"SMITH"},{"data":"Footwork","floor":29.0,"key":"SMITH"},{"data":"Reflex","floor":32.0,"key":"SMITH"},{"data":"Footwork","floor":40.0,"key":"SMITH"},{"data":"Accuracy","floor":49,"key":"SMITH"}],"neow_cost":"NONE","seed_source_timestamp":0,"circlet_count":0,"master_deck":["AscendersBane","Defend_G","Defend_G","Defend_G","Defend_G+1","Defend_G","Strike_G+1","Survivor","Neutralize+1","Dagger Spray+1","Cloak And Dagger+1","Dagger Throw+1","Tools of the Trade","Prepared+1","After Image+1","Footwork+1","Accuracy+1","Venomology","Finisher","Reflex+1","Predator","Die Die Die","Blur","Night Terror","Setup+1","Blur","Footwork+1","Cloak And Dagger","Secret Technique","Dodge and Roll+1","Backflip","Backflip","Cloak And Dagger"],"special_seed":0,"relics":["Ring of the Snake","Dream Catcher","Golden Idol","Tingsha","Pen Nib","Coffee Dripper","Tiny Chest","Bronze Scales","Cursed Key","Red Mask"],"potions_floor_usage":[48,50],"damage_taken":[{"damage":0.0,"enemies":"Jaw Worm","floor":1.0,"turns":5.0},{"damage":0.0,"enemies":"Small Slimes","floor":3.0,"turns":3.0},{"damage":0.0,"enemies":"2 Louse","floor":8.0,"turns":1.0},{"damage":0.0,"enemies":"Looter","floor":11.0,"turns":3.0},{"damage":0.0,"enemies":"2 Fungi Beasts","floor":13.0,"turns":2.0},{"damage":6.0,"enemies":"Gremlin Nob","floor":14.0,"turns":4.0},{"damage":23.0,"enemies":"Hexaghost","floor":16.0,"turns":11.0},{"damage":0.0,"enemies":"3 Byrds","floor":18.0,"turns":3.0},{"damage":0.0,"enemies":"Spheric Guardian","floor":21.0,"turns":3.0},{"damage":0.0,"enemies":"3 Cultists","floor":24.0,"turns":4.0},{"damage":1.0,"enemies":"Snake Plant","floor":25.0,"turns":5.0},{"damage":2.0,"enemies":"Centurion and Healer","floor":28.0,"turns":5.0},{"damage":0.0,"enemies":"Cultist and Chosen","floor":30.0,"turns":5.0},{"damage":9.0,"enemies":"Collector","floor":33.0,"turns":12.0},{"damage":3.0,"enemies":"3 Darklings","floor":35.0,"turns":4.0},{"damage":0.0,"enemies":"3 Shapes","floor":44.0,"turns":5.0},{"damage":6.0,"enemies":"Transient","floor":46.0,"turns":5.0},{"damage":6.0,"enemies":"Jaw Worm Horde","floor":47.0,"turns":6.0},{"damage":3,"enemies":"Sphere and 2 Shapes","floor":48,"turns":6},{"damage":30,"enemies":"Donu and Deca","floor":50,"turns":17}],"seed_played":"-1385588142061170586","potions_obtained":[{"floor":3.0,"key":"Explosive Potion"},{"floor":11.0,"key":"GhostInAJar"},{"floor":14.0,"key":"Swift Potion"},{"floor":24.0,"key":"Swift Potion"},{"floor":33.0,"key":"SkillPotion"},{"floor":35.0,"key":"Energy Potion"}],"is_trial":false,"path_per_floor":["M","?","M","?","T","R","?","M","T","R","M","R","M","E","R","B",null,"M","$","?","M","?","R","M","M","T","?","M","R","M","?","R","B",null,"M","?","$","?","?","R","?","?","T","M","$","M","M","M","R","B",null],"character_chosen":"THE_SILENT","items_purchased":["Accuracy","Venomology","Tiny Chest","Blur","Footwork","Cloak And Dagger"],"campfire_rested":0,"item_purchase_floors":[19,19,19,37,37,37],"current_hp_per_floor":[63,49,49,49,49,49,49,49,49,49,49,49,49,43,43,20,54,54,54,54,54,54,54,54,53,53,53,51,51,51,51,51,42,59,56,56,56,56,56,56,56,56,56,56,56,50,44,41,41,11],"gold":61,"neow_bonus":"UPGRADE_CARD","is_prod":false,"is_daily":false,"chose_seed":false,"campfire_upgraded":9,"win_rate":0,"timestamp":1552785626,"path_taken":["M","?","M","?","?","R","?","M","T","R","M","R","M","E","R","BOSS","M","$","?","M","?","R","M","M","T","?","M","R","?","?","R","BOSS","M","?","$","?","?","R","?","?","T","M","?","M","?","M","R","BOSS"],"build_version":"2019-01-23","purchased_purges":1,"victory":true,"max_hp_per_floor":[70,70,70,70,70,70,65,65,65,65,65,65,65,65,65,65,65,65,65,65,65,65,65,65,65,65,65,65,65,65,65,65,65,65,65,62,62,62,62,62,62,62,62,62,62,62,62,62,62,62],"card_choices":[{"not_picked":["Sucker Punch","Underhanded Strike"],"picked":"Slice","floor":1.0},{"not_picked":["Reflex","Eviscerate"],"picked":"Dagger Spray","floor":3.0},{"not_picked":["Distraction","Slice"],"picked":"Cloak And Dagger","floor":8.0},{"not_picked":["Deflect","Sucker Punch"],"picked":"Dagger Throw","floor":11.0},{"not_picked":["Poisoned Stab","Deflect"],"picked":"Tools of the Trade","floor":13.0},{"not_picked":["PiercingWail","Eviscerate"],"picked":"Prepared","floor":14.0},{"not_picked":["Doppelganger","Glass Knife"],"picked":"After Image","floor":16.0},{"not_picked":["Bane","Dodge and Roll"],"picked":"Footwork","floor":18.0},{"not_picked":["Dodge and Roll","Caltrops"],"picked":"Finisher","floor":21.0},{"not_picked":["Flying Knee","Bane+1","Underhanded Strike"],"picked":"SKIP","floor":24.0},{"not_picked":["Concentrate","Underhanded Strike"],"picked":"Reflex","floor":25.0},{"not_picked":["Slice","Leg Sweep"],"picked":"Predator","floor":28.0},{"not_picked":["Outmaneuver","Slice"],"picked":"Die Die Die","floor":30.0},{"not_picked":["Wraith Form v2","Unload"],"picked":"Night Terror","floor":33.0},{"not_picked":["Underhanded Strike","Bane"],"picked":"Setup+1","floor":35.0},{"not_picked":["Secret Weapon","Flash of Steel"],"picked":"Secret Technique","floor":42.0},{"not_picked":["Prepared","Dagger Throw"],"picked":"Dodge and Roll+1","floor":44.0},{"not_picked":["Dagger Spray","Escape Plan"],"picked":"Backflip","floor":46.0},{"not_picked":["Noxious Fumes","Terror"],"picked":"Backflip","floor":47.0},{"not_picked":["Flying Knee","Deadly Poison"],"picked":"Cloak And Dagger","floor":48}],"player_experience":777469,"relics_obtained":[{"floor":5.0,"key":"Dream Catcher"},{"floor":9.0,"key":"Tingsha"},{"floor":14.0,"key":"Pen Nib"},{"floor":26.0,"key":"Bronze Scales"}],"event_choices":[{"damage_healed":0.0,"max_hp_gain":0.0,"max_hp_loss":0.0,"gold_gain":0.0,"event_name":"Shining Light","player_choice":"Entered Light","floor":2.0,"gold_loss":0.0,"damage_taken":14.0,"cards_upgraded":["Strike_G","Defend_G"]},{"cards_removed":["Strike_G"],"damage_healed":0.0,"max_hp_gain":0.0,"max_hp_loss":0.0,"gold_gain":0.0,"event_name":"Living Wall","player_choice":"Forget","floor":4.0,"gold_loss":0.0,"damage_taken":0.0},{"damage_healed":0.0,"max_hp_gain":0.0,"max_hp_loss":5.0,"gold_gain":0.0,"event_name":"Golden Idol","player_choice":"Lose Max HP","floor":7.0,"gold_loss":0.0,"damage_taken":0.0,"relics_obtained":["Golden Idol"]},{"cards_removed":["Strike_G"],"damage_healed":0.0,"max_hp_gain":0.0,"max_hp_loss":0.0,"gold_gain":0.0,"event_name":"Beggar","player_choice":"Gave Gold","floor":20.0,"gold_loss":75.0,"damage_taken":0.0},{"damage_healed":0.0,"max_hp_gain":0.0,"max_hp_loss":0.0,"gold_gain":0.0,"event_name":"Vampires","player_choice":"Ignored","floor":22.0,"gold_loss":0.0,"damage_taken":0.0},{"cards_removed":["Strike_G"],"damage_healed":0.0,"max_hp_gain":0.0,"max_hp_loss":0.0,"gold_gain":0.0,"event_name":"Bonfire Elementals","player_choice":"Offered Basic","floor":27.0,"gold_loss":0.0,"damage_taken":0.0},{"damage_healed":0.0,"max_hp_gain":0.0,"max_hp_loss":0.0,"gold_gain":0.0,"event_name":"The Library","player_choice":"Read","floor":31.0,"gold_loss":0.0,"damage_taken":0.0,"cards_obtained":["Blur"]},{"damage_healed":0.0,"max_hp_gain":0.0,"max_hp_loss":3.0,"gold_gain":0.0,"event_name":"Winding Halls","player_choice":"Max HP","floor":36.0,"gold_loss":0.0,"damage_taken":0.0},{"cards_removed":["Slice"],"damage_healed":0.0,"max_hp_gain":0.0,"max_hp_loss":0.0,"gold_gain":0.0,"event_name":"Falling","player_choice":"Removed Attack","floor":38.0,"gold_loss":0.0,"damage_taken":0.0},{"damage_healed":0.0,"max_hp_gain":0.0,"max_hp_loss":0.0,"gold_gain":0.0,"event_name":"Tomb of Lord Red Mask","player_choice":"Paid","floor":39.0,"gold_loss":97.0,"damage_taken":0.0,"relics_obtained":["Red Mask"]},{"damage_healed":0.0,"max_hp_gain":0.0,"max_hp_loss":0.0,"gold_gain":0.0,"event_name":"Mysterious Sphere","player_choice":"Ignored","floor":41.0,"gold_loss":0.0,"damage_taken":0.0},{"damage_healed":0.0,"max_hp_gain":0.0,"max_hp_loss":0.0,"gold_gain":0.0,"event_name":"SensoryStone","player_choice":"Memory 1","floor":42.0,"gold_loss":0.0,"damage_taken":0.0}],"is_beta":false,"boss_relics":[{"not_picked":["Ring of the Serpent","Black Star"],"picked":"Coffee Dripper"},{"not_picked":["Runic Pyramid","Tiny House"],"picked":"Cursed Key"}],"items_purged_floors":[19],"is_endless":false,"potions_floor_spawned":[3,11,14,18,24,25,33,35],"ascension_level":12}