{"gold_per_floor":[216,13,33,33,47,47,79,89,135,161,216,227,227,255,255,352,352,365,380,394,406,24,59,78,112,112,112,130,130,130,163,163,263,263,280,296,316,416,135,161,161,195,195,214,214,214,245,292,292,292],"floor_reached":51,"playtime":5280,"items_purged":["Strike_B","Dualcast"],"score":931,"play_id":"8d2b881a-88c9-46f2-a69e-4fbaa5307b77","local_time":"20190711212903","is_ascension_mode":true,"campfire_choices":[{"data":"Zap","floor":6.0,"key":"SMITH"},{"data":"Defragment","floor":15.0,"key":"SMITH"},{"floor":27.0,"key":"REST"},{"data":"Buffer","floor":30.0,"key":"SMITH"},{"floor":32.0,"key":"REST"},{"data":"Capacitor","floor":41,"key":"SMITH"},{"floor":46,"key":"DIG"},{"data":"Consume","floor":49,"key":"SMITH"}],"neow_cost":"NONE","seed_source_timestamp":0,"circlet_count":0,"master_deck":["Defend_B","Defend_B","Defend_B","Zap+1","Consume+1","Defragment+1","Cold Snap","Leap","Conserve Battery","Hologram","Reboot","Hologram","BootSequence","Self Repair","Buffer+1","Ball Lightning+1","Compile Driver","Compile Driver","Coolheaded","Capacitor+1","Loop+1","Reboot","Leap+1","Self Repair+1","Creative AI","Cold Snap","Doom and Gloom","Electrodynamics","Storm","Reprogram+1","Ball Lightning+1","Steam Power+1","Auto Shields","Heatsinks+1","Steam","Chill+1","Defragment+1","Loop","Defragment+1"],"special_seed":0,"relics":["Cracked Core","Bottled Lightning","Happy Flower","Bag of Preparation","Vajra","Matryoshka","Philosopher\u0027s Stone","Dead Branch","Letter Opener","Smiling Mask","Potion Belt","Ancient Tea Set","Kunai","Empty Cage","Shovel","Juzu Bracelet","Blue Candle","Centennial Puzzle","Singing Bowl","Mango","Bird Faced Urn"],"potions_floor_usage":[38,40,50,50,50,50,50],"damage_taken":[{"damage":0.0,"enemies":"Small Slimes","floor":1.0,"turns":2.0},{"damage":1.0,"enemies":"2 Louse","floor":3.0,"turns":3.0},{"damage":1.0,"enemies":"Cultist","floor":5.0,"turns":3.0},{"damage":13.0,"enemies":"3 Sentries","floor":7.0,"turns":8.0},{"damage":3.0,"enemies":"Looter","floor":8.0,"turns":3.0},{"damage":12.0,"enemies":"Lagavulin","floor":10.0,"turns":8.0},{"damage":9.0,"enemies":"Gremlin Nob","floor":11.0,"turns":4.0},{"damage":0.0,"enemies":"Red Slaver","floor":12.0,"turns":3.0},{"damage":0.0,"enemies":"3 Sentries","floor":14.0,"turns":6.0},{"damage":23.0,"enemies":"Hexaghost","floor":16.0,"turns":12.0},{"damage":0.0,"enemies":"Spheric Guardian","floor":18.0,"turns":5.0},{"damage":0.0,"enemies":"Chosen","floor":19.0,"turns":3.0},{"damage":1.0,"enemies":"Centurion and Healer","floor":20.0,"turns":7.0},{"damage":0.0,"enemies":"Cultist and Chosen","floor":21.0,"turns":5.0},{"damage":49.0,"enemies":"Slavers","floor":23.0,"turns":7.0},{"damage":8.0,"enemies":"Snake Plant","floor":24.0,"turns":4.0},{"damage":15.0,"enemies":"Book of Stabbing","floor":25.0,"turns":5.0},{"damage":5.0,"enemies":"3 Cultists","floor":28.0,"turns":4.0},{"damage":19.0,"enemies":"Slavers","floor":31.0,"turns":5.0},{"damage":25.0,"enemies":"Collector","floor":33.0,"turns":9.0},{"damage":0,"enemies":"Orb Walker","floor":35,"turns":2},{"damage":9,"enemies":"3 Darklings","floor":36,"turns":3},{"damage":4,"enemies":"Jaw Worm Horde","floor":37,"turns":4},{"damage":32,"enemies":"Mind Bloom Boss Battle","floor":38,"turns":7},{"damage":17,"enemies":"Giant Head","floor":40,"turns":11},{"damage":18,"enemies":"Nemesis","floor":42,"turns":6},{"damage":0,"enemies":"Sphere and 2 Shapes","floor":44,"turns":3},{"damage":0,"enemies":"Giant Head","floor":47,"turns":7},{"damage":3,"enemies":"2 Orb Walkers","floor":48,"turns":3},{"damage":3,"enemies":"Time Eater","floor":50,"turns":8}],"seed_played":"3678350451381739282","potions_obtained":[{"floor":1.0,"key":"SneckoOil"},{"floor":3.0,"key":"FearPotion"},{"floor":8.0,"key":"Explosive Potion"},{"floor":10.0,"key":"EssenceOfSteel"},{"floor":14.0,"key":"Block Potion"},{"floor":18.0,"key":"Strength Potion"},{"floor":19.0,"key":"Ancient Potion"},{"floor":21.0,"key":"Strength Potion"},{"floor":24.0,"key":"Fruit Juice"},{"floor":31.0,"key":"Poison Potion"},{"floor":35,"key":"FearPotion"},{"floor":37,"key":"Energy Potion"},{"floor":38,"key":"Strength Potion"},{"floor":42,"key":"Block Potion"},{"floor":44,"key":"Swift Potion"}],"is_trial":false,"path_per_floor":["M","$","M","?","M","R","E","M","T","E","?","M","?","E","R","B",null,"M","M","M","M","$","E","M","E","T","R","M","?","R","E","R","B",null,"M","M","M","?","$","E","R","E","T","M","?","R","E","?","R","B",null],"character_chosen":"DEFECT","items_purchased":["Defragment","Cold Snap","Capacitor","Dead Branch","Dexterity Potion","EssenceOfSteel","Regen Potion","Auto Shields"],"campfire_rested":2,"item_purchase_floors":[2,2,22,22,39,39,39,39],"current_hp_per_floor":[75,75,74,74,73,73,60,57,57,45,36,36,36,36,36,20,75,75,75,75,75,75,26,23,15,15,39,34,34,34,32,56,48,80,80,80,80,65,65,79,79,78,78,80,80,80,94,94,94,94],"gold":292,"neow_bonus":"HUNDRED_GOLD","is_prod":false,"is_daily":false,"chose_seed":false,"campfire_upgraded":5,"win_rate":1,"timestamp":1562894943,"path_taken":["M","$","M","?","M","R","E","M","T","E","?","M","?","E","R","BOSS","M","M","M","M","$","E","M","E","T","R","?","?","R","E","R","BOSS","M","M","M","?","$","E","R","E","T","M","?","R","E","?","R","BOSS"],"build_version":"2019-07-05","purchased_purges":2,"victory":true,"max_hp_per_floor":[75,75,75,75,75,75,75,75,75,75,75,75,75,75,75,75,75,75,75,75,75,75,75,80,80,80,80,80,80,80,80,80,80,80,80,80,80,80,80,80,80,80,80,80,80,80,94,94,94,94],"card_choices":[{"not_picked":["Streamline","Aggregate"],"picked":"Consume","floor":1.0},{"not_picked":["Scrape","Reprogram","Cold Snap"],"picked":"SKIP","floor":3.0},{"not_picked":["Auto Shields","Darkness"],"picked":"Leap","floor":5.0},{"not_picked":["Conserve Battery","Go for the Eyes","Steam Power"],"picked":"SKIP","floor":7.0},{"not_picked":["Go for the Eyes","Steam Power"],"picked":"Conserve Battery","floor":7.0},{"not_picked":["Aggregate","Go for the Eyes"],"picked":"Hologram","floor":8.0},{"not_picked":["Buffer","Gash"],"picked":"Reboot","floor":10.0},{"not_picked":["Barrage","Rebound"],"picked":"Hologram","floor":11.0},{"not_picked":["Fusion","Leap"],"picked":"BootSequence","floor":12.0},{"not_picked":["Undo","Go for the Eyes"],"picked":"Self Repair","floor":14.0},{"not_picked":["All For One","Multi-Cast"],"picked":"Buffer","floor":16.0},{"not_picked":["Steam","Coolheaded"],"picked":"Ball Lightning+1","floor":18.0},{"not_picked":["Lockon","Beam Cell+1"],"picked":"Compile Driver","floor":19.0},{"not_picked":["Steam Power","Rebound"],"picked":"Compile Driver","floor":20.0},{"not_picked":["Streamline","Heatsinks"],"picked":"Coolheaded","floor":21.0},{"not_picked":["Streamline","Go for the Eyes"],"picked":"Loop+1","floor":23.0},{"not_picked":["Heatsinks","Coolheaded+1"],"picked":"Reboot","floor":24.0},{"not_picked":["Cold Snap","Hologram"],"picked":"Leap+1","floor":25.0},{"not_picked":["Steam","Sweeping Beam"],"picked":"Self Repair+1","floor":28.0},{"not_picked":["Streamline","Tempest"],"picked":"Doom and Gloom","floor":31.0},{"not_picked":["Rainbow","Seek"],"picked":"Electrodynamics","floor":33.0},{"not_picked":["Compile Driver+1","Beam Cell"],"picked":"Storm","floor":35},{"not_picked":["Blizzard","Scrape"],"picked":"Reprogram+1","floor":36},{"not_picked":["Rip and Tear","Undo"],"picked":"Ball Lightning+1","floor":37},{"not_picked":["Doom and Gloom","Cold Snap+1"],"picked":"Steam Power+1","floor":38},{"not_picked":["Rip and Tear","Hello World+1"],"picked":"Heatsinks+1","floor":40},{"not_picked":["Streamline+1","Gash+1"],"picked":"Steam","floor":42},{"not_picked":["Steam","Rebound+1"],"picked":"Chill+1","floor":44},{"not_picked":["All For One","Gash"],"picked":"Loop","floor":47},{"not_picked":["Skim","Beam Cell"],"picked":"Defragment+1","floor":48}],"player_experience":628353,"relics_obtained":[{"floor":7.0,"key":"Bottled Lightning"},{"floor":9.0,"key":"Happy Flower"},{"floor":10.0,"key":"Bag of Preparation"},{"floor":11.0,"key":"Vajra"},{"floor":14.0,"key":"Matryoshka"},{"floor":23.0,"key":"Letter Opener"},{"floor":25.0,"key":"Smiling Mask"},{"floor":26.0,"key":"Potion Belt"},{"floor":26.0,"key":"Ancient Tea Set"},{"floor":31.0,"key":"Kunai"},{"floor":38,"key":"Shovel"},{"floor":40,"key":"Juzu Bracelet"},{"floor":42,"key":"Blue Candle"},{"floor":43,"key":"Centennial Puzzle"},{"floor":46,"key":"Singing Bowl"},{"floor":47,"key":"Mango"},{"floor":48,"key":"Bird Faced Urn"}],"event_choices":[{"damage_healed":0.0,"max_hp_gain":0.0,"max_hp_loss":0.0,"gold_gain":0.0,"event_name":"Liars Game","player_choice":"Ignored","floor":4.0,"gold_loss":0.0,"damage_taken":0.0},{"damage_healed":0.0,"max_hp_gain":0.0,"max_hp_loss":0.0,"gold_gain":0.0,"event_name":"Dead Adventurer","player_choice":"Searched \u00271\u0027 times","floor":11.0,"gold_loss":0.0,"damage_taken":0.0},{"damage_healed":0.0,"max_hp_gain":0.0,"max_hp_loss":0.0,"gold_gain":0.0,"event_name":"FaceTrader","player_choice":"Leave","floor":13.0,"gold_loss":0.0,"damage_taken":0.0},{"damage_healed":0.0,"max_hp_gain":0.0,"max_hp_loss":0.0,"gold_gain":0.0,"cards_transformed":["Strike_B","Strike_B"],"event_name":"Drug Dealer","player_choice":"Became Test Subject","floor":29.0,"gold_loss":0.0,"damage_taken":0.0,"cards_obtained":["Creative AI","Cold Snap"]},{"damage_healed":0,"gold_gain":0,"player_choice":"Fight","damage_taken":0,"max_hp_gain":0,"max_hp_loss":0,"event_name":"MindBloom","floor":38,"gold_loss":0},{"damage_healed":0,"gold_gain":0,"player_choice":"Copied","damage_taken":0,"max_hp_gain":0,"max_hp_loss":0,"event_name":"Duplicator","floor":45,"gold_loss":0,"cards_obtained":["Defragment"]},{"damage_healed":0,"gold_gain":0,"player_choice":"Fight","damage_taken":0,"max_hp_gain":0,"max_hp_loss":0,"event_name":"Mysterious Sphere","floor":48,"gold_loss":0}],"is_beta":false,"boss_relics":[{"not_picked":["Busted Crown","Tiny House"],"picked":"Philosopher\u0027s Stone"},{"not_picked":["Calling Bell","Inserter"],"picked":"Empty Cage"}],"items_purged_floors":[2,39],"is_endless":false,"potions_floor_spawned":[1,3,8,10,14,18,19,21,24,31,35,37,38,42,44],"ascension_level":1}