{"gold_per_floor":[215,37,53,13,29,29,45,75,128,154,154,154,185,198,198,296,296,312,325,338,338,354,354,385,385,385,423,445,11,11,41,41,139,139,152,167,167,187,202,229,229,263,263,282,282,309,309,336,336,336],"floor_reached":50,"playtime":4904,"items_purged":[],"score":1053,"play_id":"b61bc976-2122-46a3-a8e6-335c230df781","local_time":"20190730211217","is_ascension_mode":true,"campfire_choices":[{"data":"Apotheosis","floor":6.0,"key":"SMITH"},{"floor":11.0,"key":"REST"},{"data":"Coolheaded","floor":15.0,"key":"SMITH"},{"data":"Chaos","floor":23,"key":"SMITH"},{"data":"Recycle","floor":25,"key":"SMITH"},{"data":"Deep Breath","floor":30,"key":"SMITH"},{"data":"BootSequence","floor":32,"key":"SMITH"},{"data":"Madness","floor":41,"key":"SMITH"},{"data":"Madness","floor":45,"key":"SMITH"},{"data":"Zap","floor":47,"key":"SMITH"},{"data":"Dualcast","floor":49,"key":"SMITH"}],"neow_cost":"NONE","seed_source_timestamp":1307903088336676,"circlet_count":0,"master_deck":["Strike_B","Strike_B","Strike_B","Strike_B","Defend_B","Defend_B","Defend_B","Defend_B","Zap+1","Dualcast+1","Recycle+1","Apotheosis+1","Conserve Battery","Reinforced Body","Chaos+1","BootSequence+1","Fission","Coolheaded+1","Ball Lightning+1","Scrape+1","Fission","Coolheaded+1","Gash+1","Self Repair+1","Coolheaded+1","Compile Driver+1","Go for the Eyes+1","Go for the Eyes+1","Deep Breath+1","Biased Cognition+1","Machine Learning+1","Madness+1","Madness+1","Rebound+1","Coolheaded+1","Gash+1","Hologram+1","Parasite","Beam Cell+1","Reprogram+1"],"special_seed":0,"relics":["Cracked Core","Molten Egg 2","Dream Catcher","Art of War","Frozen Egg 2","Pear","Coffee Dripper","PreservedInsect","MawBank","Pen Nib","FossilizedHelix","WingedGreaves","Runic Dome","Ice Cream","Question Card","Strawberry","Oddly Smooth Stone"],"potions_floor_usage":[19,24,27,31,38,40,42],"damage_taken":[{"damage":5.0,"enemies":"2 Louse","floor":1.0,"turns":2.0},{"damage":0.0,"enemies":"Cultist","floor":3.0,"turns":3.0},{"damage":0.0,"enemies":"Jaw Worm","floor":5.0,"turns":4.0},{"damage":0.0,"enemies":"Looter","floor":7.0,"turns":3.0},{"damage":2.0,"enemies":"Gremlin Nob","floor":8.0,"turns":3.0},{"damage":10.0,"enemies":"3 Sentries","floor":10.0,"turns":8.0},{"damage":4.0,"enemies":"Lagavulin","floor":13.0,"turns":10.0},{"damage":3.0,"enemies":"Blue Slaver","floor":14.0,"turns":4.0},{"damage":20.0,"enemies":"Hexaghost","floor":16.0,"turns":14.0},{"damage":0,"enemies":"Chosen","floor":18,"turns":5},{"damage":2,"enemies":"Spheric Guardian","floor":19,"turns":6},{"damage":5,"enemies":"Centurion and Healer","floor":20,"turns":6},{"damage":7,"enemies":"Snake Plant","floor":22,"turns":4},{"damage":19,"enemies":"Slavers","floor":24,"turns":8},{"damage":0,"enemies":"Book of Stabbing","floor":27,"turns":3},{"damage":23,"enemies":"Snecko","floor":28,"turns":8},{"damage":0,"enemies":"Gremlin Leader","floor":31,"turns":5},{"damage":0,"enemies":"Champ","floor":33,"turns":12},{"damage":0,"enemies":"Orb Walker","floor":35,"turns":3},{"damage":0,"enemies":"3 Shapes","floor":36,"turns":3},{"damage":0,"enemies":"Maw","floor":38,"turns":8},{"damage":0,"enemies":"Sphere and 2 Shapes","floor":39,"turns":4},{"damage":0,"enemies":"Reptomancer","floor":40,"turns":5},{"damage":10,"enemies":"Nemesis","floor":42,"turns":5},{"damage":0,"enemies":"Writhing Mass","floor":44,"turns":5},{"damage":0,"enemies":"Giant Head","floor":46,"turns":7},{"damage":11,"enemies":"Reptomancer","floor":48,"turns":6},{"damage":110,"enemies":"Time Eater","floor":50,"turns":10}],"seed_played":"4448858868302908409","potions_obtained":[{"floor":1.0,"key":"Swift Potion"},{"floor":4.0,"key":"Energy Potion"},{"floor":4.0,"key":"AttackPotion"},{"floor":7.0,"key":"Fire Potion"},{"floor":14.0,"key":"Block Potion"},{"floor":18,"key":"Block Potion"},{"floor":22,"key":"Dexterity Potion"},{"floor":24,"key":"Explosive Potion"},{"floor":35,"key":"AttackPotion"},{"floor":40,"key":"SkillPotion"},{"floor":48,"key":"Poison Potion"}],"is_trial":false,"path_per_floor":["M","$","M","?","M","R","M","E","T","E","R","?","E","M","R","B",null,"M","M","M","?","M","R","E","R","T","E","M","$","R","E","R","B",null,"M","M","?","M","M","E","R","E","T","M","R","E","R","E","R","B"],"character_chosen":"DEFECT","items_purchased":["Apotheosis","Deep Breath","FossilizedHelix","Swift Potion"],"campfire_rested":1,"item_purchase_floors":[2,29,29,29],"current_hp_per_floor":[70,70,70,70,70,70,70,68,68,58,75,75,81,78,78,58,85,85,83,78,78,81,81,72,72,72,82,59,59,59,69,69,79,85,85,85,74,84,85,85,85,85,85,85,85,92,92,91,91,0],"gold":336,"neow_bonus":"HUNDRED_GOLD","is_prod":false,"is_daily":false,"chose_seed":false,"campfire_upgraded":10,"win_rate":0,"timestamp":1564535537,"path_taken":["M","$","M","?","?","R","M","E","T","E","R","?","E","M","R","BOSS","M","M","M","?","M","R","E","R","T","E","M","$","R","E","R","BOSS","M","M","?","M","M","E","R","E","T","M","R","E","R","E","R","BOSS"],"build_version":"2019-07-17","purchased_purges":0,"victory":false,"max_hp_per_floor":[75,75,75,75,75,75,75,75,75,75,75,75,85,85,85,85,85,85,85,85,85,85,85,85,85,85,85,85,85,85,85,85,85,85,85,85,85,85,85,85,85,85,85,85,85,92,92,92,92,92],"card_choices":[{"not_picked":["Stack","Go for the Eyes"],"picked":"Recycle","floor":1.0},{"not_picked":["Hello World","Melter"],"picked":"Conserve Battery","floor":3.0},{"not_picked":["Redo","Tempest"],"picked":"Reinforced Body","floor":5.0},{"not_picked":["Lockon","Turbo"],"picked":"Chaos","floor":7.0},{"not_picked":["Rebound","Lockon"],"picked":"BootSequence","floor":8.0},{"not_picked":["Gash+1","Turbo"],"picked":"Fission","floor":10.0},{"not_picked":["Stack","Lockon+1"],"picked":"Coolheaded","floor":11.0},{"not_picked":["Genetic Algorithm","Heatsinks+1"],"picked":"Ball Lightning+1","floor":13.0},{"not_picked":["Hello World+1","Aggregate"],"picked":"Scrape+1","floor":14.0},{"not_picked":["Multi-Cast","All For One+1"],"picked":"Fission","floor":16.0},{"not_picked":["Streamline+1","Steam"],"picked":"Coolheaded+1","floor":18},{"not_picked":["BootSequence","Conserve Battery"],"picked":"Gash+1","floor":19},{"not_picked":["Ball Lightning+1","Scrape+1"],"picked":"Self Repair+1","floor":20},{"not_picked":["Leap","Beam Cell+1"],"picked":"Coolheaded+1","floor":22},{"not_picked":["Coolheaded","Reinforced Body"],"picked":"Compile Driver+1","floor":24},{"not_picked":["Electrodynamics+1","Rip and Tear+1"],"picked":"Go for the Eyes+1","floor":27},{"not_picked":["Ball Lightning+1","Streamline+1"],"picked":"Go for the Eyes+1","floor":28},{"not_picked":["Conserve Battery","Barrage+1"],"picked":"Biased Cognition+1","floor":31},{"not_picked":["Rainbow","Creative AI+1"],"picked":"Machine Learning+1","floor":33},{"not_picked":["Barrage+1","Double Energy","Go for the Eyes+1"],"picked":"SKIP","floor":35},{"not_picked":["Barrage+1","Steam","Tempest"],"picked":"SKIP","floor":36},{"not_picked":["Leap","Consume"],"picked":"Rebound+1","floor":38},{"not_picked":["Go for the Eyes+1","Barrage+1"],"picked":"Coolheaded+1","floor":39},{"not_picked":["Cold Snap+1","Sunder+1"],"picked":"Gash+1","floor":40},{"not_picked":["Machine Learning+1","Fusion"],"picked":"Hologram+1","floor":42},{"not_picked":["Reprogram","Chill","Leap","Go for the Eyes+1"],"picked":"SKIP","floor":44},{"not_picked":["Cold Snap+1","Chill+1","Melter+1"],"picked":"Beam Cell+1","floor":46},{"not_picked":["Steam","Streamline+1","Conserve Battery"],"picked":"Reprogram+1","floor":48}],"player_experience":663344,"relics_obtained":[{"floor":8.0,"key":"Molten Egg 2"},{"floor":9.0,"key":"Dream Catcher"},{"floor":10.0,"key":"Art of War"},{"floor":12.0,"key":"Frozen Egg 2"},{"floor":13.0,"key":"Pear"},{"floor":24,"key":"PreservedInsect"},{"floor":26,"key":"MawBank"},{"floor":27,"key":"Pen Nib"},{"floor":31,"key":"WingedGreaves"},{"floor":40,"key":"Ice Cream"},{"floor":42,"key":"Question Card"},{"floor":46,"key":"Strawberry"},{"floor":48,"key":"Oddly Smooth Stone"}],"event_choices":[{"damage_healed":0.0,"max_hp_gain":0.0,"max_hp_loss":0.0,"gold_gain":0.0,"event_name":"The Woman in Blue","player_choice":"Bought 3 Potions","floor":4.0,"gold_loss":0.0,"damage_taken":0.0},{"damage_healed":0.0,"max_hp_gain":0.0,"max_hp_loss":0.0,"gold_gain":0.0,"event_name":"Wheel of Change","player_choice":"Relic","floor":12.0,"gold_loss":0.0,"damage_taken":0.0},{"damage_healed":0,"gold_gain":0,"player_choice":"Ignored","damage_taken":0,"max_hp_gain":0,"max_hp_loss":0,"event_name":"Ghosts","floor":21,"gold_loss":0},{"damage_healed":0,"gold_gain":0,"player_choice":"Embrace Madness","damage_taken":11,"max_hp_gain":0,"max_hp_loss":0,"event_name":"Winding Halls","floor":37,"gold_loss":0,"cards_obtained":["Madness","Madness"]}],"is_beta":false,"boss_relics":[{"not_picked":["Runic Pyramid","Orrery"],"picked":"Coffee Dripper"},{"not_picked":["Velvet Choker","Busted Crown"],"picked":"Runic Dome"}],"items_purged_floors":[],"is_endless":false,"potions_floor_spawned":[1,7,14,18,22,24,35,40,48],"killed_by":"Time Eater","ascension_level":4}