{"gold_per_floor":[12,12,112,132,147,173,189,209,209,234,251,285,301,301,301,397,397,415,325,342,24,42,42],"floor_reached":23,"playtime":1294,"items_purged":["Strike_R"],"score":344,"play_id":"ccbaf249-4f9e-4485-93f9-858a89cfa147","local_time":"20190801235823","is_ascension_mode":true,"campfire_choices":[{"floor":15.0,"key":"DIG"}],"neow_cost":"NO_GOLD","seed_source_timestamp":750316056896300,"circlet_count":0,"master_deck":["AscendersBane","Strike_R","Strike_R","Defend_R","Defend_R","Defend_R","Defend_R","Bash","Demon Form","Anger","Immolate","Heavy Blade","Corruption","True Grit","Entrench","Heavy Blade","True Grit","Havoc","Seeing Red","Warcry+1","Limit Break","Entrench+1","Havoc"],"special_seed":0,"relics":["Burning Blood","Charon\u0027s Ashes","Art of War","PreservedInsect","Shuriken","Shovel","Frozen Egg 2","Philosopher\u0027s Stone","Molten Egg 2"],"potions_floor_usage":[22],"damage_taken":[{"damage":10.0,"enemies":"2 Louse","floor":1.0,"turns":3.0},{"damage":1.0,"enemies":"Cultist","floor":4.0,"turns":3.0},{"damage":9.0,"enemies":"Jaw Worm","floor":5.0,"turns":3.0},{"damage":20.0,"enemies":"Lagavulin","floor":6.0,"turns":6.0},{"damage":0.0,"enemies":"Exordium Wildlife","floor":7.0,"turns":3.0},{"damage":0.0,"enemies":"Gremlin Gang","floor":8.0,"turns":1.0},{"damage":16.0,"enemies":"Gremlin Nob","floor":10.0,"turns":3.0},{"damage":10.0,"enemies":"Red Slaver","floor":11.0,"turns":4.0},{"damage":23.0,"enemies":"Lagavulin","floor":12.0,"turns":5.0},{"damage":0.0,"enemies":"Exordium Thugs","floor":13.0,"turns":4.0},{"damage":55.0,"enemies":"The Guardian","floor":16.0,"turns":7.0},{"damage":5.0,"enemies":"Chosen","floor":18.0,"turns":5.0},{"damage":25,"enemies":"Shell Parasite","floor":20,"turns":4},{"damage":40,"enemies":"Centurion and Healer","floor":22,"turns":6},{"damage":44,"enemies":"Book of Stabbing","floor":23,"turns":4}],"seed_played":"-6759433732913875921","potions_obtained":[{"floor":1.0,"key":"Swift Potion"},{"floor":7.0,"key":"FearPotion"},{"floor":10.0,"key":"FairyPotion"},{"floor":12.0,"key":"Regen Potion"},{"floor":16.0,"key":"Weak Potion"},{"floor":20,"key":"Dexterity Potion"}],"is_trial":false,"path_per_floor":["M","?","?","M","M","E","M","M","T","E","M","E","M","T","R","B",null,"M","?","M","$","M","E"],"character_chosen":"IRONCLAD","items_purchased":["Molten Egg 2"],"campfire_rested":0,"item_purchase_floors":[21],"current_hp_per_floor":[68,68,68,73,70,56,62,68,68,58,54,37,43,43,43,9,62,63,63,44,44,10,0],"gold":42,"neow_bonus":"THREE_RARE_CARDS","is_prod":false,"is_daily":false,"chose_seed":false,"campfire_upgraded":0,"win_rate":0,"timestamp":1564729103,"path_taken":["M","?","?","M","M","E","?","M","T","E","?","E","M","?","R","BOSS","M","?","?","?","M","E"],"build_version":"2019-07-17","purchased_purges":1,"victory":false,"max_hp_per_floor":[80,80,80,80,80,80,80,80,80,80,80,80,80,80,80,80,80,80,80,80,80,80,80],"card_choices":[{"not_picked":["Reaper","Juggernaut"],"picked":"Demon Form","floor":0.0},{"not_picked":["Seeing Red","Twin Strike"],"picked":"Anger","floor":1.0},{"not_picked":["Rampage","Wild Strike"],"picked":"Heavy Blade","floor":4.0},{"not_picked":["Flex","Shockwave"],"picked":"Corruption","floor":5.0},{"not_picked":["Sever Soul","Flex"],"picked":"True Grit","floor":6.0},{"not_picked":["Rupture","Heavy Blade"],"picked":"Entrench","floor":7.0},{"not_picked":["Reckless Charge","Fire Breathing"],"picked":"Heavy Blade","floor":8.0},{"not_picked":["Perfected Strike","Cleave"],"picked":"True Grit","floor":10.0},{"not_picked":["Barricade","Power Through"],"picked":"Havoc","floor":11.0},{"not_picked":["Bloodletting","Anger"],"picked":"Seeing Red","floor":12.0},{"not_picked":["Thunderclap","Blood for Blood"],"picked":"Warcry","floor":13.0},{"not_picked":["Offering","Immolate"],"picked":"Limit Break","floor":16.0},{"not_picked":["Cleave","Heavy Blade","Flex"],"picked":"SKIP","floor":18.0},{"not_picked":["Twin Strike","Shrug It Off"],"picked":"Entrench+1","floor":20},{"not_picked":["Sword Boomerang+1","Heavy Blade+1"],"picked":"Havoc","floor":22}],"player_experience":438634,"relics_obtained":[{"floor":6.0,"key":"Charon\u0027s Ashes"},{"floor":9.0,"key":"Art of War"},{"floor":10.0,"key":"PreservedInsect"},{"floor":12.0,"key":"Shuriken"},{"floor":14.0,"key":"Shovel"},{"floor":15.0,"key":"Frozen Egg 2"}],"event_choices":[{"damage_healed":0.0,"max_hp_gain":0.0,"max_hp_loss":0.0,"gold_gain":0.0,"cards_transformed":["Strike_R"],"event_name":"Living Wall","player_choice":"Change","floor":2.0,"gold_loss":0.0,"damage_taken":0.0,"cards_obtained":["Immolate"]},{"damage_healed":0.0,"max_hp_gain":0.0,"max_hp_loss":0.0,"gold_gain":100.0,"event_name":"Golden Shrine","player_choice":"Pray","floor":3.0,"gold_loss":0.0,"damage_taken":0.0},{"cards_removed":["Strike_R"],"damage_healed":0.0,"max_hp_gain":0.0,"max_hp_loss":0.0,"gold_gain":0.0,"event_name":"Designer","player_choice":"Upgrade and Remove","floor":19.0,"gold_loss":90.0,"damage_taken":0.0,"cards_upgraded":["Warcry"]}],"is_beta":false,"boss_relics":[{"not_picked":["White Beast Statue","Runic Cube"],"picked":"Philosopher\u0027s Stone"}],"items_purged_floors":[21],"is_endless":false,"potions_floor_spawned":[1,7,10,12,16,20],"killed_by":"Book of Stabbing","ascension_level":12}