{"gold_per_floor":[115,115,115,132,149,149,149,168,218,74,74,99,99,114,114,213,213,123],"floor_reached":18,"playtime":493,"items_purged":["Strike_R"],"score":260,"play_id":"c1322739-e175-4070-ac29-0ecb3384d0ab","local_time":"20190104234037","is_ascension_mode":false,"campfire_choices":[{"data":"Flex","floor":6,"key":"SMITH"},{"data":"Limit Break","floor":13,"key":"SMITH"},{"data":"Shrug It Off","floor":15,"key":"SMITH"}],"neow_cost":"NONE","seed_source_timestamp":0,"circlet_count":0,"master_deck":["Defend_R","Defend_R","Defend_R","Defend_R","Bash+1","Second Wind","Clash","Flex+1","Spot Weakness","Dropkick","Limit Break+1","Shrug It Off+1","Iron Wave+1","Ghostly Armor+1","Evolve+1"],"special_seed":0,"relics":["Burning Blood","Bag of Preparation","Anchor","Regal Pillow","Astrolabe"],"potions_floor_usage":[14,16],"damage_taken":[{"damage":9,"enemies":"Jaw Worm","floor":1,"turns":4},{"damage":1,"enemies":"2 Louse","floor":4,"turns":2},{"damage":1,"enemies":"Cultist","floor":5,"turns":3},{"damage":0,"enemies":"2 Fungi Beasts","floor":8,"turns":2},{"damage":16,"enemies":"Lagavulin","floor":12,"turns":4},{"damage":0,"enemies":"Looter","floor":14,"turns":2},{"damage":32,"enemies":"Slime Boss","floor":16,"turns":9},{"damage":32,"enemies":"2 Thieves","floor":18,"turns":5}],"seed_played":"6388749626009488939","potions_obtained":[{"floor":1,"key":"SkillPotion"},{"floor":4,"key":"SpeedPotion"},{"floor":5,"key":"Swift Potion"},{"floor":12,"key":"GamblersBrew"}],"is_trial":false,"path_per_floor":["M","?","?","M","M","R","?","M","T","$","?","E","R","M","R","B",null,"M"],"character_chosen":"IRONCLAD","items_purchased":["Limit Break"],"campfire_rested":0,"item_purchase_floors":[10],"current_hp_per_floor":[77,82,82,85,85,85,78,84,84,84,84,74,74,80,80,54,85,53],"gold":123,"neow_bonus":"TRANSFORM_CARD","is_prod":false,"is_daily":false,"chose_seed":false,"campfire_upgraded":3,"win_rate":0,"timestamp":1546663237,"path_taken":["M","?","?","?","M","R","?","M","T","$","?","E","R","?","R","BOSS","M"],"build_version":"2019-01-03v4","purchased_purges":1,"victory":false,"max_hp_per_floor":[80,85,85,85,85,85,85,85,85,85,85,85,85,85,85,85,85,85],"card_choices":[{"not_picked":["Blood for Blood","Warcry"],"picked":"Clash","floor":1},{"not_picked":["Intimidate","Combust"],"picked":"Flex","floor":4},{"not_picked":["Perfected Strike","Pommel Strike"],"picked":"Spot Weakness","floor":5},{"not_picked":["Thunderclap","Flex"],"picked":"Dropkick","floor":8},{"not_picked":["True Grit","Flex","Wild Strike"],"picked":"SKIP","floor":12},{"not_picked":["Wild Strike","Flex"],"picked":"Shrug It Off","floor":14}],"player_experience":670001,"relics_obtained":[{"floor":9,"key":"Anchor"},{"floor":12,"key":"Regal Pillow"}],"event_choices":[{"damage_healed":0,"gold_gain":0,"player_choice":"Donut","damage_taken":0,"max_hp_gain":5,"max_hp_loss":0,"event_name":"Big Fish","floor":2,"gold_loss":0},{"damage_healed":0,"gold_gain":0,"player_choice":"Upgraded","damage_taken":0,"max_hp_gain":0,"max_hp_loss":0,"event_name":"Upgrade Shrine","floor":3,"gold_loss":0,"cards_upgraded":["Bash"]},{"damage_healed":0,"gold_gain":0,"player_choice":"Success","damage_taken":7,"relics_obtained":["Bag of Preparation"],"max_hp_gain":0,"max_hp_loss":0,"event_name":"Scrap Ooze","floor":7,"gold_loss":0},{"damage_healed":0,"gold_gain":0,"player_choice":"Bought 0 Potions","damage_taken":0,"max_hp_gain":0,"max_hp_loss":0,"event_name":"The Woman in Blue","floor":11,"gold_loss":0}],"is_beta":false,"boss_relics":[{"not_picked":["Pandora\u0027s Box","Ectoplasm"],"picked":"Astrolabe"}],"items_purged_floors":[10],"is_endless":false,"potions_floor_spawned":[1,4,5,12],"killed_by":"2 Thieves","ascension_level":0}