{"gold_per_floor":[110,210,135,155,174,174,186,213,213,225,237,249,287,314,326,442,454,478,509,234,244,255,255,290,290,290,309,329,329,343,355,355,455,455,465,865,885,933,933,933,961,295,322,348,138,138,155,155,155,155],"floor_reached":50,"playtime":4621,"items_purged":["Strike_G","Defend_G"],"score":690,"play_id":"34107a8b-88c5-412a-a078-ce489876d45a","local_time":"20190310011749","is_ascension_mode":true,"campfire_choices":[{"data":"Poisoned Stab","floor":6,"key":"SMITH"},{"data":"Neutralize","floor":10,"key":"SMITH"},{"data":"Bouncing Flask","floor":12,"key":"SMITH"},{"data":"Noxious Fumes","floor":15,"key":"SMITH"},{"data":"Wraith Form v2","floor":23,"key":"SMITH"},{"floor":25,"key":"REST"},{"data":"Calculated Gamble","floor":29,"key":"SMITH"},{"floor":32,"key":"REST"},{"floor":40,"key":"REST"},{"floor":46,"key":"REST"},{"floor":49,"key":"REST"}],"neow_cost":"NONE","seed_source_timestamp":101127052137101,"circlet_count":0,"master_deck":["Defend_G","Defend_G","Defend_G","Survivor","Neutralize+1","Poisoned Stab+1","Dodge and Roll","Calculated Gamble+1","Backstab","Bouncing Flask+1","Heel Hook","Noxious Fumes+1","Noxious Fumes+1","Masterful Stab+1","Accuracy+1","Prepared","Wraith Form v2+1","Crippling Poison+1","Sucker Punch+1","Outmaneuver+1","Setup+1","Wraith Form v2","Heel Hook","Backflip+1","Backstab","Tools of the Trade","Concentrate+1","Madness","Madness","Deadly Poison"],"relics":["Ring of the Snake","Ancient Tea Set","MawBank","Mummified Hand","Astrolabe","Bird Faced Urn","Ninja Scroll","Dream Catcher","WristBlade","Old Coin","Peace Pipe","Bag of Preparation","Sling","Boot","Omamori","PreservedInsect","TwistedFunnel"],"potions_floor_usage":[8,19,22,33,36,37,38,41,44,50],"damage_taken":[{"damage":3,"enemies":"Jaw Worm","floor":1,"turns":4},{"damage":2,"enemies":"Cultist","floor":4,"turns":4},{"damage":2,"enemies":"2 Louse","floor":5,"turns":3},{"damage":0,"enemies":"Gremlin Gang","floor":7,"turns":8},{"damage":8,"enemies":"3 Sentries","floor":8,"turns":8},{"damage":3,"enemies":"Lagavulin","floor":13,"turns":5},{"damage":0,"enemies":"3 Louse","floor":14,"turns":2},{"damage":1,"enemies":"Hexaghost","floor":16,"turns":7},{"damage":4,"enemies":"3 Byrds","floor":18,"turns":4},{"damage":25,"enemies":"2 Thieves","floor":19,"turns":4},{"damage":3,"enemies":"Centurion and Healer","floor":21,"turns":5},{"damage":1,"enemies":"Cultist and Chosen","floor":22,"turns":6},{"damage":25,"enemies":"Slavers","floor":24,"turns":6},{"damage":1,"enemies":"Chosen and Byrds","floor":27,"turns":5},{"damage":7,"enemies":"Snake Plant","floor":28,"turns":5},{"damage":10,"enemies":"Snecko","floor":30,"turns":4},{"damage":15,"enemies":"Centurion and Healer","floor":31,"turns":6},{"damage":20,"enemies":"Automaton","floor":33,"turns":9},{"damage":1,"enemies":"Orb Walker","floor":35,"turns":4},{"damage":9,"enemies":"Mind Bloom Boss Battle","floor":36,"turns":6},{"damage":4,"enemies":"3 Darklings","floor":37,"turns":5},{"damage":53,"enemies":"2 Orb Walkers","floor":38,"turns":6},{"damage":6,"enemies":"Giant Head","floor":41,"turns":9},{"damage":31,"enemies":"Nemesis","floor":44,"turns":6},{"damage":2,"enemies":"4 Shapes","floor":47,"turns":4},{"damage":85,"enemies":"Time Eater","floor":50,"turns":4}],"seed_played":"1936079908284431085","potions_obtained":[{"floor":4,"key":"Poison Potion"},{"floor":5,"key":"Explosive Potion"},{"floor":8,"key":"SteroidPotion"},{"floor":18,"key":"Dexterity Potion"},{"floor":19,"key":"Swift Potion"},{"floor":27,"key":"Dexterity Potion"},{"floor":35,"key":"Energy Potion"},{"floor":38,"key":"GhostInAJar"},{"floor":41,"key":"Regen Potion"}],"is_trial":false,"path_per_floor":["M","?","$","M","M","R","M","E","T","R","?","R","E","M","R","B",null,"M","M","$","M","M","R","E","R","T","M","M","R","M","M","R","B",null,"M","?","M","?","?","R","E","$","T","E","$","R","M","?","R","B"],"character_chosen":"THE_SILENT","items_purchased":["Bird Faced Urn","GhostInAJar","Tools of the Trade","Sling","Boot","TwistedFunnel"],"campfire_rested":5,"item_purchase_floors":[20,42,42,42,42,45],"current_hp_per_floor":[67,67,67,65,63,63,63,55,55,55,55,55,52,52,52,51,65,61,36,36,39,44,44,27,48,48,55,56,56,48,41,62,50,65,68,63,67,22,22,43,47,47,47,26,26,47,55,46,67,0],"gold":155,"neow_bonus":"TRANSFORM_CARD","is_prod":false,"is_daily":false,"chose_seed":false,"campfire_upgraded":6,"win_rate":0,"timestamp":1552209469,"path_taken":["M","?","$","?","M","R","M","E","T","R","?","R","E","M","R","BOSS","M","M","$","M","?","R","E","R","T","M","M","R","M","M","R","BOSS","M","?","M","?","?","R","E","$","T","E","$","R","?","?","R","BOSS"],"build_version":"2019-01-23","purchased_purges":2,"victory":false,"max_hp_per_floor":[70,70,70,70,70,70,70,70,70,70,70,70,70,70,70,70,70,70,70,70,70,70,70,70,70,70,70,70,70,70,70,70,70,70,70,70,70,70,70,70,70,70,70,70,70,70,70,70,70,70],"card_choices":[{"not_picked":["Bane","Acrobatics"],"picked":"Dodge and Roll","floor":1},{"not_picked":["Blade Dance","Deflect"],"picked":"Calculated Gamble","floor":4},{"not_picked":["Dagger Spray","Dodge and Roll"],"picked":"Backstab","floor":5},{"not_picked":["All Out Attack","Outmaneuver"],"picked":"Bouncing Flask","floor":7},{"not_picked":["Phantasmal Killer","Poisoned Stab"],"picked":"Heel Hook","floor":8},{"not_picked":["Expertise","Slice","Poisoned Stab"],"picked":"SKIP","floor":13},{"not_picked":["Dodge and Roll","Quick Slash"],"picked":"Noxious Fumes","floor":14},{"not_picked":["Underhanded Strike+1","Sucker Punch","Dagger Spray"],"picked":"SKIP","floor":18},{"not_picked":["Dagger Spray","Flying Knee","Cloak And Dagger"],"picked":"SKIP","floor":19},{"not_picked":["Acrobatics","Dagger Throw"],"picked":"Prepared","floor":21},{"not_picked":["PiercingWail+1","Masterful Stab"],"picked":"Wraith Form v2","floor":22},{"not_picked":["Outmaneuver","Escape Plan+1"],"picked":"Crippling Poison+1","floor":24},{"not_picked":["Expertise","Bouncing Flask","Acrobatics"],"picked":"SKIP","floor":27},{"not_picked":["Underhanded Strike","Slice+1"],"picked":"Sucker Punch+1","floor":28},{"not_picked":["Dagger Spray","Skewer","Predator"],"picked":"SKIP","floor":30},{"not_picked":["Dodge and Roll","Blade Dance"],"picked":"Outmaneuver+1","floor":31},{"not_picked":["Acrobatics","Backflip"],"picked":"Setup+1","floor":32},{"not_picked":["After Image","Phantasmal Killer"],"picked":"Wraith Form v2","floor":33},{"not_picked":["Dash","Dagger Throw"],"picked":"Heel Hook","floor":35},{"not_picked":["Acrobatics+1","Sucker Punch","Quick Slash"],"picked":"SKIP","floor":37},{"not_picked":["Flying Knee","Bouncing Flask"],"picked":"Backflip+1","floor":38},{"not_picked":["Masterful Stab","Doppelganger","Dodge and Roll+1"],"picked":"SKIP","floor":41},{"not_picked":["Blur+1","Underhanded Strike","Tactician+1"],"picked":"SKIP","floor":44},{"not_picked":["Quick Slash+1","Blade Dance"],"picked":"Concentrate+1","floor":47},{"not_picked":["Outmaneuver","Masterful Stab+1"],"picked":"Deadly Poison","floor":49}],"player_experience":135477,"relics_obtained":[{"floor":8,"key":"Ancient Tea Set"},{"floor":9,"key":"MawBank"},{"floor":13,"key":"Mummified Hand"},{"floor":24,"key":"Ninja Scroll"},{"floor":26,"key":"Dream Catcher"},{"floor":36,"key":"Old Coin"},{"floor":38,"key":"Peace Pipe"},{"floor":41,"key":"Bag of Preparation"},{"floor":43,"key":"Omamori"},{"floor":44,"key":"PreservedInsect"}],"event_choices":[{"damage_healed":0,"gold_gain":100,"player_choice":"Pray","damage_taken":0,"max_hp_gain":0,"max_hp_loss":0,"event_name":"Golden Shrine","floor":2,"gold_loss":0},{"cards_removed":["Strike_G"],"damage_healed":0,"gold_gain":0,"player_choice":"Purged","damage_taken":0,"max_hp_gain":0,"max_hp_loss":0,"event_name":"Purifier","floor":11,"gold_loss":0},{"damage_healed":0,"gold_gain":0,"player_choice":"Fight","damage_taken":0,"max_hp_gain":0,"max_hp_loss":0,"event_name":"MindBloom","floor":36,"gold_loss":0},{"damage_healed":0,"gold_gain":0,"player_choice":"Fight","damage_taken":0,"max_hp_gain":0,"max_hp_loss":0,"event_name":"Mysterious Sphere","floor":38,"gold_loss":0},{"damage_healed":0,"gold_gain":0,"player_choice":"Copied","damage_taken":0,"max_hp_gain":0,"max_hp_loss":0,"event_name":"Duplicator","floor":39,"gold_loss":0,"cards_obtained":["Backstab"]},{"damage_healed":0,"gold_gain":0,"player_choice":"Embrace Madness","damage_taken":9,"max_hp_gain":0,"max_hp_loss":0,"event_name":"Winding Halls","floor":48,"gold_loss":0,"cards_obtained":["Madness","Madness"]}],"is_beta":false,"boss_relics":[{"not_picked":["Runic Dome","Orrery"],"picked":"Astrolabe"},{"not_picked":["White Beast Statue","Tiny House"],"picked":"WristBlade"}],"items_purged_floors":[3,42],"is_endless":false,"potions_floor_spawned":[4,5,8,18,19,27,28,35,38,41],"killed_by":"Time Eater","ascension_level":5}