{"gold_per_floor":[114,129,144,144,159,189,189],"floor_reached":7,"playtime":462,"items_purged":[],"score":78,"play_id":"1505e47c-32c2-4923-9c9b-e97ff187964a","local_time":"20190711175335","daily_mods":["Specialized","Red Cards","Lethality"],"is_ascension_mode":false,"campfire_choices":[],"neow_cost":"","seed_source_timestamp":0,"circlet_count":0,"master_deck":["Strike_G","Strike_G","Strike_G","Strike_G","Strike_G+1","Defend_G","Defend_G","Defend_G","Defend_G","Defend_G","Survivor","Neutralize","Double Tap","Double Tap","Double Tap","Double Tap","Double Tap+1","Anger","Inflame","PiercingWail","Sword Boomerang","Cloak And Dagger"],"special_seed":18086,"relics":["Ring of the Snake","Letter Opener"],"potions_floor_usage":[],"damage_taken":[{"damage":2.0,"enemies":"Jaw Worm","floor":1.0,"turns":5.0},{"damage":1.0,"enemies":"2 Louse","floor":2.0,"turns":2.0},{"damage":0.0,"enemies":"Cultist","floor":3.0,"turns":2.0},{"damage":5.0,"enemies":"Looter","floor":5.0,"turns":3.0},{"damage":14.0,"enemies":"Lagavulin","floor":6.0,"turns":6.0},{"damage":4,"enemies":"Large Slime","floor":7,"turns":2}],"seed_played":"2934690668443707342","potions_obtained":[{"floor":3.0,"key":"FearPotion"},{"floor":5.0,"key":"PowerPotion"}],"is_trial":false,"path_per_floor":["M","M","M","?","M","E","M"],"character_chosen":"THE_SILENT","items_purchased":[],"campfire_rested":0,"item_purchase_floors":[],"current_hp_per_floor":[68,67,67,53,48,34,30],"gold":189,"neow_bonus":"","is_prod":false,"is_daily":true,"chose_seed":false,"campfire_upgraded":0,"win_rate":0,"timestamp":1562882015,"path_taken":["M","M","M","?","M","E","M"],"build_version":"2019-07-05","purchased_purges":0,"victory":false,"max_hp_per_floor":[70,70,70,70,70,70,70],"card_choices":[{"not_picked":["Bouncing Flask","Inflame"],"picked":"Anger","floor":1.0},{"not_picked":["Wild Strike","Dagger Throw"],"picked":"Inflame","floor":2.0},{"not_picked":["Disarm","Thunderclap"],"picked":"PiercingWail","floor":3.0},{"not_picked":["Backflip","Clothesline"],"picked":"Sword Boomerang","floor":5.0},{"not_picked":["Flex","Dagger Throw"],"picked":"Cloak And Dagger","floor":6.0}],"player_experience":627891,"relics_obtained":[{"floor":6.0,"key":"Letter Opener"}],"event_choices":[{"damage_healed":0.0,"max_hp_gain":0.0,"max_hp_loss":0.0,"gold_gain":0.0,"event_name":"Shining Light","player_choice":"Entered Light","floor":4.0,"gold_loss":0.0,"damage_taken":14.0,"cards_upgraded":["Strike_G","Double Tap"]}],"is_beta":false,"boss_relics":[],"items_purged_floors":[],"is_endless":false,"potions_floor_spawned":[3,5],"killed_by":"Large Slime","ascension_level":0}