{"gold_per_floor":[113,113,29,41,57,57,84,97,124,149,149,162,162,162,162,234,234,251,251,166,166,185,185,196,45,45,58,72,82,82,94,94,168,168,180,190,190,200,200,200,225,225,250,250,263,280,34,51,51,51],"floor_reached":51,"playtime":3582,"items_purged":["Strike_G"],"score":1349,"play_id":"e9d9b1e2-e7a8-4022-a972-19b5abc49289","local_time":"20190706153728","is_ascension_mode":true,"campfire_choices":[{"data":"Bouncing Flask","floor":6.0,"key":"SMITH"},{"floor":11.0,"key":"REST"},{"data":"Adrenaline","floor":15.0,"key":"SMITH"},{"data":"Noxious Fumes","floor":23.0,"key":"SMITH"},{"data":"Noxious Fumes","floor":30.0,"key":"SMITH"},{"data":"Acrobatics","floor":32.0,"key":"SMITH"},{"data":"Dodge and Roll","floor":40.0,"key":"SMITH"},{"data":"Backflip","floor":44.0,"key":"SMITH"},{"floor":49,"key":"REST"}],"neow_cost":"NONE","seed_source_timestamp":380454876588146,"circlet_count":0,"master_deck":["AscendersBane","Defend_G+1","Defend_G","Defend_G","Defend_G","Defend_G","Survivor","Neutralize+1","Bouncing Flask+1","Footwork+1","PiercingWail","Dodge and Roll+1","Adrenaline+1","Blur","Corpse Explosion+1","Noxious Fumes+1","Blur","Noxious Fumes+1","Acrobatics+1","Caltrops+1","Backflip+1","Noxious Fumes+1","Decay","Blur+1","Backstab","Backflip","Footwork+1","After Image+1"],"special_seed":0,"relics":["Ring of the Snake","Bag of Marbles","Ancient Tea Set","Bronze Scales","Nunchaku","Sozu","Bag of Preparation","Frozen Egg 2","Empty Cage","Strawberry","War Paint","Art of War"],"potions_floor_usage":[50],"damage_taken":[{"damage":1.0,"enemies":"Small Slimes","floor":1.0,"turns":4.0},{"damage":0.0,"enemies":"Cultist","floor":4.0,"turns":4.0},{"damage":0.0,"enemies":"Jaw Worm","floor":5.0,"turns":5.0},{"damage":7.0,"enemies":"Lagavulin","floor":7.0,"turns":8.0},{"damage":4.0,"enemies":"Looter","floor":8.0,"turns":4.0},{"damage":36.0,"enemies":"3 Sentries","floor":10.0,"turns":12.0},{"damage":0.0,"enemies":"Exordium Thugs","floor":12.0,"turns":5.0},{"damage":5.0,"enemies":"The Guardian","floor":16.0,"turns":10.0},{"damage":0.0,"enemies":"Spheric Guardian","floor":18.0,"turns":3.0},{"damage":0.0,"enemies":"3 Byrds","floor":22.0,"turns":2.0},{"damage":0.0,"enemies":"Centurion and Healer","floor":24.0,"turns":5.0},{"damage":0.0,"enemies":"3 Cultists","floor":27.0,"turns":4.0},{"damage":0.0,"enemies":"Snecko","floor":28.0,"turns":5.0},{"damage":0.0,"enemies":"Centurion and Healer","floor":29.0,"turns":5.0},{"damage":0.0,"enemies":"Snake Plant","floor":31.0,"turns":4.0},{"damage":8.0,"enemies":"Automaton","floor":33.0,"turns":8.0},{"damage":0.0,"enemies":"Orb Walker","floor":35.0,"turns":5.0},{"damage":0.0,"enemies":"3 Shapes","floor":36.0,"turns":3.0},{"damage":6.0,"enemies":"Writhing Mass","floor":38.0,"turns":6.0},{"damage":22.0,"enemies":"Giant Head","floor":41.0,"turns":10.0},{"damage":0.0,"enemies":"Transient","floor":45.0,"turns":6.0},{"damage":0.0,"enemies":"Maw","floor":46.0,"turns":8.0},{"damage":17,"enemies":"Spire Growth","floor":48,"turns":7},{"damage":34,"enemies":"Time Eater","floor":50,"turns":12}],"seed_played":"-4042252691194211502","potions_obtained":[{"floor":4.0,"key":"GhostInAJar"},{"floor":5.0,"key":"PowerPotion"},{"floor":12.0,"key":"Explosive Potion"},{"floor":16.0,"key":"PowerPotion"}],"is_trial":false,"path_per_floor":["M","?","$","M","M","R","E","M","T","E","R","M","?","?","R","B",null,"M","?","?","?","M","R","M","$","T","M","M","M","R","M","R","B",null,"M","M","?","M","?","R","E","?","T","R","M","M","$","M","R","B",null],"character_chosen":"THE_SILENT","items_purchased":["Footwork","Noxious Fumes","Footwork+1","Art of War"],"campfire_rested":2,"item_purchase_floors":[3,25,47,47],"current_hp_per_floor":[58,58,58,58,58,58,51,47,47,11,30,30,19,19,19,14,53,53,53,53,53,53,53,53,53,53,53,53,53,53,53,53,45,61,61,61,61,55,55,55,40,40,40,40,40,40,40,23,44,10],"gold":51,"neow_bonus":"UPGRADE_CARD","is_prod":false,"is_daily":false,"chose_seed":false,"campfire_upgraded":7,"win_rate":0,"timestamp":1562441848,"path_taken":["M","?","?","M","M","R","E","M","T","E","R","?","?","?","R","BOSS","M","?","?","?","M","R","?","?","T","M","M","M","R","?","R","BOSS","M","M","?","?","?","R","E","?","T","R","M","?","$","M","R","BOSS"],"build_version":"2019-07-05","purchased_purges":1,"victory":true,"max_hp_per_floor":[66,66,66,66,66,66,66,66,66,66,66,66,66,66,66,66,66,66,66,66,66,66,66,66,66,66,66,66,66,66,66,66,66,66,66,66,66,66,63,63,70,70,70,70,70,70,70,70,70,70],"card_choices":[{"not_picked":["PiercingWail","Endless Agony"],"picked":"Bouncing Flask","floor":1.0},{"not_picked":["Distraction","Dagger Throw"],"picked":"PiercingWail","floor":4.0},{"not_picked":["Heel Hook","Cloak And Dagger"],"picked":"Dodge and Roll","floor":5.0},{"not_picked":["All Out Attack","Dagger Spray"],"picked":"Adrenaline","floor":7.0},{"not_picked":["Flying Knee","Quick Slash","Slice"],"picked":"SKIP","floor":8.0},{"not_picked":["Acrobatics","Skewer"],"picked":"Blur","floor":10.0},{"not_picked":["Dagger Throw","Calculated Gamble","Finisher"],"picked":"SKIP","floor":12.0},{"not_picked":["Doppelganger","Malaise"],"picked":"Corpse Explosion","floor":16.0},{"not_picked":["Dagger Spray","Flying Knee+1","Prepared"],"picked":"SKIP","floor":18.0},{"not_picked":["Quick Slash","Escape Plan+1"],"picked":"Noxious Fumes","floor":22.0},{"not_picked":["Flying Knee","PiercingWail"],"picked":"Blur","floor":24.0},{"not_picked":["Bouncing Flask","Setup+1"],"picked":"Acrobatics","floor":27.0},{"not_picked":["Flying Knee","Bullet Time"],"picked":"Caltrops+1","floor":28.0},{"not_picked":["Cloak And Dagger","PiercingWail","Sucker Punch"],"picked":"SKIP","floor":29.0},{"not_picked":["Skewer","Slice+1"],"picked":"Backflip","floor":31.0},{"not_picked":["Deadly Poison","Dagger Spray+1"],"picked":"Noxious Fumes+1","floor":35.0},{"not_picked":["Distraction","Setup","Escape Plan"],"picked":"SKIP","floor":36.0},{"not_picked":["Reflex","Outmaneuver"],"picked":"Blur","floor":38.0},{"not_picked":["Dash","Corpse Explosion","Cloak And Dagger"],"picked":"SKIP","floor":41.0},{"not_picked":["Dash","Flying Knee","Sucker Punch"],"picked":"SKIP","floor":45.0},{"not_picked":["Slice+1","Bane+1"],"picked":"Backflip","floor":46.0},{"not_picked":["Backstab+1","Dagger Throw"],"picked":"After Image+1","floor":48}],"player_experience":862101,"relics_obtained":[{"floor":7.0,"key":"Bag of Marbles"},{"floor":9.0,"key":"Ancient Tea Set"},{"floor":10.0,"key":"Bronze Scales"},{"floor":26.0,"key":"Frozen Egg 2"},{"floor":41.0,"key":"Strawberry"},{"floor":43.0,"key":"War Paint"}],"event_choices":[{"cards_removed":["Strike_G"],"damage_healed":0.0,"max_hp_gain":0.0,"max_hp_loss":0.0,"gold_gain":0.0,"event_name":"Purifier","player_choice":"Purged","floor":2.0,"gold_loss":0.0,"damage_taken":0.0},{"damage_healed":0.0,"max_hp_gain":0.0,"max_hp_loss":0.0,"gold_gain":0.0,"event_name":"Scrap Ooze","player_choice":"Success","floor":13.0,"gold_loss":0.0,"damage_taken":11.0,"relics_obtained":["Nunchaku"]},{"damage_healed":0.0,"max_hp_gain":0.0,"max_hp_loss":0.0,"gold_gain":0.0,"event_name":"Accursed Blacksmith","player_choice":"Forge","floor":14.0,"gold_loss":0.0,"damage_taken":0.0,"cards_upgraded":["Footwork"]},{"damage_healed":0.0,"max_hp_gain":0.0,"max_hp_loss":0.0,"gold_gain":0.0,"event_name":"The Mausoleum","player_choice":"Ignored","floor":19.0,"gold_loss":0.0,"damage_taken":0.0},{"damage_healed":0.0,"max_hp_gain":0.0,"max_hp_loss":0.0,"gold_gain":0.0,"event_name":"Addict","player_choice":"Obtained Relic","floor":20.0,"gold_loss":85.0,"damage_taken":0.0,"relics_obtained":["Bag of Preparation"]},{"damage_healed":0.0,"max_hp_gain":0.0,"max_hp_loss":0.0,"gold_gain":0.0,"event_name":"Upgrade Shrine","player_choice":"Upgraded","floor":21.0,"gold_loss":0.0,"damage_taken":0.0,"cards_upgraded":["Corpse Explosion"]},{"damage_healed":0.0,"max_hp_gain":0.0,"max_hp_loss":0.0,"gold_gain":0.0,"event_name":"Wheel of Change","player_choice":"Cursed","floor":37.0,"gold_loss":0.0,"damage_taken":0.0,"cards_obtained":["Decay"]},{"damage_healed":0.0,"max_hp_gain":0.0,"max_hp_loss":3.0,"gold_gain":0.0,"event_name":"Winding Halls","player_choice":"Max HP","floor":39.0,"gold_loss":0.0,"damage_taken":0.0},{"damage_healed":0.0,"max_hp_gain":0.0,"max_hp_loss":0.0,"gold_gain":0.0,"cards_transformed":["Strike_G"],"event_name":"Transmorgrifier","player_choice":"Transformed","floor":42.0,"gold_loss":0.0,"damage_taken":0.0,"cards_obtained":["Backstab"]}],"is_beta":false,"boss_relics":[{"not_picked":["WristBlade","Ring of the Serpent"],"picked":"Sozu"},{"not_picked":["Lizard Tail","Orrery"],"picked":"Empty Cage"}],"items_purged_floors":[25],"is_endless":false,"potions_floor_spawned":[4,5,12,16,22,24,27,28,36,38,41,46],"ascension_level":19}