{"gold_per_floor":[117,42,42,60,26,26,87,87,113,132,132,144,163,179,179,251,251,269,269,282,294,53,53,83,83,130,67,99,99,99,5,5,83,83,96,109,109,109,109,109,123,123,123,35,35,35,51,51,51,51],"floor_reached":51,"playtime":2465,"items_purged":["Strike_R","Bash","Strike_R+1","Strike_R+1","Wild Strike"],"score":1148,"play_id":"22b61cea-5b45-44d9-9ee7-7619101eb45d","local_time":"20181008042933","is_ascension_mode":true,"campfire_choices":[{"data":"Whirlwind","floor":6.0,"key":"SMITH"},{"data":"Shrug It Off","floor":8.0,"key":"SMITH"},{"data":"Inflame","floor":11.0,"key":"SMITH"},{"data":"Shrug It Off","floor":15.0,"key":"SMITH"},{"data":"True Grit","floor":23.0,"key":"SMITH"},{"data":"Limit Break","floor":25.0,"key":"SMITH"},{"data":"Spot Weakness","floor":29.0,"key":"SMITH"},{"data":"Feel No Pain","floor":32.0,"key":"SMITH"},{"data":"Combust","floor":40,"key":"SMITH"},{"floor":42,"key":"REST"},{"data":"Entrench","floor":46,"key":"SMITH"},{"floor":49,"key":"REST"}],"neow_cost":"NONE","seed_source_timestamp":0,"circlet_count":0,"master_deck":["Defend_R+1","Defend_R+1","Defend_R+1","Defend_R+1","AscendersBane","Cleave","Shrug It Off+1","Whirlwind+1","Thunderclap","Inflame+1","Shrug It Off+1","Spot Weakness+1","Limit Break+1","Feel No Pain+1","True Grit+1","Headbutt","Battle Trance","Offering+1","Combust+1","Entrench+1","Secret Technique"],"special_seed":0,"relics":["Burning Blood","Pantograph","Vajra","Sozu","Membership Card","Juzu Bracelet","Regal Pillow","Happy Flower","Velvet Choker","WingedGreaves","Du-Vu Doll"],"potions_floor_usage":[],"damage_taken":[{"damage":4.0,"enemies":"Jaw Worm","floor":1.0,"turns":4.0},{"damage":13.0,"enemies":"2 Louse","floor":4.0,"turns":2.0},{"damage":28.0,"enemies":"Gremlin Nob","floor":7.0,"turns":4.0},{"damage":0.0,"enemies":"Small Slimes","floor":10.0,"turns":1.0},{"damage":0.0,"enemies":"Gremlin Gang","floor":12.0,"turns":3.0},{"damage":0.0,"enemies":"Exordium Wildlife","floor":13.0,"turns":2.0},{"damage":9.0,"enemies":"3 Louse","floor":14.0,"turns":3.0},{"damage":5.0,"enemies":"The Guardian","floor":16.0,"turns":10.0},{"damage":7.0,"enemies":"3 Byrds","floor":18.0,"turns":4.0},{"damage":14.0,"enemies":"2 Thieves","floor":20.0,"turns":3.0},{"damage":1.0,"enemies":"Centurion and Healer","floor":21.0,"turns":3.0},{"damage":1.0,"enemies":"Gremlin Leader","floor":24.0,"turns":4.0},{"damage":45.0,"enemies":"Slavers","floor":28.0,"turns":5.0},{"damage":52.0,"enemies":"Automaton","floor":33.0,"turns":7.0},{"damage":6.0,"enemies":"Orb Walker","floor":35.0,"turns":3.0},{"damage":30,"enemies":"3 Shapes","floor":36,"turns":3},{"damage":30,"enemies":"3 Darklings","floor":41,"turns":3},{"damage":20,"enemies":"4 Shapes","floor":47,"turns":2},{"damage":51,"enemies":"Donu and Deca","floor":50,"turns":6}],"seed_played":"883067961718748696","potions_obtained":[{"floor":4.0,"key":"Swift Potion"},{"floor":12.0,"key":"Strength Potion"},{"floor":14.0,"key":"GamblersBrew"},{"floor":16.0,"key":"Weak Potion"}],"is_trial":false,"path_per_floor":["M","$","?","M","$","R","?","R","T","M","R","M","M","M","R","B",null,"M","?","M","M","$","R","E","R","T","$","E","R","?","$","R","B",null,"M","M","?","T","?","R","M","R","T","$","?","R","M","?","R","B"],"character_chosen":"IRONCLAD","items_purchased":["Whirlwind","Membership Card","Battle Trance"],"campfire_rested":2,"item_purchase_floors":[5,22,31],"current_hp_per_floor":[70,70,70,63,63,63,41,41,41,47,47,53,59,56,56,75,75,74,74,66,71,71,71,75,75,75,75,36,36,36,36,36,15,60,60,36,36,36,36,36,12,49,49,49,49,49,35,35,72,30],"gold":51,"neow_bonus":"TRANSFORM_CARD","is_prod":false,"is_daily":false,"chose_seed":false,"campfire_upgraded":10,"win_rate":0,"timestamp":1538987373,"path_taken":["M","$","?","M","$","R","?","R","T","M","R","M","?","M","R","BOSS","M","?","M","M","$","R","E","R","T","$","E","R","?","$","R","BOSS","M","M","?","?","?","R","M","R","T","$","?","R","M","?","R","BOSS"],"build_version":"2018-10-04v2","purchased_purges":5,"victory":true,"max_hp_per_floor":[75,75,75,75,75,75,75,75,75,75,75,75,75,75,75,75,75,75,75,75,75,75,75,75,75,75,75,75,75,75,75,75,75,75,75,75,75,75,75,75,75,75,75,75,75,75,75,75,75,75],"card_choices":[{"not_picked":["Clash","Rupture"],"picked":"Cleave","floor":1.0},{"not_picked":["Second Wind","Blood for Blood"],"picked":"Shrug It Off","floor":4.0},{"not_picked":["Havoc","Combust"],"picked":"Thunderclap","floor":7.0},{"not_picked":["Perfected Strike","Twin Strike"],"picked":"Inflame","floor":10.0},{"not_picked":["Feed","Twin Strike"],"picked":"Shrug It Off","floor":12.0},{"not_picked":["Flex","Warcry","Anger"],"picked":"SKIP","floor":13.0},{"not_picked":["Rupture","Thunderclap"],"picked":"Spot Weakness","floor":14.0},{"not_picked":["Feed","Offering"],"picked":"Limit Break","floor":16.0},{"not_picked":["Flex","Iron Wave"],"picked":"Feel No Pain","floor":18.0},{"not_picked":["Perfected Strike","Pommel Strike"],"picked":"True Grit","floor":20.0},{"not_picked":["Cleave","Twin Strike"],"picked":"Headbutt","floor":21.0},{"not_picked":["Spot Weakness+1","Intimidate","Infernal Blade"],"picked":"SKIP","floor":24.0},{"not_picked":["Brutality","Havoc","Second Wind"],"picked":"SKIP","floor":28.0},{"not_picked":["Immolate","Barricade"],"picked":"Offering","floor":33.0},{"not_picked":["Spot Weakness","Clash","Dropkick"],"picked":"SKIP","floor":35.0},{"not_picked":["Inflame","Twin Strike","Sentinel"],"picked":"SKIP","floor":36},{"not_picked":["Havoc+1","Thunderclap+1"],"picked":"Entrench","floor":41},{"not_picked":["Mind Blast","Good Instincts"],"picked":"Secret Technique","floor":45},{"not_picked":["Flex","Blood for Blood","Havoc"],"picked":"SKIP","floor":47}],"player_experience":464947,"relics_obtained":[{"floor":7.0,"key":"Pantograph"},{"floor":9.0,"key":"Vajra"},{"floor":24.0,"key":"Juzu Bracelet"},{"floor":26.0,"key":"Regal Pillow"},{"floor":28.0,"key":"Happy Flower"},{"floor":38,"key":"WingedGreaves"},{"floor":43,"key":"Du-Vu Doll"}],"event_choices":[{"event_name":"The Cleric","player_choice":"Leave","floor":3.0,"damage_taken":0.0},{"event_name":"Dead Adventurer","player_choice":"Searched \u00271\u0027 times","floor":7.0,"damage_taken":0.0},{"event_name":"Back to Basics","player_choice":"Simplicity","floor":19.0,"damage_taken":0.0},{"event_name":"Vampires","player_choice":"Ignored","floor":30.0,"damage_taken":0.0},{"event_name":"Accursed Blacksmith","player_choice":"Forge","floor":37,"damage_taken":0},{"event_name":"Transmorgrifier","player_choice":"Transform","floor":39,"damage_taken":0},{"event_name":"SensoryStone","player_choice":"Memory 1","floor":45,"damage_taken":0},{"event_name":"The Lab","player_choice":"Got Potions","floor":48,"damage_taken":0}],"is_beta":false,"boss_relics":[{"not_picked":["Black Star","Calling Bell"],"picked":"Sozu"},{"not_picked":["Runic Pyramid","Philosopher\u0027s Stone"],"picked":"Velvet Choker"}],"items_purged_floors":[2,22,27,31,44],"is_endless":false,"potions_floor_spawned":[4,12,14,16,18,21,36,47],"ascension_level":14}