{"gold_per_floor":[112,131,43,43,43,43,70,70,70,100,100,118,131,206,206,307,307,327,20,20,20,20,20,20,37,61,77,77,97,97,13,13,108,108,124,124,137,155,5,5,20,20,20,120,137,137,18,28,28,28],"floor_reached":50,"playtime":6712,"items_purged":[],"score":473,"play_id":"b5c7a04a-296e-40ce-a740-55096cf1e11b","local_time":"20190812221808","is_ascension_mode":false,"campfire_choices":[{"data":"Anger","floor":6,"key":"SMITH"},{"data":"Shrug It Off","floor":8,"key":"SMITH"},{"floor":15,"key":"REST"},{"floor":23,"key":"REST"},{"data":"Bash","floor":24,"key":"SMITH"},{"data":"Uppercut","floor":28,"key":"SMITH"},{"floor":30,"key":"REST"},{"data":"Headbutt","floor":32,"key":"SMITH"},{"floor":40,"key":"REST"},{"floor":42,"key":"REST"},{"floor":49,"key":"REST"}],"neow_cost":"NONE","seed_source_timestamp":2601701823154300,"circlet_count":0,"master_deck":["Strike_R","Strike_R","Strike_R","Strike_R","Defend_R","Defend_R","Defend_R","Defend_R","Anger+1","Pommel Strike","Rupture","Shrug It Off+1","Armaments+1","Spot Weakness+1","Uppercut+1","True Grit+1","Warcry+1","Impervious+1","Burning Pact+1","Shrug It Off+1","Anger","Second Wind+1","Shrug It Off+1","Infernal Blade+1","Headbutt+1","Double Tap+1","Parasite","Parasite","Shame","Whirlwind","Cleave+1","Rage+1","Parasite","Juggernaut","Thunderclap+1","Flex+1","The Bomb+1","Seeing Red+1","Anger","Intimidate+1"],"relics":["Black Blood","Toxic Egg 2","Question Card","Letter Opener","Paper Frog","WingedGreaves","Potion Belt","Calling Bell","Red Skull","Pantograph","FossilizedHelix","Bag of Marbles","Frozen Egg 2","Thread and Needle"],"potions_floor_usage":[7,7,16,33,48,48],"damage_taken":[{"damage":1,"enemies":"Cultist","floor":1,"turns":4},{"damage":3,"enemies":"2 Louse","floor":2,"turns":3},{"damage":13,"enemies":"Lagavulin","floor":7,"turns":8},{"damage":32,"enemies":"Gremlin Nob","floor":10,"turns":5},{"damage":12,"enemies":"Small Slimes","floor":12,"turns":2},{"damage":4,"enemies":"Blue Slaver","floor":13,"turns":4},{"damage":12,"enemies":"Hexaghost","floor":16,"turns":8},{"damage":23,"enemies":"Shell Parasite","floor":18,"turns":8},{"damage":24,"enemies":"3 Byrds","floor":25,"turns":6},{"damage":4,"enemies":"Snecko","floor":27,"turns":4},{"damage":22,"enemies":"Snake Plant","floor":29,"turns":5},{"damage":92,"enemies":"Collector","floor":33,"turns":14},{"damage":47,"enemies":"3 Shapes","floor":35,"turns":5},{"damage":12,"enemies":"Orb Walker","floor":37,"turns":4},{"damage":21,"enemies":"4 Shapes","floor":38,"turns":5},{"damage":47,"enemies":"Writhing Mass","floor":41,"turns":7},{"damage":15,"enemies":"Mind Bloom Boss Battle","floor":44,"turns":12},{"damage":24,"enemies":"Sphere and 2 Shapes","floor":45,"turns":7},{"damage":20,"enemies":"Jaw Worm Horde","floor":48,"turns":4},{"damage":110,"enemies":"Donu and Deca","floor":50,"turns":7}],"seed_played":"-7831594256748121623","potions_obtained":[{"floor":0,"key":"FearPotion"},{"floor":0,"key":"Block Potion"},{"floor":0,"key":"FairyPotion"},{"floor":2,"key":"SteroidPotion"},{"floor":12,"key":"Energy Potion"},{"floor":16,"key":"PowerPotion"},{"floor":29,"key":"GamblersBrew"},{"floor":33,"key":"FairyPotion"},{"floor":44,"key":"SteroidPotion"},{"floor":45,"key":"Fruit Juice"}],"is_trial":false,"path_per_floor":["M","M","$","?","$","R","E","R","T","E","?","M","M","?","R","B",null,"M","$","?","?","?","R","R","M","T","M","R","M","R","$","R","B",null,"M","?","M","M","$","R","M","R","T","?","M","?","$","M","R","B"],"character_chosen":"IRONCLAD","items_purchased":["Rupture","Shrug It Off","Paper Frog","Shrug It Off+1","Infernal Blade+1","Headbutt","Bag of Marbles","Seeing Red+1","Anger"],"campfire_rested":6,"item_purchase_floors":[3,3,19,19,31,31,39,47,47],"current_hp_per_floor":[80,80,80,80,80,80,73,73,73,47,47,41,43,32,56,50,80,67,67,67,52,52,77,77,63,63,69,69,57,82,82,82,18,85,48,48,46,35,35,60,23,48,48,68,54,54,54,49,76,0],"gold":28,"neow_bonus":"THREE_SMALL_POTIONS","is_prod":false,"is_daily":false,"chose_seed":false,"campfire_upgraded":5,"win_rate":0,"timestamp":1565673488,"path_taken":["M","M","$","?","$","R","E","R","T","E","?","M","M","?","R","BOSS","M","$","?","?","?","R","R","?","T","M","R","M","R","$","R","BOSS","M","?","M","M","$","R","M","R","T","?","M","?","$","M","R","BOSS"],"build_version":"2019-07-17","purchased_purges":0,"victory":false,"max_hp_per_floor":[80,80,80,80,80,80,80,80,80,80,80,80,80,80,80,80,80,80,80,80,85,85,85,85,85,85,85,85,85,85,85,85,85,85,85,85,85,85,85,85,85,85,85,85,85,85,85,90,90,90],"card_choices":[{"not_picked":["Body Slam","Shockwave"],"picked":"Anger","floor":1},{"not_picked":["Iron Wave","Sword Boomerang"],"picked":"Pommel Strike","floor":2},{"not_picked":["Disarm","Flame Barrier"],"picked":"Armaments","floor":7},{"not_picked":["Twin Strike","Pummel","Demon Form"],"picked":"Spot Weakness+1","floor":10},{"not_picked":["Twin Strike","Thunderclap","Shrug It Off+1"],"picked":"True Grit+1","floor":12},{"not_picked":["Shrug It Off+1","Dropkick","Juggernaut"],"picked":"Warcry+1","floor":13},{"not_picked":["Offering+1","Dark Embrace","Juggernaut"],"picked":"Impervious+1","floor":16},{"not_picked":["Headbutt","Clash+1","Warcry+1"],"picked":"Burning Pact+1","floor":18},{"not_picked":["Battle Trance+1","Armaments+1","Shrug It Off+1"],"picked":"Anger","floor":25},{"not_picked":["Feel No Pain","Twin Strike","Pommel Strike+1"],"picked":"Second Wind+1","floor":27},{"not_picked":["True Grit+1","Dropkick","Anger"],"picked":"Shrug It Off+1","floor":29},{"not_picked":["Feed","Bludgeon","Limit Break+1"],"picked":"Double Tap+1","floor":33},{"not_picked":["Burning Pact+1","Clash","Body Slam"],"picked":"Whirlwind","floor":35},{"not_picked":["Searing Blow","Burning Pact+1","Anger+1"],"picked":"Cleave+1","floor":37},{"not_picked":["Heavy Blade+1","Warcry+1","Perfected Strike+1"],"picked":"Rage+1","floor":38},{"not_picked":["Sword Boomerang","True Grit+1","Warcry+1"],"picked":"Juggernaut","floor":41},{"not_picked":["Inflame+1","Whirlwind","Shrug It Off+1"],"picked":"Thunderclap+1","floor":44},{"not_picked":["Warcry+1","Pommel Strike+1","Twin Strike+1"],"picked":"Flex+1","floor":45},{"not_picked":["Forethought+1","Impatience+1","Flash of Steel"],"picked":"The Bomb+1","floor":46},{"not_picked":["Feel No Pain+1","Heavy Blade+1","Sever Soul+1"],"picked":"Intimidate+1","floor":48}],"player_experience":56776,"relics_obtained":[{"floor":7,"key":"Toxic Egg 2"},{"floor":9,"key":"Question Card"},{"floor":10,"key":"Letter Opener"},{"floor":26,"key":"Potion Belt"},{"floor":34,"key":"Red Skull"},{"floor":34,"key":"Pantograph"},{"floor":34,"key":"FossilizedHelix"},{"floor":43,"key":"Frozen Egg 2"},{"floor":44,"key":"Thread and Needle"}],"event_choices":[{"damage_healed":0,"gold_gain":0,"player_choice":"Leave","damage_taken":0,"max_hp_gain":0,"max_hp_loss":0,"event_name":"The Cleric","floor":4,"gold_loss":0},{"damage_healed":0,"gold_gain":0,"cards_transformed":["Strike_R"],"player_choice":"Change","damage_taken":0,"max_hp_gain":0,"max_hp_loss":0,"event_name":"Living Wall","floor":11,"gold_loss":0,"cards_obtained":["Uppercut"]},{"damage_healed":0,"gold_gain":75,"player_choice":"Gather Gold","damage_taken":11,"max_hp_gain":0,"max_hp_loss":0,"event_name":"World of Goop","floor":14,"gold_loss":0},{"damage_healed":0,"gold_gain":0,"player_choice":"Ignored","damage_taken":0,"max_hp_gain":0,"max_hp_loss":0,"event_name":"Ghosts","floor":20,"gold_loss":0},{"damage_healed":0,"gold_gain":0,"player_choice":"Shed Blood","damage_taken":20,"max_hp_gain":5,"max_hp_loss":0,"event_name":"Forgotten Altar","floor":21,"gold_loss":0},{"damage_healed":0,"gold_gain":0,"player_choice":"Gave Potion","damage_taken":0,"relics_obtained":["WingedGreaves"],"max_hp_gain":0,"max_hp_loss":0,"event_name":"WeMeetAgain","floor":22,"gold_loss":0},{"cards_removed":["Bash"],"damage_healed":0,"gold_gain":0,"player_choice":"Removed Attack","damage_taken":0,"max_hp_gain":0,"max_hp_loss":0,"event_name":"Falling","floor":36,"gold_loss":0},{"damage_healed":0,"gold_gain":0,"player_choice":"Fight","damage_taken":0,"max_hp_gain":0,"max_hp_loss":0,"event_name":"MindBloom","floor":44,"gold_loss":0},{"damage_healed":0,"gold_gain":0,"player_choice":"Memory 1","damage_taken":0,"max_hp_gain":0,"max_hp_loss":0,"event_name":"SensoryStone","floor":46,"gold_loss":0}],"is_beta":false,"boss_relics":[{"not_picked":["Orrery","Eternal Feather"],"picked":"Black Blood"},{"not_picked":["Mark of Pain","Black Star"],"picked":"Calling Bell"}],"items_purged_floors":[],"is_endless":false,"potions_floor_spawned":[2,12,16,29,33,44,45],"killed_by":"Donu and Deca","ascension_level":0}