{"gold_per_floor":[112,112,112,26,26,26,66,87,112,160,197,252,280,292,304,441,453,484,496,508,520,532,544,590,622,681,1,1,16,60,78,78,208,208,226,226,275,275,299,299,7,7,7,43,43,43,61,86,86,86,86,86,11,52,52],"floor_reached":55,"playtime":4458,"items_purged":["Limit Break","Barricade+1"],"score":846,"play_id":"c1ad5d8b-08e7-4024-b717-a7fc3d06893b","local_time":"20190702235635","is_ascension_mode":true,"campfire_choices":[{"data":"Armaments","floor":6,"key":"SMITH"},{"floor":15,"key":"REST"},{"data":"Armaments","floor":23,"key":"SMITH"},{"floor":28,"key":"REST"},{"floor":32,"key":"REST"},{"floor":40,"key":"REST"},{"floor":42,"key":"RECALL"},{"data":"Bloodletting","floor":46,"key":"SMITH"},{"floor":49,"key":"REST"},{"data":"True Grit","floor":52,"key":"SMITH"}],"neow_cost":"NONE","seed_source_timestamp":572665783757877,"circlet_count":0,"master_deck":["Bash","True Grit+1","Rupture+1","Armaments+1","Armaments+1","Dropkick","Power Through","Juggernaut+1","Hemokinesis","Bloodletting+1","Brutality+1","Shockwave","J.A.X.","Anger","Shrug It Off","Inflame+1","Rupture+1","Berserk+1","Burning Pact","Dropkick","Barricade+1","Rage","Perfected Strike","Headbutt","Hemokinesis","Sever Soul","Iron Wave+1","Madness","Madness","Dark Embrace+1","Rage+1","Metallicize+1"],"relics":["Black Blood","NeowsBlessing","Frozen Egg 2","Golden Idol","Oddly Smooth Stone","MawBank","Happy Flower","StoneCalendar","Gremlin Horn","Bronze Scales","Bag of Marbles","Self Forming Clay","Medical Kit","Ancient Tea Set","Pandora\u0027s Box","Bottled Lightning","TheAbacus","Mummified Hand","Pear"],"potions_floor_usage":[10,12,25,29,30,33,35,44,44,48,50,50,50],"damage_taken":[{"damage":0,"enemies":"Small Slimes","floor":1,"turns":1},{"damage":0,"enemies":"Lagavulin","floor":7,"turns":2},{"damage":0,"enemies":"2 Louse","floor":8,"turns":1},{"damage":16,"enemies":"3 Sentries","floor":10,"turns":18},{"damage":6,"enemies":"Jaw Worm","floor":11,"turns":3},{"damage":33,"enemies":"Gremlin Nob","floor":12,"turns":6},{"damage":4,"enemies":"Large Slime","floor":13,"turns":5},{"damage":35,"enemies":"Slime Boss","floor":16,"turns":7},{"damage":14,"enemies":"Shell Parasite","floor":18,"turns":4},{"damage":39,"enemies":"Slavers","floor":24,"turns":6},{"damage":18,"enemies":"Spheric Guardian","floor":25,"turns":3},{"damage":9,"enemies":"3 Cultists","floor":29,"turns":4},{"damage":20,"enemies":"Book of Stabbing","floor":30,"turns":4},{"damage":14,"enemies":"Sentry and Sphere","floor":31,"turns":5},{"damage":34,"enemies":"Collector","floor":33,"turns":7},{"damage":10,"enemies":"3 Shapes","floor":35,"turns":4},{"damage":43,"enemies":"3 Darklings","floor":39,"turns":5},{"damage":17,"enemies":"Nemesis","floor":44,"turns":5},{"damage":11,"enemies":"4 Shapes","floor":47,"turns":5},{"damage":16,"enemies":"Sphere and 2 Shapes","floor":48,"turns":4},{"damage":53,"enemies":"Time Eater","floor":50,"turns":8},{"damage":28,"enemies":"Shield and Spear","floor":54,"turns":5},{"damage":66,"enemies":"The Heart","floor":55,"turns":5}],"seed_played":"3301087019903095035","potions_obtained":[{"floor":8,"key":"PowerPotion"},{"floor":11,"key":"GamblersBrew"},{"floor":16,"key":"Energy Potion"},{"floor":18,"key":"Explosive Potion"},{"floor":29,"key":"Poison Potion"},{"floor":30,"key":"PowerPotion"},{"floor":33,"key":"SkillPotion"},{"floor":35,"key":"Ancient Potion"},{"floor":39,"key":"EssenceOfSteel"},{"floor":45,"key":"SteroidPotion"},{"floor":45,"key":"Explosive Potion"},{"floor":45,"key":"LiquidBronze"},{"floor":48,"key":"SkillPotion"},{"floor":54,"key":"SpeedPotion"}],"is_trial":false,"path_per_floor":["M","?","?","$","?","R","E","M","T","E","M","E","M","?","R","B",null,"M","?","?","?","?","R","E","M","T","$","R","M","E","M","R","B",null,"M","T","T","?","M","R","$","R","T","E","?","R","M","M","R","B",null,"R","$","E","B"],"character_chosen":"IRONCLAD","items_purchased":["Rupture+1","Armaments","Self Forming Clay","Limit Break","Medical Kit","TheAbacus","Metallicize+1"],"campfire_rested":5,"item_purchase_floors":[4,4,27,27,27,41,53],"current_hp_per_floor":[80,77,61,61,61,61,67,73,73,63,63,36,38,38,60,31,74,70,70,70,70,70,70,41,33,33,33,55,56,46,42,64,40,74,74,74,74,65,32,54,54,54,54,57,57,57,56,50,75,32,84,84,84,66,0],"gold":52,"neow_bonus":"THREE_ENEMY_KILL","is_prod":false,"is_daily":false,"chose_seed":false,"campfire_upgraded":4,"win_rate":0,"timestamp":1562136995,"path_taken":["M","?","?","$","?","R","E","M","T","E","M","E","?","?","R","BOSS","M","?","?","?","?","R","E","M","T","?","R","?","E","M","R","BOSS","M","?","?","?","M","R","$","R","T","E","?","R","?","M","R","BOSS","R","$","E","BOSS"],"build_version":"2019-07-01","purchased_purges":2,"victory":false,"max_hp_per_floor":[80,80,80,80,74,74,74,74,74,74,74,74,74,74,74,74,74,74,74,74,74,74,74,74,74,74,74,74,74,74,74,74,74,74,74,74,74,74,74,74,74,74,74,84,84,84,84,84,84,84,84,84,84,84,84],"card_choices":[{"not_picked":["Body Slam","Dual Wield"],"picked":"True Grit","floor":1},{"not_picked":["Disarm","Clash"],"picked":"Armaments","floor":7},{"not_picked":["Pommel Strike","Wild Strike"],"picked":"Dropkick","floor":8},{"not_picked":["Searing Blow","Uppercut"],"picked":"Power Through","floor":10},{"not_picked":["Anger","Sword Boomerang"],"picked":"Juggernaut+1","floor":11},{"not_picked":["Flame Barrier","Searing Blow"],"picked":"Hemokinesis","floor":12},{"not_picked":["Clash","Flame Barrier"],"picked":"Bloodletting","floor":13},{"not_picked":["Barricade+1","Bludgeon"],"picked":"Brutality+1","floor":16},{"not_picked":["Cleave","Clothesline"],"picked":"Shockwave","floor":18},{"not_picked":["Warcry","Clash+1"],"picked":"Shrug It Off","floor":24},{"not_picked":["Pommel Strike","Shrug It Off","Carnage"],"picked":"SKIP","floor":25},{"not_picked":["Armaments+1","Shrug It Off","Sword Boomerang"],"picked":"SKIP","floor":29},{"not_picked":["Bludgeon","Ghostly Armor"],"picked":"Inflame+1","floor":30},{"not_picked":["Ghostly Armor","Shrug It Off"],"picked":"Rupture+1","floor":31},{"not_picked":["Demon Form+1","Double Tap"],"picked":"Berserk+1","floor":33},{"not_picked":["Twin Strike+1","Armaments+1"],"picked":"Iron Wave+1","floor":35},{"not_picked":["Sword Boomerang+1","Wild Strike+1","Armaments+1"],"picked":"SKIP","floor":39},{"not_picked":["Flex","Dropkick+1"],"picked":"Dark Embrace+1","floor":44},{"not_picked":["Whirlwind","Cleave","Havoc"],"picked":"SKIP","floor":47},{"not_picked":["Havoc","Shrug It Off"],"picked":"Rage+1","floor":48},{"not_picked":["Cleave+1","Reckless Charge","Shockwave"],"picked":"SKIP","floor":54}],"player_experience":145083,"relics_obtained":[{"floor":7,"key":"Oddly Smooth Stone"},{"floor":9,"key":"MawBank"},{"floor":10,"key":"Happy Flower"},{"floor":12,"key":"StoneCalendar"},{"floor":24,"key":"Bronze Scales"},{"floor":26,"key":"Bag of Marbles"},{"floor":30,"key":"Ancient Tea Set"},{"floor":36,"key":"Bottled Lightning"},{"floor":43,"key":"Mummified Hand"},{"floor":44,"key":"Pear"}],"event_choices":[{"damage_healed":0,"gold_gain":0,"player_choice":"Success","damage_taken":3,"relics_obtained":["Frozen Egg 2"],"max_hp_gain":0,"max_hp_loss":0,"event_name":"Scrap Ooze","floor":2,"gold_loss":0},{"damage_healed":0,"gold_gain":0,"player_choice":"Entered Light","damage_taken":16,"max_hp_gain":0,"max_hp_loss":0,"event_name":"Shining Light","floor":3,"gold_loss":0,"cards_upgraded":["Defend_R","Strike_R"]},{"damage_healed":0,"gold_gain":0,"player_choice":"Lose Max HP","damage_taken":0,"relics_obtained":["Golden Idol"],"max_hp_gain":0,"max_hp_loss":6,"event_name":"Golden Idol","floor":5,"gold_loss":0},{"damage_healed":0,"gold_gain":0,"player_choice":"Ignored","damage_taken":0,"max_hp_gain":0,"max_hp_loss":0,"event_name":"Liars Game","floor":14,"gold_loss":0},{"damage_healed":0,"gold_gain":0,"player_choice":"Obtain J.A.X.","damage_taken":0,"max_hp_gain":0,"max_hp_loss":0,"event_name":"Drug Dealer","floor":19,"gold_loss":0,"cards_obtained":["J.A.X."]},{"damage_healed":0,"gold_gain":0,"player_choice":"Opened","damage_taken":0,"relics_obtained":["Gremlin Horn"],"max_hp_gain":0,"max_hp_loss":0,"event_name":"The Mausoleum","floor":20,"gold_loss":0},{"damage_healed":0,"gold_gain":0,"player_choice":"Ignored","damage_taken":0,"max_hp_gain":0,"max_hp_loss":0,"event_name":"Ghosts","floor":21,"gold_loss":0},{"damage_healed":0,"gold_gain":0,"player_choice":"Read","damage_taken":0,"max_hp_gain":0,"max_hp_loss":0,"event_name":"The Library","floor":22,"gold_loss":0,"cards_obtained":["Anger"]},{"damage_healed":0,"gold_gain":0,"player_choice":"Embrace Madness","damage_taken":9,"max_hp_gain":0,"max_hp_loss":0,"event_name":"Winding Halls","floor":38,"gold_loss":0,"cards_obtained":["Madness","Madness"]},{"damage_healed":0,"gold_gain":0,"player_choice":"Got Potions","damage_taken":0,"max_hp_gain":0,"max_hp_loss":0,"event_name":"Lab","floor":45,"gold_loss":0}],"is_beta":false,"boss_relics":[{"not_picked":["Calling Bell","Runic Cube"],"picked":"Black Blood"},{"not_picked":["Runic Dome","Black Star"],"picked":"Pandora\u0027s Box"}],"items_purged_floors":[27,41],"is_endless":false,"potions_floor_spawned":[8,11,16,18,29,30,33,35,39,48,54],"killed_by":"The Heart","ascension_level":2}