{"gold_per_floor":[118,293,32,32,52,52,2,2,2,30,61,105,117,149,161,274,286,318,330,353,381,417,429,36,61,115,115],"floor_reached":27,"playtime":1632,"items_purged":["Doubt","Strike_R"],"score":263,"play_id":"f64096b2-be2d-407d-af4f-c41ca1b439d3","local_time":"20190702223830","is_ascension_mode":true,"campfire_choices":[{"data":"Armaments","floor":6,"key":"SMITH"},{"data":"Armaments","floor":8,"key":"SMITH"},{"data":"Demon Form","floor":13,"key":"SMITH"},{"data":"Inflame","floor":15,"key":"SMITH"},{"floor":23,"key":"REST"}],"neow_cost":"TEN_PERCENT_HP_LOSS","seed_source_timestamp":570809206856220,"circlet_count":0,"master_deck":["Strike_R","Strike_R","Defend_R","Bash","Rage","Impervious","Armaments+1","Rampage","Battle Trance","Combust","Armaments+1","Feed","Iron Wave","Demon Form+1","Inflame+1","Brutality","Rupture","Intimidate+1","Shrug It Off+1","Rupture","Rage+1"],"relics":["Burning Blood","Letter Opener","MawBank","Matryoshka","Runic Dome","Sundial","Pen Nib","TheAbacus","Bag of Marbles","Bronze Scales","Ancient Tea Set"],"potions_floor_usage":[10,16,21,25,27,27,27],"damage_taken":[{"damage":0,"enemies":"2 Louse","floor":1,"turns":3},{"damage":0,"enemies":"Small Slimes","floor":5,"turns":4},{"damage":13,"enemies":"3 Sentries","floor":10,"turns":6},{"damage":0,"enemies":"Jaw Worm","floor":11,"turns":3},{"damage":17,"enemies":"Gremlin Nob","floor":12,"turns":4},{"damage":2,"enemies":"2 Fungi Beasts","floor":14,"turns":4},{"damage":24,"enemies":"Hexaghost","floor":16,"turns":8},{"damage":28,"enemies":"Spheric Guardian","floor":18,"turns":5},{"damage":29,"enemies":"Shell Parasite","floor":20,"turns":5},{"damage":22,"enemies":"3 Cultists","floor":21,"turns":5},{"damage":53,"enemies":"Slavers","floor":25,"turns":6},{"damage":14,"enemies":"Shelled Parasite and Fungi","floor":27,"turns":2}],"seed_played":"-6954081688370985805","potions_obtained":[{"floor":1,"key":"Dexterity Potion"},{"floor":5,"key":"Block Potion"},{"floor":12,"key":"FairyPotion"},{"floor":18,"key":"SkillPotion"},{"floor":25,"key":"EntropicBrew"}],"is_trial":false,"path_per_floor":["M","?","$","?","M","R","?","R","T","E","M","E","R","M","R","B",null,"M","?","M","M","T","R","$","E","T","M"],"character_chosen":"IRONCLAD","items_purchased":["Rampage","Battle Trance","Combust","Rupture","TheAbacus","EssenceOfSteel"],"campfire_rested":1,"item_purchase_floors":[3,3,3,24,24,24],"current_hp_per_floor":[72,72,72,65,71,71,71,71,71,64,73,66,66,73,73,55,82,64,64,41,25,25,50,50,11,11,0],"gold":115,"neow_bonus":"TRANSFORM_TWO_CARDS","is_prod":false,"is_daily":false,"chose_seed":false,"campfire_upgraded":4,"win_rate":0,"timestamp":1562132310,"path_taken":["M","?","$","?","M","R","?","R","T","E","M","E","R","M","R","BOSS","M","?","?","M","?","R","$","E","T","M"],"build_version":"2019-07-01","purchased_purges":2,"victory":false,"max_hp_per_floor":[72,72,72,72,72,72,72,72,72,72,75,79,79,82,82,82,82,86,86,86,86,86,86,86,86,86,86],"card_choices":[{"not_picked":["Pummel","Thunderclap"],"picked":"Armaments","floor":1},{"not_picked":["Body Slam","Rage"],"picked":"Armaments","floor":5},{"not_picked":["Wild Strike","Combust"],"picked":"Feed","floor":10},{"not_picked":["Pommel Strike","Headbutt"],"picked":"Iron Wave","floor":11},{"not_picked":["Flame Barrier","Burning Pact"],"picked":"Demon Form","floor":12},{"not_picked":["Cleave","Sword Boomerang"],"picked":"Inflame","floor":14},{"not_picked":["Bludgeon","Impervious"],"picked":"Brutality","floor":16},{"not_picked":["Warcry","Clothesline"],"picked":"Rupture","floor":18},{"not_picked":["Warcry","Thunderclap"],"picked":"Intimidate+1","floor":20},{"not_picked":["Headbutt","Havoc"],"picked":"Shrug It Off+1","floor":21},{"not_picked":["Iron Wave","Thunderclap"],"picked":"Rage+1","floor":25}],"player_experience":143255,"relics_obtained":[{"floor":9,"key":"Letter Opener"},{"floor":10,"key":"MawBank"},{"floor":12,"key":"Matryoshka"},{"floor":22,"key":"Sundial"},{"floor":22,"key":"Pen Nib"},{"floor":25,"key":"Bag of Marbles"},{"floor":26,"key":"Bronze Scales"},{"floor":26,"key":"Ancient Tea Set"}],"event_choices":[{"damage_healed":0,"gold_gain":175,"player_choice":"AGREE","damage_taken":0,"max_hp_gain":0,"max_hp_loss":0,"event_name":"Liars Game","floor":2,"gold_loss":0,"cards_obtained":["Doubt"]},{"cards_removed":["Defend_R"],"damage_healed":0,"gold_gain":0,"player_choice":"Card Removal","damage_taken":7,"max_hp_gain":0,"max_hp_loss":0,"event_name":"Golden Wing","floor":4,"gold_loss":0},{"cards_removed":["Defend_R"],"damage_healed":0,"gold_gain":0,"player_choice":"Card Removal","damage_taken":0,"max_hp_gain":0,"max_hp_loss":0,"event_name":"The Cleric","floor":7,"gold_loss":50},{"cards_removed":["Strike_R"],"damage_healed":0,"gold_gain":0,"player_choice":"Offered Basic","damage_taken":0,"max_hp_gain":0,"max_hp_loss":0,"event_name":"Bonfire Elementals","floor":19,"gold_loss":0}],"is_beta":false,"boss_relics":[{"not_picked":["Snecko Eye","Lizard Tail"],"picked":"Runic Dome"}],"items_purged_floors":[3,24],"is_endless":false,"potions_floor_spawned":[1,5,12,18,25],"killed_by":"Shelled Parasite and Fungi","ascension_level":2}