{"path_per_floor":["M","M","M","$","?","E","R","E","T","M","?","R","M","E","R","B",null,"M","M","$","M","$","R","M","R","T","?","?","?","$","?","R","B",null,"M","?","?","?","M","E","$","R","T","T","?","R","M","M","R","B"],"character_chosen":"IRONCLAD","items_purchased":["Strength Potion","Strength Potion"],"gold_per_floor":[114,129,144,69,169,199,199,229,229,244,282,282,297,327,327,427,427,442,457,357,372,247,247,262,262,312,312,237,237,87,87,87,187,187,202,202,202,302,317,347,72,72,72,72,72,72,87,102,102,102],"floor_reached":51,"campfire_rested":3,"playtime":1964,"current_hp_per_floor":[80,80,80,80,80,62,62,42,42,48,43,43,49,55,55,80,80,80,80,80,75,75,75,85,85,85,85,85,85,85,87,87,17,87,87,87,87,87,85,84,84,87,87,87,87,87,81,74,87,26],"items_purged":["Strike_R","Defend_R","Strike_R","Strike_R","Defend_R"],"gold":102,"score":891,"play_id":"e5a2387f-7321-47af-ba5a-26a0322df4fc","local_time":"20180323190732","daily_mods":["Time Dilation","Binary","Vintage"],"is_prod":false,"is_daily":true,"is_ascension_mode":false,"campfire_upgraded":3,"timestamp":1521846452,"path_taken":["M","M","M","$","?","E","R","E","T","?","?","R","?","E","R","BOSS","M","M","$","M","$","R","M","R","T","?","?","?","?","?","R","BOSS","M","?","?","?","M","E","$","R","T","?","?","R","?","?","R","BOSS"],"build_version":"2018-03-22v2","purchased_purges":5,"victory":true,"master_deck":["Defend_R+1","Bash+1","Inflame+1","Havoc+1","Anger+1"],"max_hp_per_floor":[80,80,80,80,80,80,80,80,80,80,80,80,80,80,80,80,80,80,80,80,80,80,80,87,87,87,87,87,87,87,87,87,87,87,87,87,87,87,87,87,87,87,87,87,87,87,87,87,87,87],"relics":["Burning Blood","Toxic Egg 2","Happy Flower","Gambling Chip","Ginger","Mercury Hourglass","Omamori","Blue Candle","Du-Vu Doll","Pantograph","Ice Cream","War Paint","Philosopher\u0027s Stone","Shuriken","Girya","Strawberry","Art of War","Cursed Key","Meat on the Bone","Bronze Scales","Letter Opener","Anchor","Bird Faced Urn"],"card_choices":[{"not_picked":["Armaments"],"picked":"Inflame","floor":6},{"not_picked":["Clash"],"picked":"Havoc","floor":8},{"not_picked":["Headbutt"],"picked":"Anger","floor":11}],"player_experience":496051,"potions_floor_usage":[6,13,21,35,40,48,50,50,50],"damage_taken":[{"damage":1,"enemies":"Jaw Worm","floor":1,"turns":3},{"damage":6,"enemies":"Cultist","floor":2,"turns":3},{"damage":0,"enemies":"2 Louse","floor":3,"turns":3},{"damage":24,"enemies":"3 Sentries","floor":6,"turns":14},{"damage":26,"enemies":"Lagavulin","floor":8,"turns":5},{"damage":0,"enemies":"Large Slime","floor":10,"turns":2},{"damage":11,"enemies":"Gremlin Nob","floor":11,"turns":3},{"damage":0,"enemies":"Red Slaver","floor":13,"turns":2},{"damage":0,"enemies":"Gremlin Nob","floor":14,"turns":2},{"damage":4,"enemies":"Slime Boss","floor":16,"turns":5},{"damage":6,"enemies":"Shell Parasite","floor":18,"turns":3},{"damage":0,"enemies":"Chosen","floor":19,"turns":2},{"damage":11,"enemies":"Slaver and Parasite","floor":21,"turns":3},{"damage":3,"enemies":"Cultist and Chosen","floor":24,"turns":3},{"damage":76,"enemies":"Automaton","floor":33,"turns":6},{"damage":0,"enemies":"3 Darklings","floor":35,"turns":3},{"damage":8,"enemies":"Orb Walker","floor":39,"turns":3},{"damage":7,"enemies":"Giant Head","floor":40,"turns":5},{"damage":12,"enemies":"Sphere and 2 Shapes","floor":47,"turns":3},{"damage":13,"enemies":"Maw","floor":48,"turns":4},{"damage":79,"enemies":"Time Eater","floor":50,"turns":6}],"event_choices":[{"event_name":"Golden Shrine","player_choice":"Pray","floor":5,"damage_taken":0},{"event_name":"Dead Adventurer","player_choice":"Searched \u00272\u0027 times","floor":11,"damage_taken":0},{"event_name":"Purifier","player_choice":"One Purge","floor":27,"damage_taken":0},{"event_name":"Beggar","player_choice":"Gave Gold","floor":28,"damage_taken":0},{"event_name":"Back to Basics","player_choice":"Elegance","floor":29,"damage_taken":0},{"event_name":"The Library","player_choice":"Heal","floor":31,"damage_taken":0},{"event_name":"Tomb of Lord Red Mask","player_choice":"Ignored","floor":36,"damage_taken":0},{"event_name":"Mysterious Sphere","player_choice":"Ignore","floor":37,"damage_taken":0},{"event_name":"Golden Shrine","player_choice":"Pray","floor":38,"damage_taken":0},{"event_name":"Winding Halls","player_choice":"Writhe","floor":45,"damage_taken":0}],"boss_relics":[{"not_picked":["Black Blood","Question Card"],"picked":"Philosopher\u0027s Stone"},{"not_picked":["Runic Pyramid","Snecko Eye"],"picked":"Cursed Key"}],"potions_floor_spawned":[1,3,11,13,21,33,35,40,48],"seed_played":"3670860265742688607","ascension_level":0,"is_trial":false}