{"gold_per_floor":[113,38,48,61,61,94,106,106,106,106,119,129,160,175,175,175],"floor_reached":16,"playtime":463,"items_purged":["Strike_B"],"score":114,"play_id":"6d2d8fc6-d726-4900-b0a5-a96996b449f8","local_time":"20190808083941","is_ascension_mode":false,"campfire_choices":[{"data":"Zap","floor":8,"key":"SMITH"},{"data":"Dualcast","floor":10,"key":"SMITH"},{"floor":15,"key":"REST"}],"neow_cost":"NONE","seed_source_timestamp":258949056620175,"circlet_count":0,"master_deck":["Strike_B","Strike_B","Strike_B","Defend_B","Defend_B","Defend_B","Defend_B","Zap+1","Dualcast+1","Gash","Gash"],"relics":["Cracked Core","NeowsBlessing","Question Card","Mummified Hand","Toxic Egg 2"],"potions_floor_usage":[6,11,13,16],"damage_taken":[{"damage":0,"enemies":"Small Slimes","floor":1,"turns":1},{"damage":0,"enemies":"2 Louse","floor":3,"turns":1},{"damage":0,"enemies":"Jaw Worm","floor":4,"turns":1},{"damage":33,"enemies":"Gremlin Nob","floor":6,"turns":4},{"damage":3,"enemies":"Red Slaver","floor":7,"turns":3},{"damage":6,"enemies":"Large Slime","floor":11,"turns":5},{"damage":5,"enemies":"Looter","floor":12,"turns":3},{"damage":16,"enemies":"Lagavulin","floor":13,"turns":6},{"damage":13,"enemies":"3 Louse","floor":14,"turns":3},{"damage":35,"enemies":"The Guardian","floor":16,"turns":7}],"seed_played":"-7431905644927067562","potions_obtained":[{"floor":4,"key":"SteroidPotion"},{"floor":6,"key":"SteroidPotion"},{"floor":7,"key":"Regen Potion"},{"floor":14,"key":"Strength Potion"}],"is_trial":false,"path_per_floor":["M","$","M","M","$","E","M","R","T","R","M","M","E","M","R","B"],"character_chosen":"DEFECT","items_purchased":[],"campfire_rested":1,"item_purchase_floors":[],"current_hp_per_floor":[75,75,75,75,75,42,39,39,39,39,47,42,26,13,35,0],"gold":175,"neow_bonus":"THREE_ENEMY_KILL","is_prod":false,"is_daily":false,"chose_seed":false,"campfire_upgraded":2,"win_rate":0,"timestamp":1565278781,"path_taken":["M","$","M","M","$","E","M","R","T","R","M","M","E","M","R","BOSS"],"build_version":"2019-07-17","purchased_purges":1,"victory":false,"max_hp_per_floor":[75,75,75,75,75,75,75,75,75,75,75,75,75,75,75,75],"card_choices":[{"not_picked":["Ball Lightning","Compile Driver"],"picked":"Gash","floor":1},{"not_picked":["Beam Cell","Ball Lightning","Double Energy"],"picked":"SKIP","floor":3},{"not_picked":["Steam","Recycle","Chaos"],"picked":"SKIP","floor":4},{"not_picked":["Force Field","Redo","Conserve Battery"],"picked":"SKIP","floor":6},{"not_picked":["Genetic Algorithm","Go for the Eyes","Sunder","Seek"],"picked":"SKIP","floor":7},{"not_picked":["Hologram","Double Energy","Beam Cell","Ball Lightning"],"picked":"SKIP","floor":11},{"not_picked":["Cold Snap","Turbo","Beam Cell","Conserve Battery"],"picked":"SKIP","floor":12},{"not_picked":["Cold Snap","Rainbow","Ball Lightning"],"picked":"Gash","floor":13},{"not_picked":["Barrage","Chaos+1","Compile Driver","Genetic Algorithm+1"],"picked":"SKIP","floor":14}],"player_experience":531098,"relics_obtained":[{"floor":6,"key":"Question Card"},{"floor":9,"key":"Mummified Hand"},{"floor":13,"key":"Toxic Egg 2"}],"event_choices":[],"is_beta":false,"boss_relics":[],"items_purged_floors":[2],"is_endless":false,"potions_floor_spawned":[4,6,7,14],"killed_by":"The Guardian","ascension_level":0}