{"gold_per_floor":[118,118,118,37,56,56,66,94,119,119,132,132,57,74,74,149,149,168,178,78,96,96,96,121,133,159,159,173,173,190,203,203,278,278,289,389,389,124,136,136,156,156,156,156,156,156,5,24,24,24],"floor_reached":51,"playtime":3685,"items_purged":["Strike_B","Strike_B"],"score":1080,"play_id":"4aa7c34a-b314-4629-bb05-3ac6e87913b8","local_time":"20190718173227","is_ascension_mode":true,"campfire_choices":[{"data":"Chaos","floor":6.0,"key":"SMITH"},{"data":"Barrage","floor":10.0,"key":"SMITH"},{"data":"Lockon","floor":12.0,"key":"SMITH"},{"data":"Reinforced Body","floor":15.0,"key":"SMITH"},{"floor":23.0,"key":"REST"},{"data":"Fusion","floor":27.0,"key":"SMITH"},{"floor":32.0,"key":"REST"},{"floor":40,"key":"REST"},{"floor":42,"key":"REST"},{"floor":46,"key":"REST"},{"floor":49,"key":"REST"}],"neow_cost":"NONE","seed_source_timestamp":0,"circlet_count":0,"master_deck":["AscendersBane","Strike_B","Strike_B","Defend_B","Defend_B","Defend_B","Defend_B","Zap","Dualcast","Barrage+1","Coolheaded","Chaos+1","Coolheaded","Capacitor","Reinforced Body+1","Lockon+1","Electrodynamics","Glacier","Fusion+1","Static Discharge+1","Multi-Cast","Glacier","Reboot","Consume","Capacitor"],"special_seed":0,"relics":["Cracked Core","Bag of Marbles","Ancient Tea Set","Boot","Runic Pyramid","Ornamental Fan","DataDisk","Mummified Hand","Fusion Hammer","Turnip","Bag of Preparation","Symbiotic Virus","Art of War"],"potions_floor_usage":[50],"damage_taken":[{"damage":0.0,"enemies":"Small Slimes","floor":1.0,"turns":3.0},{"damage":1.0,"enemies":"Cultist","floor":5.0,"turns":3.0},{"damage":3.0,"enemies":"Jaw Worm","floor":7.0,"turns":4.0},{"damage":2.0,"enemies":"Lagavulin","floor":8.0,"turns":7.0},{"damage":0.0,"enemies":"2 Fungi Beasts","floor":11.0,"turns":4.0},{"damage":1.0,"enemies":"Blue Slaver","floor":14.0,"turns":3.0},{"damage":32.0,"enemies":"Hexaghost","floor":16.0,"turns":5.0},{"damage":7.0,"enemies":"Chosen","floor":18.0,"turns":4.0},{"damage":18.0,"enemies":"3 Byrds","floor":19.0,"turns":2.0},{"damage":0.0,"enemies":"3 Cultists","floor":21.0,"turns":4.0},{"damage":7.0,"enemies":"Gremlin Leader","floor":24.0,"turns":6.0},{"damage":5.0,"enemies":"Snecko","floor":25.0,"turns":4.0},{"damage":9.0,"enemies":"Snake Plant","floor":28.0,"turns":4.0},{"damage":9.0,"enemies":"Chosen and Byrds","floor":30.0,"turns":7.0},{"damage":3.0,"enemies":"Cultist and Chosen","floor":31.0,"turns":6.0},{"damage":36.0,"enemies":"Automaton","floor":33.0,"turns":14.0},{"damage":0,"enemies":"3 Shapes","floor":35,"turns":7},{"damage":0,"enemies":"Mind Bloom Boss Battle","floor":36,"turns":10},{"damage":3,"enemies":"3 Darklings","floor":39,"turns":5},{"damage":0,"enemies":"Sphere and 2 Shapes","floor":41,"turns":7},{"damage":0,"enemies":"4 Shapes","floor":48,"turns":3},{"damage":73,"enemies":"Awakened One","floor":50,"turns":13}],"seed_played":"6495148780595463971","potions_obtained":[{"floor":1.0,"key":"Dexterity Potion"},{"floor":3.0,"key":"SpeedPotion"},{"floor":8.0,"key":"PowerPotion"},{"floor":18.0,"key":"AttackPotion"},{"floor":24.0,"key":"Swift Potion"},{"floor":25.0,"key":"SkillPotion"},{"floor":33.0,"key":"GamblersBrew"},{"floor":36,"key":"Regen Potion"}],"is_trial":false,"path_per_floor":["M","?","?","$","M","R","M","E","T","R","M","R","$","M","R","B",null,"M","M","$","M","?","R","E","M","T","R","M","T","M","M","R","B",null,"M","?","?","$","M","R","M","R","T","$","?","R","$","M","R","B",null],"character_chosen":"DEFECT","items_purchased":["Chaos","Consume","Capacitor","Bag of Preparation","Art of War"],"campfire_rested":6,"item_purchase_floors":[4,38,38,38,47],"current_hp_per_floor":[64,46,46,46,45,45,42,40,40,40,40,40,40,39,39,7,55,48,30,30,30,30,51,44,39,39,39,30,30,21,18,39,3,54,54,54,54,54,51,71,71,71,71,71,61,71,71,71,71,13],"gold":24,"neow_bonus":"THREE_CARDS","is_prod":false,"is_daily":false,"chose_seed":false,"campfire_upgraded":5,"win_rate":0,"timestamp":1563485547,"path_taken":["M","?","?","$","M","R","M","E","T","R","M","R","$","?","R","BOSS","M","M","$","M","?","R","E","M","T","R","M","?","M","M","R","BOSS","M","?","?","$","M","R","M","R","T","$","?","R","$","M","R","BOSS"],"build_version":"2019-07-17","purchased_purges":2,"victory":true,"max_hp_per_floor":[71,71,71,71,71,71,71,71,71,71,71,71,71,71,71,71,71,71,71,71,71,71,71,71,71,71,71,71,71,71,71,71,71,71,71,71,71,71,71,71,71,71,71,71,71,71,71,71,71,71],"card_choices":[{"not_picked":["Rebound","Turbo"],"picked":"Barrage","floor":0.0},{"not_picked":["Scrape","Go for the Eyes"],"picked":"Coolheaded","floor":1.0},{"not_picked":["Leap","Redo"],"picked":"Coolheaded","floor":5.0},{"not_picked":["Rebound","Conserve Battery"],"picked":"Capacitor","floor":7.0},{"not_picked":["Leap","Force Field"],"picked":"Reinforced Body","floor":8.0},{"not_picked":["Beam Cell","Aggregate"],"picked":"Lockon","floor":11.0},{"not_picked":["Rebound","Aggregate","Sunder"],"picked":"SKIP","floor":14.0},{"not_picked":["Core Surge","All For One"],"picked":"Electrodynamics","floor":16.0},{"not_picked":["Hologram","Turbo"],"picked":"Glacier","floor":18.0},{"not_picked":["Beam Cell+1","Streamline"],"picked":"Fusion","floor":19.0},{"not_picked":["Go for the Eyes","Steam Power"],"picked":"Static Discharge+1","floor":21.0},{"not_picked":["Leap","Ball Lightning"],"picked":"Multi-Cast","floor":24.0},{"not_picked":["Stack","Rebound","Turbo+1"],"picked":"SKIP","floor":25.0},{"not_picked":["Stack","Rebound","Turbo+1"],"picked":"SKIP","floor":25.0},{"not_picked":["Stack+1","Compile Driver","Conserve Battery"],"picked":"SKIP","floor":28.0},{"not_picked":["Streamline","Ball Lightning","Steam"],"picked":"SKIP","floor":30.0},{"not_picked":["White Noise","Fusion"],"picked":"Glacier","floor":31.0},{"not_picked":["Buffer","Seek"],"picked":"Reboot","floor":33.0},{"not_picked":["Chaos","Ball Lightning","Streamline"],"picked":"SKIP","floor":35},{"not_picked":["Conserve Battery+1","Redo","Recycle"],"picked":"SKIP","floor":39},{"not_picked":["Sweeping Beam","Go for the Eyes","Conserve Battery"],"picked":"SKIP","floor":41},{"not_picked":["Glacier+1","Turbo","Aggregate"],"picked":"SKIP","floor":48}],"player_experience":886050,"relics_obtained":[{"floor":8.0,"key":"Ancient Tea Set"},{"floor":9.0,"key":"Boot"},{"floor":24.0,"key":"Ornamental Fan"},{"floor":26.0,"key":"DataDisk"},{"floor":29.0,"key":"Mummified Hand"},{"floor":36,"key":"Turnip"},{"floor":43,"key":"Symbiotic Virus"}],"event_choices":[{"damage_healed":0.0,"max_hp_gain":0.0,"max_hp_loss":0.0,"gold_gain":0.0,"event_name":"Scrap Ooze","player_choice":"Success","floor":2.0,"gold_loss":0.0,"damage_taken":18.0,"relics_obtained":["Bag of Marbles"]},{"damage_healed":0.0,"max_hp_gain":0.0,"max_hp_loss":0.0,"gold_gain":0.0,"event_name":"Lab","player_choice":"Got Potions","floor":3.0,"gold_loss":0.0,"damage_taken":0.0},{"damage_healed":0.0,"max_hp_gain":0.0,"max_hp_loss":0.0,"gold_gain":0.0,"event_name":"Ghosts","player_choice":"Ignored","floor":22.0,"gold_loss":0.0,"damage_taken":0.0},{"damage_healed":0,"gold_gain":0,"player_choice":"Fight","damage_taken":0,"max_hp_gain":0,"max_hp_loss":0,"event_name":"MindBloom","floor":36,"gold_loss":0},{"damage_healed":0,"gold_gain":0,"player_choice":"Ignored","damage_taken":0,"max_hp_gain":0,"max_hp_loss":0,"event_name":"Tomb of Lord Red Mask","floor":37,"gold_loss":0},{"damage_healed":0,"gold_gain":0,"player_choice":"Memory 3","damage_taken":10,"max_hp_gain":0,"max_hp_loss":0,"event_name":"SensoryStone","floor":45,"gold_loss":0}],"is_beta":false,"boss_relics":[{"not_picked":["Eternal Feather","Calling Bell"],"picked":"Runic Pyramid"},{"not_picked":["Astrolabe","Sozu"],"picked":"Fusion Hammer"}],"items_purged_floors":[13,20],"is_endless":false,"potions_floor_spawned":[1,8,18,19,24,25,33,36,48],"ascension_level":15}