{"gold_per_floor":[112,112,112,112,187,218,218,218,218,218,229,4,4,23,23,127,127,137,137,166,166,166,166,183,183,236,236,12,23,38,38,38,133,133,144,144,144,144,164,164,232,249,249,13,13,13,13,30,30,30],"floor_reached":51,"playtime":4251,"items_purged":[],"score":662,"play_id":"30995fff-66fa-48d1-bc2e-df263d0a3d04","local_time":"20190811165556","is_ascension_mode":false,"campfire_choices":[{"floor":7,"key":"REST"},{"floor":15,"key":"REST"},{"floor":23,"key":"REST"},{"data":"Mind Blast","floor":25,"key":"SMITH"},{"floor":27,"key":"REST"},{"floor":32,"key":"REST"},{"floor":40,"key":"REST"},{"floor":45,"key":"REST"},{"data":"Corpse Explosion","floor":49,"key":"SMITH"}],"neow_cost":"NONE","seed_source_timestamp":2498399105501300,"circlet_count":0,"master_deck":["Strike_G+1","Strike_G","Strike_G+1","Defend_G","Defend_G","Defend_G","Defend_G","Defend_G","Survivor+1","Neutralize","Caltrops","Bane+1","Parasite","Dagger Spray","Leg Sweep","Poisoned Stab","Calculated Gamble","Corpse Explosion+1","Shame","Writhe","Injury","Deadly Poison+1","Catalyst+1","Bane","Neutralize","Mind Blast+1","Unload","Trip","All Out Attack","Apotheosis","Well Laid Plans","Flying Knee+1","Terror","Noxious Fumes+1","Envenom","Predator+1","Acrobatics","Choke+1","Poisoned Stab","Sucker Punch+1","Apotheosis","Sucker Punch","PiercingWail","Flechettes+1","Dagger Spray+1"],"relics":["Ring of the Snake","Juzu Bracelet","Meat on the Bone","Dodecahedron","Orichalcum","Whetstone","FaceOfCleric","Calling Bell","Lantern","Matryoshka","The Specimen","Red Mask","Tiny Chest","Dream Catcher","MutagenicStrength","Sozu","PreservedInsect","Paper Crane","Pear","MawBank","Frozen Egg 2"],"potions_floor_usage":[6,6,6,16,24,30,33,35],"damage_taken":[{"damage":5,"enemies":"Small Slimes","floor":1,"turns":5},{"damage":42,"enemies":"Gremlin Nob","floor":6,"turns":6},{"damage":4,"enemies":"Cultist","floor":11,"turns":3},{"damage":0,"enemies":"2 Louse","floor":14,"turns":2},{"damage":49,"enemies":"Hexaghost","floor":16,"turns":14},{"damage":37,"enemies":"Shell Parasite","floor":18,"turns":14},{"damage":19,"enemies":"Masked Bandits","floor":20,"turns":3},{"damage":1,"enemies":"Chosen","floor":24,"turns":3},{"damage":13,"enemies":"Centurion and Healer","floor":29,"turns":6},{"damage":27,"enemies":"Shelled Parasite and Fungi","floor":30,"turns":5},{"damage":44,"enemies":"Collector","floor":33,"turns":8},{"damage":20,"enemies":"3 Darklings","floor":35,"turns":4},{"damage":7,"enemies":"Orb Walker","floor":39,"turns":3},{"damage":25,"enemies":"4 Shapes","floor":42,"turns":4},{"damage":0,"enemies":"Jaw Worm Horde","floor":48,"turns":2},{"damage":77,"enemies":"Time Eater","floor":50,"turns":12}],"seed_played":"-2696541822933396523","potions_obtained":[{"floor":1,"key":"Weak Potion"},{"floor":2,"key":"SkillPotion"},{"floor":2,"key":"Swift Potion"},{"floor":2,"key":"Energy Potion"},{"floor":6,"key":"Explosive Potion"},{"floor":16,"key":"Ancient Potion"},{"floor":29,"key":"Regen Potion"},{"floor":30,"key":"Regen Potion"},{"floor":33,"key":"Fire Potion"}],"is_trial":false,"path_per_floor":["M","?","?","T","?","E","R","?","T","?","M","$","?","M","R","B",null,"M","?","?","?","?","R","M","R","T","R","$","M","M","?","R","B",null,"M","?","?","T","M","R","T","M","T","$","R","T","?","M","R","B",null],"character_chosen":"THE_SILENT","items_purchased":["Whetstone","Leg Sweep","Poisoned Stab","Apotheosis","Well Laid Plans","Apotheosis","Sucker Punch","PiercingWail"],"campfire_rested":7,"item_purchase_floors":[12,12,12,28,28,44,44,44],"current_hp_per_floor":[65,65,65,65,54,24,45,31,31,48,44,44,44,45,66,30,72,48,72,54,54,40,62,62,62,62,75,75,63,51,51,74,40,78,59,59,59,59,53,77,87,63,63,63,90,90,91,92,92,28],"gold":30,"neow_bonus":"RANDOM_COMMON_RELIC","is_prod":false,"is_daily":false,"chose_seed":false,"campfire_upgraded":2,"win_rate":0.0,"timestamp":1565567756,"path_taken":["M","?","?","?","?","E","R","?","T","?","M","?","?","M","R","BOSS","M","?","?","?","?","R","M","R","T","R","?","M","M","?","R","BOSS","M","?","?","?","M","R","?","M","T","$","R","?","?","M","R","BOSS"],"build_version":"2019-07-17","purchased_purges":0,"victory":true,"max_hp_per_floor":[70,70,70,70,70,70,70,70,70,70,70,70,70,71,71,72,72,73,73,74,74,74,74,75,75,75,75,75,76,77,77,77,78,78,79,79,79,79,80,80,90,91,91,91,91,91,91,92,92,93],"card_choices":[{"not_picked":["Bane","Leg Sweep"],"picked":"Caltrops","floor":1},{"not_picked":["Eviscerate","Caltrops"],"picked":"Bane","floor":6},{"not_picked":["Deflect","Flechettes"],"picked":"Dagger Spray","floor":11},{"not_picked":["Dodge and Roll","Riddle With Holes"],"picked":"Calculated Gamble","floor":14},{"not_picked":["Envenom","Doppelganger"],"picked":"Corpse Explosion","floor":16},{"not_picked":["Poisoned Stab","Slice"],"picked":"Deadly Poison+1","floor":18},{"not_picked":["Skewer","Tactician"],"picked":"Catalyst+1","floor":20},{"not_picked":["Poisoned Stab","Bane"],"picked":"All Out Attack","floor":24},{"not_picked":["Escape Plan","Underhanded Strike"],"picked":"Expertise+1","floor":27},{"not_picked":["Reflex","Outmaneuver"],"picked":"Flying Knee+1","floor":29},{"not_picked":["Slice","Footwork"],"picked":"Terror","floor":30},{"not_picked":["Skewer","Dagger Spray"],"picked":"Noxious Fumes+1","floor":32},{"not_picked":["Burst","A Thousand Cuts"],"picked":"Envenom","floor":33},{"not_picked":["Blade Dance+1","Deflect"],"picked":"Predator+1","floor":35},{"not_picked":["Noxious Fumes","Flechettes+1"],"picked":"Choke+1","floor":39},{"not_picked":["Skewer","Riddle With Holes"],"picked":"Poisoned Stab","floor":40},{"not_picked":["Dagger Throw","Skewer"],"picked":"Sucker Punch+1","floor":42},{"not_picked":["Escape Plan+1","Quick Slash"],"picked":"Flechettes+1","floor":45},{"not_picked":["Escape Plan","Acrobatics"],"picked":"Dagger Spray+1","floor":48}],"player_experience":34868,"relics_obtained":[{"floor":4,"key":"Meat on the Bone"},{"floor":6,"key":"Dodecahedron"},{"floor":9,"key":"Orichalcum"},{"floor":17,"key":"Lantern"},{"floor":17,"key":"Matryoshka"},{"floor":17,"key":"The Specimen"},{"floor":20,"key":"Red Mask"},{"floor":26,"key":"Tiny Chest"},{"floor":26,"key":"Dream Catcher"},{"floor":38,"key":"PreservedInsect"},{"floor":38,"key":"Paper Crane"},{"floor":41,"key":"Pear"},{"floor":43,"key":"MawBank"},{"floor":46,"key":"Frozen Egg 2"}],"event_choices":[{"damage_healed":0,"gold_gain":0,"player_choice":"Got Potions","damage_taken":0,"max_hp_gain":0,"max_hp_loss":0,"event_name":"Lab","floor":2,"gold_loss":0},{"cards_removed":["Strike_G"],"damage_healed":0,"gold_gain":0,"player_choice":"Purged","damage_taken":0,"max_hp_gain":0,"max_hp_loss":0,"event_name":"Purifier","floor":3,"gold_loss":0},{"damage_healed":0,"gold_gain":75,"player_choice":"Gather Gold","damage_taken":11,"max_hp_gain":0,"max_hp_loss":0,"event_name":"World of Goop","floor":5,"gold_loss":0},{"damage_healed":0,"gold_gain":0,"player_choice":"Entered Light","damage_taken":14,"max_hp_gain":0,"max_hp_loss":0,"event_name":"Shining Light","floor":8,"gold_loss":0,"cards_upgraded":["Survivor","Bane"]},{"damage_healed":17,"gold_gain":0,"player_choice":"Healed and dodged fight","damage_taken":0,"max_hp_gain":0,"max_hp_loss":0,"event_name":"Mushrooms","floor":10,"gold_loss":0,"cards_obtained":["Parasite"]},{"damage_healed":0,"gold_gain":0,"player_choice":"Trade","damage_taken":0,"relics_obtained":["FaceOfCleric"],"max_hp_gain":0,"max_hp_loss":0,"event_name":"FaceTrader","floor":13,"gold_loss":0},{"damage_healed":24,"gold_gain":0,"player_choice":"Heal","damage_taken":0,"max_hp_gain":0,"max_hp_loss":0,"event_name":"The Library","floor":19,"gold_loss":0},{"damage_healed":0,"gold_gain":0,"player_choice":"Fought Bandits","damage_taken":0,"max_hp_gain":0,"max_hp_loss":0,"event_name":"Masked Bandits","floor":20,"gold_loss":0},{"damage_healed":0,"gold_gain":0,"player_choice":"4 cards matched","damage_taken":0,"max_hp_gain":0,"max_hp_loss":0,"event_name":"Match and Keep!","floor":21,"gold_loss":0,"cards_obtained":["Bane","Neutralize","Mind Blast","Unload"]},{"damage_healed":0,"gold_gain":0,"player_choice":"CARD ","damage_taken":14,"max_hp_gain":0,"max_hp_loss":0,"event_name":"Knowing Skull","floor":22,"potions_obtained":[],"gold_loss":0,"cards_obtained":["Trip"]},{"damage_healed":0,"gold_gain":0,"player_choice":"Inject Mutagens","damage_taken":0,"relics_obtained":["MutagenicStrength"],"max_hp_gain":0,"max_hp_loss":0,"event_name":"Drug Dealer","floor":31,"gold_loss":0},{"damage_healed":0,"gold_gain":0,"cards_transformed":["Strike_G"],"player_choice":"Transformed","damage_taken":0,"max_hp_gain":0,"max_hp_loss":0,"event_name":"Transmorgrifier","floor":36,"gold_loss":0,"cards_obtained":["Acrobatics"]},{"damage_healed":0,"gold_gain":0,"player_choice":"Ignored","damage_taken":0,"max_hp_gain":0,"max_hp_loss":0,"event_name":"Mysterious Sphere","floor":37,"gold_loss":0},{"cards_removed":["Expertise"],"damage_healed":1,"gold_gain":0,"player_choice":"Offered Uncommon","damage_taken":0,"max_hp_gain":0,"max_hp_loss":0,"event_name":"Bonfire Elementals","floor":47,"gold_loss":0}],"is_beta":false,"boss_relics":[{"not_picked":["Busted Crown","Black Star"],"picked":"Calling Bell"},{"not_picked":["Orrery","Coffee Dripper"],"picked":"Sozu"}],"items_purged_floors":[],"is_endless":false,"potions_floor_spawned":[1,6,16,29,30,33,35],"ascension_level":0}