{"path_per_floor":["M","?","?","?","M","E","M","R","T","$","?","M","M","?","R","B",null,"M","?","?","?","$","R","M","R","T","?","E","M","M","E","R","B",null,"M","M","?","M","$","R","M","R","T","R","T","R","M","?","R","B"],"character_chosen":"IRONCLAD","items_purchased":["Metallicize","Reaper","Ghostly Armor","Offering"],"gold_per_floor":[214,214,164,164,182,212,229,229,229,79,79,98,118,118,118,247,247,266,266,266,266,14,14,25,25,52,52,82,92,110,135,135,232,232,251,264,264,280,121,121,132,132,158,158,158,158,174,174,174,174],"floor_reached":51,"campfire_rested":2,"playtime":17173,"current_hp_per_floor":[71,55,55,80,80,60,54,54,54,54,47,52,50,50,72,61,71,44,44,28,28,28,28,27,49,54,54,22,50,46,45,45,35,53,59,43,43,48,48,48,34,34,39,39,39,39,46,39,39,19],"items_purged":["Strike_R","Defend_R"],"gold":174,"score":628,"play_id":"5ed0df75-162a-478f-8426-6e2e38ce1919","is_prod":false,"is_daily":false,"is_ascension_mode":true,"campfire_upgraded":8,"path_taken":["M","?","?","?","M","E","M","R","T","?","?","M","M","?","R","BOSS","M","?","?","?","$","R","M","R","T","?","E","M","M","E","R","BOSS","M","M","?","M","$","R","M","R","T","R","?","R","M","?","R","BOSS"],"build_version":"2018-02-08-PROD1","purchased_purges":2,"victory":true,"master_deck":["Strike_R","Defend_R","Defend_R","Defend_R","Bash+1","Metallicize+1","Cleave+1","Metallicize+1","Heavy Blade","Brutality+1","Ghostly Armor+1","Reaper","Ghostly Armor+1","Ghostly Armor+1","True Grit+1","Rampage+1","Metallicize+1","Offering","Headbutt+1","Madness+1","Madness"],"max_hp_per_floor":[80,80,80,80,80,80,80,80,80,80,80,80,80,74,74,74,74,74,74,74,74,74,74,74,74,74,74,74,74,74,74,74,74,59,59,59,59,59,59,59,59,59,59,59,59,59,59,59,59,59],"relics":["Burning Blood","Happy Flower","Juzu Bracelet","Bloody Idol","Velvet Choker","Nilry\u0027s Codex","Regal Pillow","Pantograph","Calipers","Runic Cube","Anchor","Unceasing Top"],"card_choices":[{"not_picked":["Blood for Blood","Intimidate"],"picked":"Metallicize"},{"not_picked":["Warcry","Rampage"],"picked":"Cleave"},{"not_picked":["Rage","Sentinel"],"picked":"Heavy Blade"},{"not_picked":["Juggernaut","Exhume"],"picked":"Brutality"},{"not_picked":["Sword Boomerang","Heavy Blade"],"picked":"Ghostly Armor"},{"not_picked":["Pummel","Searing Blow"],"picked":"Ghostly Armor"},{"not_picked":["Iron Wave","Havoc"],"picked":"True Grit"},{"not_picked":["Disarm","Clothesline"],"picked":"Rampage"},{"not_picked":["Iron Wave","Evolve"],"picked":"Metallicize"},{"not_picked":["Anger","Clash"],"picked":"Headbutt"}],"player_experience":212259,"potions_floor_usage":[50],"damage_taken":[{"damage":7.0,"enemies":"2 Louse","floor":1.0,"turns":3.0},{"damage":0.0,"enemies":"Cultist","floor":5.0,"turns":3.0},{"damage":26.0,"enemies":"Gremlin Nob","floor":6.0,"turns":4.0},{"damage":12.0,"enemies":"Jaw Worm","floor":7.0,"turns":3.0},{"damage":1.0,"enemies":"Large Slime","floor":12.0,"turns":5.0},{"damage":17.0,"enemies":"Exordium Thugs","floor":13.0,"turns":4.0},{"damage":17.0,"enemies":"The Guardian","floor":16.0,"turns":12.0},{"damage":33.0,"enemies":"2 Thieves","floor":18.0,"turns":4.0},{"damage":12.0,"enemies":"Spheric Guardian","floor":24.0,"turns":7.0},{"damage":55.0,"enemies":"Slavers","floor":28.0,"turns":11.0},{"damage":10.0,"enemies":"3 Cultists","floor":29.0,"turns":6.0},{"damage":23.0,"enemies":"Centurion and Healer","floor":30.0,"turns":10.0},{"damage":30.0,"enemies":"Gremlin Leader","floor":31.0,"turns":10.0},{"damage":52.0,"enemies":"Collector","floor":33.0,"turns":13.0},{"damage":12.0,"enemies":"3 Shapes","floor":35.0,"turns":8.0},{"damage":35.0,"enemies":"3 Darklings","floor":36.0,"turns":8.0},{"damage":21,"enemies":"4 Shapes","floor":38,"turns":8},{"damage":31,"enemies":"Maw","floor":41,"turns":10},{"damage":12,"enemies":"Sphere and 2 Shapes","floor":47,"turns":9},{"damage":46,"enemies":"Donu and Deca","floor":50,"turns":12}],"event_choices":[{"event_name":"Shining Light","player_choice":"Entered Light","floor":2.0,"damage_taken":0.0},{"event_name":"The Cleric","player_choice":"Card Removal","floor":3.0,"damage_taken":0.0},{"event_name":"Wheel of Change","player_choice":"Full Heal","floor":4.0,"damage_taken":0.0},{"event_name":"Golden Wing","player_choice":"Card Removal","floor":11.0,"damage_taken":0.0},{"event_name":"Golden Idol","player_choice":"Lose Max HP","floor":14.0,"damage_taken":0.0},{"event_name":"Forgotten Altar","player_choice":"Gave Idol","floor":19.0,"damage_taken":0.0},{"event_name":"Cursed Tome","player_choice":"Obtained Book","floor":20.0,"damage_taken":0.0},{"event_name":"The Lab","player_choice":"Got Potions","floor":21.0,"damage_taken":0.0},{"event_name":"The Mausoleum","player_choice":"No","floor":27.0,"damage_taken":0.0},{"event_name":"Winding Halls","player_choice":"Embrace Madness","floor":48,"damage_taken":0}],"boss_relics":[],"potions_floor_spawned":[1,6,7,12,18,28,29,36],"seed_played":"-7389825540196579686","ascension_level":6,"is_trial":false}