{"gold_per_floor":[111,128,147,147,147,147,191,191,237,249,280,64,64,64,64,154,154,173,173,173,187,202,202,222,222,247,267,267,267,110,124,124,196,196,214,214,224,40,40,40,51,66,66,66,86,86,97,197,197,197,197],"floor_reached":52,"playtime":3992,"items_purged":["Headbutt","Bash","Carnage"],"score":1629,"play_id":"af78cc94-fb2a-4bfd-8719-cf7c6cdb93d6","local_time":"20190102200034","is_ascension_mode":true,"campfire_choices":[{"data":"Dark Embrace","floor":6.0,"key":"SMITH"},{"data":"Spot Weakness","floor":8.0,"key":"SMITH"},{"data":"Pummel","floor":10.0,"key":"SMITH"},{"data":"Trip","floor":13.0,"key":"SMITH"},{"data":"Dual Wield","floor":15.0,"key":"SMITH"},{"floor":23.0,"key":"REST"},{"floor":25.0,"key":"REST"},{"data":"Bludgeon","floor":29.0,"key":"SMITH"},{"data":"Double Tap","floor":32.0,"key":"SMITH"},{"data":"Shrug It Off","floor":40.0,"key":"SMITH"},{"data":"Shrug It Off","floor":44.0,"key":"SMITH"},{"data":"Shrug It Off","floor":46.0,"key":"SMITH"},{"floor":49.0,"key":"REST"}],"neow_cost":"NONE","seed_source_timestamp":0,"circlet_count":0,"master_deck":["AscendersBane","Bludgeon+1","Dark Embrace+1","Spot Weakness+1","Pummel+1","Double Tap+1","Dual Wield+1","Feed","Whirlwind+1","Shrug It Off+1","Trip+1","Reaper","True Grit+1","Shrug It Off+1","Pummel+1","Shrug It Off+1","Shrug It Off","Shrug It Off","Shrug It Off"],"special_seed":0,"relics":["Pandora\u0027s Box","Bloody Idol","Happy Flower","MawBank","Philosopher\u0027s Stone","Art of War","MutagenicStrength","Orrery","Dodecahedron","Calipers"],"potions_floor_usage":[],"damage_taken":[{"damage":6.0,"enemies":"Cultist","floor":1.0,"turns":3.0},{"damage":0.0,"enemies":"Small Slimes","floor":2.0,"turns":2.0},{"damage":12.0,"enemies":"Jaw Worm","floor":3.0,"turns":2.0},{"damage":20.0,"enemies":"3 Sentries","floor":7.0,"turns":4.0},{"damage":0.0,"enemies":"Lots of Slimes","floor":11.0,"turns":1.0},{"damage":36.0,"enemies":"The Guardian","floor":16.0,"turns":8.0},{"damage":40.0,"enemies":"3 Byrds","floor":18.0,"turns":4.0},{"damage":14.0,"enemies":"Colosseum Slavers","floor":20.0,"turns":2.0},{"damage":0.0,"enemies":"Chosen","floor":21.0,"turns":3.0},{"damage":27.0,"enemies":"Snake Plant","floor":22.0,"turns":2.0},{"damage":26.0,"enemies":"Sentry and Sphere","floor":24.0,"turns":4.0},{"damage":0.0,"enemies":"Cultist and Chosen","floor":27.0,"turns":3.0},{"damage":3.0,"enemies":"Snake Plant","floor":31.0,"turns":3.0},{"damage":52.0,"enemies":"Champ","floor":33.0,"turns":7.0},{"damage":9.0,"enemies":"Orb Walker","floor":35.0,"turns":3.0},{"damage":27.0,"enemies":"3 Shapes","floor":37.0,"turns":4.0},{"damage":2.0,"enemies":"Sphere and 2 Shapes","floor":41.0,"turns":5.0},{"damage":10.0,"enemies":"Transient","floor":42.0,"turns":6.0},{"damage":25.0,"enemies":"Jaw Worm Horde","floor":45.0,"turns":2.0},{"damage":20.0,"enemies":"Spire Growth","floor":47.0,"turns":6.0},{"damage":3.0,"enemies":"Mind Bloom Boss Battle","floor":48.0,"turns":5.0},{"damage":52.0,"enemies":"Donu and Deca","floor":50.0,"turns":11.0},{"damage":96,"enemies":"Awakened One","floor":51,"turns":11}],"seed_played":"-1786742553547582975","potions_obtained":[{"floor":1.0,"key":"Strength Potion"},{"floor":3.0,"key":"Block Potion"},{"floor":22.0,"key":"Fire Potion"},{"floor":24.0,"key":"Explosive Potion"},{"floor":27.0,"key":"Block Potion"},{"floor":31.0,"key":"Block Potion"},{"floor":35.0,"key":"Explosive Potion"},{"floor":37.0,"key":"Block Potion"},{"floor":41.0,"key":"Block Potion"},{"floor":47.0,"key":"FairyPotion"},{"floor":48.0,"key":"Block Potion"}],"is_trial":false,"path_per_floor":["M","M","M","?","?","R","E","R","T","R","M","$","R","?","R","B",null,"M","?","?","M","M","R","M","R","T","M","?","R","$","M","R","B",null,"M","?","M","$","?","R","M","M","T","R","M","R","M","?","R","B","B",null],"character_chosen":"IRONCLAD","items_purchased":["Shrug It Off","Trip","Dexterity Potion","Shrug It Off"],"campfire_rested":3,"item_purchase_floors":[12,12,30,38],"current_hp_per_floor":[65,65,53,53,53,53,36,36,36,36,36,36,36,60,60,24,62,45,45,31,44,22,45,27,51,56,61,61,61,61,63,63,36,69,65,65,50,50,50,50,56,51,51,51,64,64,49,51,76,24,2],"gold":197,"neow_bonus":"BOSS_RELIC","is_prod":false,"is_daily":false,"chose_seed":false,"campfire_upgraded":10,"win_rate":0,"timestamp":1546477234,"path_taken":["M","M","M","?","?","R","E","R","T","R","M","$","R","?","R","BOSS","M","?","?","M","?","R","?","R","T","M","?","R","$","M","R","BOSS","M","?","M","$","?","R","?","M","T","R","M","R","?","?","R","BOSS","BOSS"],"build_version":"2018-12-20","purchased_purges":3,"victory":true,"max_hp_per_floor":[78,78,78,71,71,71,74,74,74,74,74,74,74,74,74,74,74,77,77,77,77,77,77,80,80,80,80,80,80,80,80,80,80,80,80,80,83,83,83,83,86,86,86,86,86,86,86,86,86,86,89],"card_choices":[{"not_picked":["Infernal Blade","Twin Strike"],"picked":"Whirlwind","floor":1.0},{"not_picked":["Flex","Entrench","Burning Pact"],"picked":"SKIP","floor":2.0},{"not_picked":["Perfected Strike","Warcry","Hemokinesis"],"picked":"SKIP","floor":3.0},{"not_picked":["Perfected Strike","Searing Blow","Bludgeon"],"picked":"SKIP","floor":7.0},{"not_picked":["Sword Boomerang","Disarm","Twin Strike"],"picked":"SKIP","floor":11.0},{"not_picked":["Demon Form","Bludgeon"],"picked":"Reaper","floor":16.0},{"not_picked":["Thunderclap","Havoc+1"],"picked":"True Grit+1","floor":18.0},{"not_picked":["Power Through","Pommel Strike","Wild Strike"],"picked":"SKIP","floor":21.0},{"not_picked":["Clothesline","Anger","True Grit"],"picked":"SKIP","floor":22.0},{"not_picked":["Carnage","Searing Blow","Burning Pact"],"picked":"SKIP","floor":24.0},{"not_picked":["Second Wind","Perfected Strike+1","Havoc+1"],"picked":"SKIP","floor":27.0},{"not_picked":["Havoc","Impervious","Anger"],"picked":"SKIP","floor":31.0},{"not_picked":["Iron Wave","Armaments"],"picked":"Shrug It Off","floor":34.0},{"not_picked":["Body Slam","Iron Wave"],"picked":"Pummel+1","floor":34.0},{"not_picked":["Battle Trance","Headbutt"],"picked":"Shrug It Off","floor":34.0},{"not_picked":["Clash","Flex"],"picked":"Shrug It Off","floor":34.0},{"not_picked":["Carnage+1","Perfected Strike"],"picked":"Shrug It Off","floor":35.0},{"not_picked":["Infernal Blade","Rage+1","Flex"],"picked":"SKIP","floor":37.0},{"not_picked":["Heavy Blade","Perfected Strike","Burning Pact+1"],"picked":"SKIP","floor":41.0},{"not_picked":["Headbutt","Twin Strike","Reaper"],"picked":"SKIP","floor":42.0},{"not_picked":["Twin Strike","Warcry","Sever Soul"],"picked":"SKIP","floor":45.0},{"not_picked":["Power Through","True Grit","Clash+1"],"picked":"SKIP","floor":47.0}],"player_experience":660816,"relics_obtained":[{"floor":7.0,"key":"Happy Flower"},{"floor":9.0,"key":"MawBank"},{"floor":26.0,"key":"Art of War"},{"floor":43.0,"key":"Dodecahedron"},{"floor":48.0,"key":"Calipers"}],"event_choices":[{"damage_healed":0.0,"max_hp_gain":0.0,"max_hp_loss":7.0,"gold_gain":0.0,"event_name":"Golden Idol","player_choice":"Lose Max HP","floor":4.0,"gold_loss":0.0,"damage_taken":0.0,"relics_obtained":["Golden Idol"]},{"damage_healed":0.0,"max_hp_gain":0.0,"max_hp_loss":0.0,"gold_gain":0.0,"event_name":"Liars Game","player_choice":"Ignored","floor":5.0,"gold_loss":0.0,"damage_taken":0.0},{"damage_healed":24.0,"max_hp_gain":0.0,"max_hp_loss":0.0,"gold_gain":0.0,"event_name":"Big Fish","player_choice":"Banana","floor":14.0,"gold_loss":0.0,"damage_taken":0.0},{"damage_healed":0.0,"max_hp_gain":0.0,"max_hp_loss":0.0,"gold_gain":0.0,"event_name":"Forgotten Altar","player_choice":"Gave Idol","floor":19.0,"relics_lost":["Golden Idol"],"gold_loss":0.0,"damage_taken":0.0,"relics_obtained":["Bloody Idol"]},{"damage_healed":0.0,"max_hp_gain":0.0,"max_hp_loss":0.0,"gold_gain":0.0,"event_name":"Colosseum","player_choice":"Fight","floor":20.0,"gold_loss":0.0,"damage_taken":0.0},{"damage_healed":0.0,"max_hp_gain":0.0,"max_hp_loss":0.0,"gold_gain":0.0,"event_name":"Colosseum","player_choice":"Fled From Nobs","floor":20.0,"gold_loss":0.0,"damage_taken":0.0},{"damage_healed":0.0,"max_hp_gain":0.0,"max_hp_loss":0.0,"gold_gain":0.0,"event_name":"Drug Dealer","player_choice":"Inject Mutagens","floor":28.0,"gold_loss":0.0,"damage_taken":0.0,"relics_obtained":["MutagenicStrength"]},{"damage_healed":0.0,"max_hp_gain":0.0,"max_hp_loss":0.0,"gold_gain":0.0,"event_name":"SensoryStone","player_choice":"Memory 1","floor":36.0,"gold_loss":0.0,"damage_taken":0.0},{"damage_healed":0.0,"max_hp_gain":0.0,"max_hp_loss":0.0,"gold_gain":0.0,"event_name":"Accursed Blacksmith","player_choice":"Forge","floor":39.0,"gold_loss":0.0,"damage_taken":0.0,"cards_upgraded":["Whirlwind"]},{"damage_healed":0.0,"max_hp_gain":0.0,"max_hp_loss":0.0,"gold_gain":0.0,"event_name":"MindBloom","player_choice":"Fight","floor":48.0,"gold_loss":0.0,"damage_taken":0.0}],"is_beta":false,"boss_relics":[{"not_picked":["Calling Bell","Runic Dome"],"picked":"Philosopher\u0027s Stone"},{"not_picked":["Lizard Tail","Black Star"],"picked":"Orrery"}],"items_purged_floors":[12,30,38],"is_endless":false,"potions_floor_spawned":[1,3,22,24,27,31,35,37,41,47,48],"ascension_level":20}