{"gold_per_floor":[116,216,228,50,50,50,61,61,86,103,122,161,161,161,161,261,261,275,190,290,290,310,340,355,355,381,381,381,393,318,318,318,423,423,441,476,138,238,248,248,248],"floor_reached":41,"playtime":2849,"items_purged":["Writhe","Writhe"],"score":401,"play_id":"e6f5d192-9765-4022-9c94-fc481b2caedd","local_time":"20190301225812","is_ascension_mode":false,"campfire_choices":[{"data":"Magnetism","floor":6,"key":"SMITH"},{"data":"Clothesline","floor":8,"key":"SMITH"},{"data":"Rupture","floor":13,"key":"SMITH"},{"data":"Clothesline","floor":15,"key":"SMITH"},{"floor":25,"key":"REST"},{"data":"Ghostly Armor","floor":27,"key":"SMITH"},{"floor":32,"key":"REST"},{"floor":40,"key":"REST"}],"neow_cost":"NONE","seed_source_timestamp":68809585023824,"circlet_count":0,"master_deck":["Strike_R+1","Strike_R+1","Strike_R+1","Strike_R+1","Strike_R+1","Defend_R+1","Defend_R+1","Defend_R+1","Defend_R+1","Bash","Clothesline+1","Twin Strike","Magnetism+1","Clothesline+1","Ghostly Armor+1","Rupture+1","Twin Strike","Immolate","Thunderclap+1","Heavy Blade+1","Armaments+1","Metallicize+1","Battle Trance","Brutality","Regret","Parasite","Evolve","Shrug It Off","Bloodletting","Rupture"],"relics":["Philosopher\u0027s Stone","Centennial Puzzle","Unceasing Top","Sozu","Champion Belt","Thread and Needle","Self Forming Clay","Dodecahedron","Pen Nib","Question Card","Calling Bell","Bag of Marbles","Darkstone Periapt","Calipers","Vajra","Pocketwatch"],"potions_floor_usage":[20],"damage_taken":[{"damage":0,"enemies":"2 Louse","floor":1,"turns":3},{"damage":0,"enemies":"Cultist","floor":3,"turns":2},{"damage":9,"enemies":"Small Slimes","floor":7,"turns":4},{"damage":12,"enemies":"Exordium Wildlife","floor":10,"turns":3},{"damage":1,"enemies":"Blue Slaver","floor":11,"turns":4},{"damage":0,"enemies":"Large Slime","floor":12,"turns":5},{"damage":48,"enemies":"Slime Boss","floor":16,"turns":13},{"damage":0,"enemies":"Chosen","floor":18,"turns":3},{"damage":23,"enemies":"Colosseum Slavers","floor":20,"turns":2},{"damage":3,"enemies":"Colosseum Nobs","floor":20,"turns":4},{"damage":6,"enemies":"Shell Parasite","floor":22,"turns":3},{"damage":22,"enemies":"Book of Stabbing","floor":23,"turns":6},{"damage":0,"enemies":"Centurion and Healer","floor":24,"turns":4},{"damage":7,"enemies":"Sentry and Sphere","floor":29,"turns":4},{"damage":55,"enemies":"Collector","floor":33,"turns":10},{"damage":2,"enemies":"Orb Walker","floor":35,"turns":3},{"damage":11,"enemies":"3 Shapes","floor":36,"turns":5},{"damage":21,"enemies":"Mind Bloom Boss Battle","floor":38,"turns":5},{"damage":18,"enemies":"Sphere and 2 Shapes","floor":39,"turns":3},{"damage":54,"enemies":"Reptomancer","floor":41,"turns":5}],"seed_played":"376089700936604606","potions_obtained":[{"floor":3,"key":"Weak Potion"},{"floor":5,"key":"SteroidPotion"},{"floor":11,"key":"PowerPotion"}],"is_trial":false,"path_per_floor":["M","?","M","$","?","R","M","R","T","M","M","M","R","T","R","B",null,"M","?","?","?","M","E","M","R","T","R","?","M","$","?","R","B",null,"M","M","$","?","M","R","E"],"character_chosen":"IRONCLAD","items_purchased":["Magnetism","Bloodletting","Vajra"],"campfire_rested":3,"item_purchase_floors":[4,37,37],"current_hp_per_floor":[80,80,80,80,80,80,71,71,71,59,58,58,58,58,58,10,80,80,80,54,54,48,26,26,50,50,50,50,43,43,43,67,12,80,78,67,67,46,28,52,0],"gold":248,"neow_bonus":"BOSS_RELIC","is_prod":false,"is_daily":false,"chose_seed":false,"campfire_upgraded":5,"win_rate":0.0,"timestamp":1551509892,"path_taken":["M","?","?","$","?","R","M","R","T","?","M","M","R","?","R","BOSS","M","?","?","?","M","E","M","R","T","R","?","?","?","?","R","BOSS","M","M","$","?","M","R","E"],"build_version":"2019-01-23","purchased_purges":2,"victory":false,"max_hp_per_floor":[80,80,80,80,80,80,80,80,80,80,80,80,80,80,80,80,80,80,80,80,80,80,80,80,80,80,80,80,80,80,80,80,80,80,80,80,80,80,80,80,80],"card_choices":[{"not_picked":["Warcry","Seeing Red"],"picked":"Clothesline","floor":1},{"not_picked":["Warcry","True Grit"],"picked":"Twin Strike","floor":3},{"not_picked":["Clash","Bloodletting"],"picked":"Clothesline","floor":7},{"not_picked":["Armaments","Whirlwind"],"picked":"Ghostly Armor","floor":10},{"not_picked":["Perfected Strike","Impervious"],"picked":"Rupture","floor":11},{"not_picked":["Thunderclap","Clothesline"],"picked":"Twin Strike","floor":12},{"not_picked":["Bludgeon","Limit Break"],"picked":"Immolate","floor":16},{"not_picked":["True Grit","Warcry"],"picked":"Thunderclap+1","floor":18},{"not_picked":["Clash","Anger"],"picked":"Heavy Blade+1","floor":20},{"not_picked":["Blood for Blood","Burning Pact","Heavy Blade"],"picked":"SKIP","floor":22},{"not_picked":["Reckless Charge+1","Offering"],"picked":"Armaments+1","floor":23},{"not_picked":["Perfected Strike","True Grit"],"picked":"Metallicize+1","floor":24},{"not_picked":["Entrench","Shrug It Off","True Grit"],"picked":"Battle Trance","floor":29},{"not_picked":["Bludgeon","Double Tap","Reaper"],"picked":"Brutality","floor":33},{"not_picked":["Cleave+1","Pommel Strike","Clash+1"],"picked":"Evolve","floor":35},{"not_picked":["Iron Wave","Clash","Evolve"],"picked":"Shrug It Off","floor":36},{"not_picked":["Warcry+1","Ghostly Armor","Headbutt"],"picked":"Rupture","floor":38},{"not_picked":["Anger+1","Hemokinesis+1","Warcry+1","Wild Strike"],"picked":"SKIP","floor":39}],"player_experience":18592,"relics_obtained":[{"floor":9,"key":"Centennial Puzzle"},{"floor":14,"key":"Unceasing Top"},{"floor":20,"key":"Thread and Needle"},{"floor":20,"key":"Self Forming Clay"},{"floor":23,"key":"Dodecahedron"},{"floor":26,"key":"Pen Nib"},{"floor":34,"key":"Bag of Marbles"},{"floor":34,"key":"Darkstone Periapt"},{"floor":34,"key":"Calipers"},{"floor":38,"key":"Pocketwatch"}],"event_choices":[{"damage_healed":0,"gold_gain":100,"player_choice":"Pray","damage_taken":0,"max_hp_gain":0,"max_hp_loss":0,"event_name":"Golden Shrine","floor":2,"gold_loss":0},{"damage_healed":0,"gold_gain":0,"player_choice":"Got Potions","damage_taken":0,"max_hp_gain":0,"max_hp_loss":0,"event_name":"Lab","floor":5,"gold_loss":0},{"damage_healed":0,"gold_gain":0,"player_choice":"Obtained Relic","damage_taken":0,"relics_obtained":["Champion Belt"],"max_hp_gain":0,"max_hp_loss":0,"event_name":"Addict","floor":19,"gold_loss":85},{"damage_healed":0,"gold_gain":0,"player_choice":"Fight","damage_taken":0,"max_hp_gain":0,"max_hp_loss":0,"event_name":"Colosseum","floor":20,"gold_loss":0},{"damage_healed":0,"gold_gain":0,"player_choice":"Fought Nobs","damage_taken":0,"max_hp_gain":0,"max_hp_loss":0,"event_name":"Colosseum","floor":20,"gold_loss":0},{"damage_healed":0,"gold_gain":0,"player_choice":"Simplicity","damage_taken":0,"max_hp_gain":0,"max_hp_loss":0,"event_name":"Back to Basics","floor":21,"gold_loss":0,"cards_upgraded":["Strike_R","Strike_R","Strike_R","Strike_R","Strike_R","Defend_R","Defend_R","Defend_R","Defend_R"]},{"damage_healed":0,"gold_gain":0,"player_choice":"Opened","damage_taken":0,"relics_obtained":["Question Card"],"max_hp_gain":0,"max_hp_loss":0,"event_name":"The Mausoleum","floor":28,"gold_loss":0,"cards_obtained":["Writhe"]},{"damage_healed":0,"gold_gain":0,"player_choice":"Ignored","damage_taken":0,"max_hp_gain":0,"max_hp_loss":0,"event_name":"Ghosts","floor":31,"gold_loss":0},{"damage_healed":0,"gold_gain":0,"player_choice":"Fight","damage_taken":0,"max_hp_gain":0,"max_hp_loss":0,"event_name":"MindBloom","floor":38,"gold_loss":0}],"is_beta":false,"boss_relics":[{"not_picked":["Black Star","Astrolabe"],"picked":"Sozu"},{"not_picked":["Orrery","Mark of Pain"],"picked":"Calling Bell"}],"items_purged_floors":[30,37],"is_endless":false,"potions_floor_spawned":[3,11,12,20,23,24,35],"killed_by":"Reptomancer","ascension_level":0}