{"gold_per_floor":[116,135,152,152,217,252,271,289,289,339,350,369,369,385,385,385],"floor_reached":16,"playtime":1195,"items_purged":[],"score":135,"play_id":"af704009-73a1-4229-971d-2bc9e13e7d3f","local_time":"20190813214627","is_ascension_mode":true,"campfire_choices":[{"floor":13,"key":"REST"},{"data":"Echo Form","floor":15,"key":"SMITH"}],"neow_cost":"NONE","seed_source_timestamp":164243638877800,"circlet_count":0,"master_deck":["Strike_B","Strike_B","Strike_B","Strike_B","Defend_B","Defend_B","Defend_B","Defend_B","Zap","Dualcast","Sweeping Beam","Ball Lightning","Streamline","Lockon","All For One","Go for the Eyes","Self Repair","Loop","Skim","Echo Form+1"],"relics":["Cracked Core","SsserpentHead","Peace Pipe","Smiling Mask"],"potions_floor_usage":[5,8,16],"damage_taken":[{"damage":0,"enemies":"Cultist","floor":1,"turns":3},{"damage":4,"enemies":"Small Slimes","floor":2,"turns":4},{"damage":2,"enemies":"2 Louse","floor":3,"turns":2},{"damage":18,"enemies":"Large Slime","floor":5,"turns":4},{"damage":35,"enemies":"3 Sentries","floor":6,"turns":6},{"damage":7,"enemies":"3 Louse","floor":7,"turns":2},{"damage":0,"enemies":"Red Slaver","floor":8,"turns":3},{"damage":0,"enemies":"Exordium Thugs","floor":11,"turns":3},{"damage":0,"enemies":"3 Louse","floor":12,"turns":2},{"damage":10,"enemies":"Red Slaver","floor":14,"turns":3},{"damage":47,"enemies":"Hexaghost","floor":16,"turns":7}],"seed_played":"-9116203835284561187","potions_obtained":[{"floor":2,"key":"Energy Potion"},{"floor":7,"key":"Block Potion"},{"floor":8,"key":"Poison Potion"}],"is_trial":false,"path_per_floor":["M","M","M","?","M","E","M","M","T","?","M","M","R","M","R","B"],"character_chosen":"DEFECT","items_purchased":[],"campfire_rested":1,"item_purchase_floors":[],"current_hp_per_floor":[82,78,76,76,58,23,16,16,16,16,23,23,47,44,44,0],"gold":385,"neow_bonus":"TEN_PERCENT_HP_BONUS","is_prod":false,"is_daily":false,"chose_seed":false,"campfire_upgraded":1,"win_rate":0,"timestamp":1565721987,"path_taken":["M","M","M","?","?","E","M","M","T","?","M","M","R","M","R","BOSS"],"build_version":"2019-07-17","purchased_purges":0,"victory":false,"max_hp_per_floor":[82,82,82,82,82,82,82,82,82,82,82,82,82,82,82,82],"card_choices":[{"not_picked":["Conserve Battery","Redo"],"picked":"Sweeping Beam","floor":1},{"not_picked":["BootSequence","Sunder"],"picked":"Ball Lightning","floor":2},{"not_picked":["Hologram","Coolheaded"],"picked":"Streamline","floor":3},{"not_picked":["Double Energy","Steam Power"],"picked":"Lockon","floor":5},{"not_picked":["Defragment","Scrape"],"picked":"All For One","floor":6},{"not_picked":["Turbo","Coolheaded"],"picked":"Go for the Eyes","floor":7},{"not_picked":["Conserve Battery","Storm"],"picked":"Self Repair","floor":8},{"not_picked":["Ball Lightning","Streamline"],"picked":"Loop","floor":11},{"not_picked":["Conserve Battery","Redo"],"picked":"Skim","floor":12},{"not_picked":["White Noise","Gash"],"picked":"Echo Form","floor":14}],"player_experience":196405,"relics_obtained":[{"floor":6,"key":"Peace Pipe"},{"floor":9,"key":"Smiling Mask"}],"event_choices":[{"damage_healed":0,"gold_gain":0,"player_choice":"Trade","damage_taken":0,"relics_obtained":["SsserpentHead"],"max_hp_gain":0,"max_hp_loss":0,"event_name":"FaceTrader","floor":4,"gold_loss":0},{"damage_healed":0,"gold_gain":0,"player_choice":"Ignored","damage_taken":0,"max_hp_gain":0,"max_hp_loss":0,"event_name":"Shining Light","floor":10,"gold_loss":0}],"is_beta":false,"boss_relics":[],"items_purged_floors":[],"is_endless":false,"potions_floor_spawned":[2,7,8],"killed_by":"Hexaghost","ascension_level":5}