{"gold_per_floor":[118,129,54,69,88,114,87,162,162,62,62,91,91,91,91,187,187,200,220,95,95,95],"floor_reached":22,"playtime":1174,"items_purged":["Strike_B","Defend_B","Strike_B"],"score":184,"play_id":"8d92f0ef-1c70-4a9b-8d0d-5a2cf7ff73c3","local_time":"20190806222941","is_ascension_mode":false,"campfire_choices":[{"floor":11,"key":"REST"},{"floor":15,"key":"REST"}],"neow_cost":"NONE","seed_source_timestamp":135235319921549,"circlet_count":0,"master_deck":["Strike_B","Strike_B","Defend_B","Defend_B","Zap","Dualcast","Leap","Gash"],"relics":["Cracked Core","PreservedInsect","Juzu Bracelet","StoneCalendar","Odd Mushroom","Cursed Key"],"potions_floor_usage":[6,7,7,19,19],"damage_taken":[{"damage":1,"enemies":"Cultist","floor":1,"turns":3},{"damage":0,"enemies":"2 Louse","floor":2,"turns":2},{"damage":2,"enemies":"Small Slimes","floor":4,"turns":4},{"damage":27,"enemies":"Exordium Wildlife","floor":5,"turns":6},{"damage":14,"enemies":"Gremlin Nob","floor":6,"turns":3},{"damage":2,"enemies":"Exordium Thugs","floor":7,"turns":5},{"damage":36,"enemies":"The Mushroom Lair","floor":12,"turns":5},{"damage":35,"enemies":"The Guardian","floor":16,"turns":11},{"damage":20,"enemies":"Spheric Guardian","floor":18,"turns":4},{"damage":26,"enemies":"2 Thieves","floor":19,"turns":4},{"damage":32,"enemies":"Chosen and Byrds","floor":22,"turns":5}],"seed_played":"-4995026696395891544","potions_obtained":[{"floor":4,"key":"FearPotion"},{"floor":5,"key":"SpeedPotion"},{"floor":6,"key":"Block Potion"},{"floor":16,"key":"PowerPotion"},{"floor":18,"key":"SteroidPotion"}],"is_trial":false,"path_per_floor":["M","M","$","M","M","E","M","?","T","$","R","?","?","?","R","B",null,"M","M","$","?","M"],"character_chosen":"DEFECT","items_purchased":[],"campfire_rested":2,"item_purchase_floors":[],"current_hp_per_floor":[74,74,74,72,45,31,29,18,18,18,40,4,29,22,44,9,75,55,29,29,29,0],"gold":95,"neow_bonus":"RANDOM_COMMON_RELIC","is_prod":false,"is_daily":false,"chose_seed":false,"campfire_upgraded":0,"win_rate":0,"timestamp":1565155781,"path_taken":["M","M","$","M","M","E","M","?","T","$","R","?","?","?","R","BOSS","M","M","$","?","M"],"build_version":"2019-07-17","purchased_purges":3,"victory":false,"max_hp_per_floor":[75,75,75,75,75,75,75,75,75,75,75,75,75,75,75,75,75,75,75,75,75,75],"card_choices":[{"not_picked":["Turbo","Skim"],"picked":"Leap","floor":1},{"not_picked":["Beam Cell","Stack"],"picked":"Gash","floor":2},{"not_picked":["Reprogram","Hologram","Steam Power"],"picked":"SKIP","floor":4},{"not_picked":["Sweeping Beam","Creative AI","Leap"],"picked":"SKIP","floor":5},{"not_picked":["Barrage","Cold Snap","Auto Shields"],"picked":"SKIP","floor":6},{"not_picked":["Hello World","Conserve Battery","Chaos"],"picked":"SKIP","floor":7},{"not_picked":["Leap","Loop+1","White Noise"],"picked":"SKIP","floor":18},{"not_picked":["Streamline","Rebound","Heatsinks"],"picked":"SKIP","floor":19}],"player_experience":496197,"relics_obtained":[{"floor":6,"key":"Juzu Bracelet"},{"floor":9,"key":"StoneCalendar"},{"floor":12,"key":"Odd Mushroom"}],"event_choices":[{"damage_healed":0,"gold_gain":75,"player_choice":"Gather Gold","damage_taken":11,"max_hp_gain":0,"max_hp_loss":0,"event_name":"World of Goop","floor":8,"gold_loss":0},{"damage_healed":0,"gold_gain":0,"player_choice":"Fought Mushrooms","damage_taken":0,"max_hp_gain":0,"max_hp_loss":0,"event_name":"Mushrooms","floor":12,"gold_loss":0},{"damage_healed":25,"gold_gain":0,"player_choice":"Banana","damage_taken":0,"max_hp_gain":0,"max_hp_loss":0,"event_name":"Big Fish","floor":13,"gold_loss":0},{"cards_removed":["Defend_B"],"damage_healed":0,"gold_gain":0,"player_choice":"Card Removal","damage_taken":7,"max_hp_gain":0,"max_hp_loss":0,"event_name":"Golden Wing","floor":14,"gold_loss":0},{"damage_healed":0,"gold_gain":0,"player_choice":"Ignored","damage_taken":0,"max_hp_gain":0,"max_hp_loss":0,"event_name":"Vampires","floor":21,"gold_loss":0}],"is_beta":false,"boss_relics":[{"not_picked":["Snecko Eye","Inserter"],"picked":"Cursed Key"}],"items_purged_floors":[3,10,20],"is_endless":false,"potions_floor_spawned":[4,5,6,16,18],"killed_by":"Chosen and Byrds","ascension_level":0}