{"gold_per_floor":[115,129,139,155,155,155,80,80,126,126,126,138,168,168,168,268,268,281,281,59,75,91,120,132,132,157,157,35,51,84,104,104,207,207,230,242,52,71,91,91,102,102,102,3,23,52,67,67,67,67],"floor_reached":50,"playtime":5622,"items_purged":["Strike_G","Tools of the Trade","Eviscerate","Pain","Parasite"],"score":753,"play_id":"201efce9-7bdb-4ef8-a483-df6b1a31ec56","local_time":"20190810120417","is_ascension_mode":true,"campfire_choices":[{"data":"Neutralize","floor":6,"key":"SMITH"},{"data":"Dagger Throw","floor":8,"key":"SMITH"},{"data":"Quick Slash","floor":10,"key":"SMITH"},{"floor":15,"key":"REST"},{"floor":25,"key":"REST"},{"floor":32,"key":"REST"},{"floor":40,"key":"REST"},{"floor":42,"key":"REST"},{"floor":49,"key":"REST"}],"neow_cost":"NONE","seed_source_timestamp":390285541133432,"circlet_count":0,"master_deck":["Survivor+1","Neutralize+1","Backflip","Dagger Throw+1","Quick Slash+1","Terror","Die Die Die","Venomology","Deadly Poison","Well Laid Plans","Heel Hook+1","Thinking Ahead","Prepared","Deadly Poison","Heel Hook","Reflex","Blur","Corpse Explosion","Clumsy","Parasite","Calculated Gamble","Expertise","Glass Knife","Dramatic Entrance"],"relics":["Ring of the Snake","Anchor","Smiling Mask","Pandora\u0027s Box","Singing Bowl","PreservedInsect","Peace Pipe","Calling Bell","MawBank","Darkstone Periapt","Unceasing Top","Regal Pillow","Kunai","Bottled Tornado"],"potions_floor_usage":[4,4,16,22,23,24,24,24,24,29,29,30,33,33,33,33,35,38,39,39,41,45,45,46,46,47,47,50,50],"damage_taken":[{"damage":0,"enemies":"2 Louse","floor":1,"turns":5},{"damage":0,"enemies":"Jaw Worm","floor":2,"turns":5},{"damage":0,"enemies":"Cultist","floor":3,"turns":4},{"damage":1,"enemies":"3 Louse","floor":4,"turns":4},{"damage":0,"enemies":"Exordium Wildlife","floor":12,"turns":3},{"damage":5,"enemies":"3 Sentries","floor":13,"turns":8},{"damage":45,"enemies":"Slime Boss","floor":16,"turns":17},{"damage":25,"enemies":"3 Byrds","floor":18,"turns":6},{"damage":0,"enemies":"Chosen","floor":21,"turns":3},{"damage":7,"enemies":"Snake Plant","floor":22,"turns":4},{"damage":32,"enemies":"Book of Stabbing","floor":23,"turns":5},{"damage":0,"enemies":"Snecko","floor":24,"turns":4},{"damage":23,"enemies":"Cultist and Chosen","floor":29,"turns":6},{"damage":0,"enemies":"Gremlin Leader","floor":30,"turns":3},{"damage":5,"enemies":"Snake Plant","floor":31,"turns":4},{"damage":49,"enemies":"Automaton","floor":33,"turns":8},{"damage":12,"enemies":"Orb Walker","floor":35,"turns":4},{"damage":42,"enemies":"3 Darklings","floor":38,"turns":4},{"damage":50,"enemies":"Spire Growth","floor":39,"turns":5},{"damage":25,"enemies":"Writhing Mass","floor":41,"turns":8},{"damage":26,"enemies":"Transient","floor":45,"turns":5},{"damage":50,"enemies":"Nemesis","floor":46,"turns":7},{"damage":12,"enemies":"3 Darklings","floor":47,"turns":2},{"damage":61,"enemies":"Awakened One","floor":50,"turns":6}],"seed_played":"-5819394884930173487","potions_obtained":[{"floor":1,"key":"Swift Potion"},{"floor":3,"key":"FearPotion"},{"floor":16,"key":"Fruit Juice"},{"floor":22,"key":"SpeedPotion"},{"floor":23,"key":"Block Potion"},{"floor":29,"key":"Strength Potion"},{"floor":31,"key":"EssenceOfSteel"},{"floor":33,"key":"GamblersBrew"},{"floor":39,"key":"EssenceOfSteel"},{"floor":45,"key":"GhostInAJar"},{"floor":46,"key":"LiquidBronze"}],"is_trial":false,"path_per_floor":["M","M","M","M","?","R","$","R","T","R","?","M","E","?","R","B",null,"M","?","$","M","M","E","M","R","T","?","$","M","E","M","R","B",null,"M","?","$","M","M","R","M","R","T","$","M","E","M","?","R","B"],"character_chosen":"THE_SILENT","items_purchased":["Thinking Ahead","Regen Potion","Regal Pillow","SkillPotion"],"campfire_rested":6,"item_purchase_floors":[20,28,37,44],"current_hp_per_floor":[70,70,70,69,54,54,54,54,54,54,54,54,49,42,65,25,68,43,43,43,43,36,4,6,31,31,31,31,48,50,47,73,24,72,62,62,62,22,14,57,38,83,83,83,59,24,12,12,56,0],"gold":67,"neow_bonus":"TEN_PERCENT_HP_BONUS","is_prod":false,"is_daily":false,"chose_seed":false,"campfire_upgraded":3,"win_rate":0,"timestamp":1565463857,"path_taken":["M","M","M","M","?","R","?","R","T","R","?","?","E","?","R","BOSS","M","?","$","?","M","E","M","R","T","?","$","M","E","M","R","BOSS","M","?","$","M","M","R","M","R","T","$","M","E","M","?","R","BOSS"],"build_version":"2019-07-17","purchased_purges":5,"victory":false,"max_hp_per_floor":[77,77,77,77,77,77,77,77,77,77,77,77,77,77,77,82,82,82,82,82,82,82,82,84,84,84,84,84,84,86,88,88,88,88,90,90,90,92,94,94,100,100,100,97,99,99,99,99,99,99],"card_choices":[{"not_picked":["Expertise","Bane"],"picked":"Backflip","floor":1},{"not_picked":["Acrobatics","Sucker Punch"],"picked":"Dagger Throw","floor":2},{"not_picked":["Flying Knee","Dagger Throw"],"picked":"Quick Slash","floor":3},{"not_picked":["Dagger Throw","Eviscerate","Cloak And Dagger"],"picked":"SKIP","floor":4},{"not_picked":["Eviscerate","PiercingWail","Skewer"],"picked":"SKIP","floor":12},{"not_picked":["Backflip","Predator"],"picked":"Terror","floor":13},{"not_picked":["Venomology","Storm of Steel"],"picked":"Die Die Die","floor":16},{"not_picked":["Dagger Throw+1","Dodge and Roll"],"picked":"Heel Hook+1","floor":18},{"not_picked":["Poisoned Stab","Finisher+1"],"picked":"Prepared","floor":21},{"not_picked":["Prepared","Backflip"],"picked":"Deadly Poison","floor":22},{"not_picked":["Endless Agony","Underhanded Strike"],"picked":"Heel Hook","floor":23},{"not_picked":["Footwork","Poisoned Stab+1","Sucker Punch"],"picked":"Singing Bowl","floor":24},{"not_picked":["Skewer","Bane"],"picked":"Blur","floor":29},{"not_picked":["Eviscerate","Blur","Endless Agony"],"picked":"Singing Bowl","floor":30},{"not_picked":["Masterful Stab","Bane","Flying Knee+1"],"picked":"Singing Bowl","floor":31},{"not_picked":["Envenom","Tools of the Trade"],"picked":"Corpse Explosion","floor":33},{"not_picked":["Dagger Spray+1","Eviscerate","Underhanded Strike+1"],"picked":"Singing Bowl","floor":35},{"not_picked":["Slice+1","Caltrops+1","Crippling Poison"],"picked":"Singing Bowl","floor":38},{"not_picked":["Cloak And Dagger+1","Accuracy","Setup+1"],"picked":"Singing Bowl","floor":39},{"not_picked":["Cloak And Dagger","Backflip"],"picked":"Calculated Gamble","floor":41},{"not_picked":["Flechettes","Bane+1","Deadly Poison+1"],"picked":"Singing Bowl","floor":45},{"not_picked":["Predator","Caltrops"],"picked":"Expertise","floor":46},{"not_picked":["Acrobatics","Dagger Throw+1"],"picked":"Glass Knife","floor":47},{"not_picked":["Panacea","Enlightenment"],"picked":"Dramatic Entrance","floor":48}],"player_experience":266100,"relics_obtained":[{"floor":9,"key":"Anchor"},{"floor":13,"key":"Smiling Mask"},{"floor":23,"key":"Singing Bowl"},{"floor":26,"key":"PreservedInsect"},{"floor":30,"key":"Peace Pipe"},{"floor":34,"key":"MawBank"},{"floor":34,"key":"Darkstone Periapt"},{"floor":34,"key":"Unceasing Top"},{"floor":43,"key":"Kunai"},{"floor":46,"key":"Bottled Tornado"}],"event_choices":[{"damage_healed":0,"gold_gain":0,"player_choice":"Entered Light","damage_taken":15,"max_hp_gain":0,"max_hp_loss":0,"event_name":"Shining Light","floor":5,"gold_loss":0,"cards_upgraded":["Survivor","Defend_G"]},{"cards_removed":["Defend_G"],"damage_healed":0,"gold_gain":0,"player_choice":"Purged","damage_taken":0,"max_hp_gain":0,"max_hp_loss":0,"event_name":"Purifier","floor":11,"gold_loss":0},{"cards_removed":["Strike_G"],"damage_healed":0,"gold_gain":0,"player_choice":"Card Removal","damage_taken":7,"max_hp_gain":0,"max_hp_loss":0,"event_name":"Golden Wing","floor":14,"gold_loss":0},{"cards_removed":["Tools of the Trade"],"damage_healed":0,"gold_gain":0,"player_choice":"Purged","damage_taken":0,"max_hp_gain":0,"max_hp_loss":0,"event_name":"Purifier","floor":19,"gold_loss":0},{"damage_healed":0,"gold_gain":0,"cards_transformed":["Choke","Setup"],"player_choice":"Became Test Subject","damage_taken":0,"max_hp_gain":0,"max_hp_loss":0,"event_name":"Drug Dealer","floor":27,"gold_loss":0,"cards_obtained":["Reflex","Eviscerate"]},{"damage_healed":0,"gold_gain":0,"player_choice":"Ignored","damage_taken":0,"max_hp_gain":0,"max_hp_loss":0,"event_name":"Tomb of Lord Red Mask","floor":36,"gold_loss":0},{"damage_healed":0,"gold_gain":0,"player_choice":"Memory 1","damage_taken":0,"max_hp_gain":0,"max_hp_loss":0,"event_name":"SensoryStone","floor":48,"gold_loss":0}],"is_beta":false,"boss_relics":[{"not_picked":["Ectoplasm","Fusion Hammer"],"picked":"Pandora\u0027s Box"},{"not_picked":["Empty Cage","WristBlade"],"picked":"Calling Bell"}],"items_purged_floors":[7,20,28,37,44],"is_endless":false,"potions_floor_spawned":[1,3,16,22,23,29,31,33,39,45,46],"killed_by":"Awakened One","ascension_level":7}