{"gold_per_floor":[363,381,394,469,480,513,613,633,688,706,726,726,742,760,760,858,858,870,883,883],"floor_reached":20,"playtime":2402,"items_purged":[],"score":182,"play_id":"a505d9cf-8609-4caf-90ce-daffe23af37c","local_time":"20190814214525","is_ascension_mode":false,"campfire_choices":[{"floor":12,"key":"REST"},{"floor":15,"key":"REST"}],"neow_cost":"TEN_PERCENT_HP_LOSS","seed_source_timestamp":273072595644400,"circlet_count":0,"master_deck":["Strike_G","Strike_G","Strike_G","Strike_G","Strike_G","Defend_G","Defend_G","Defend_G","Defend_G","Defend_G","Survivor","Neutralize","Endless Agony","Poisoned Stab","Bouncing Flask","Outmaneuver","Outmaneuver","Poisoned Stab","A Thousand Cuts","Deadly Poison"],"relics":["Ring of the Snake","Gremlin Horn","Bag of Preparation","Cursed Key"],"potions_floor_usage":[6,11,13,16],"damage_taken":[{"damage":0,"enemies":"Small Slimes","floor":1,"turns":4},{"damage":0,"enemies":"2 Louse","floor":2,"turns":3},{"damage":0,"enemies":"Cultist","floor":3,"turns":3},{"damage":5,"enemies":"Looter","floor":5,"turns":4},{"damage":31,"enemies":"3 Sentries","floor":6,"turns":9},{"damage":5,"enemies":"2 Fungi Beasts","floor":8,"turns":4},{"damage":0,"enemies":"Gremlin Gang","floor":10,"turns":6},{"damage":0,"enemies":"3 Louse","floor":11,"turns":4},{"damage":1,"enemies":"Exordium Wildlife","floor":13,"turns":3},{"damage":0,"enemies":"2 Fungi Beasts","floor":14,"turns":3},{"damage":50,"enemies":"The Guardian","floor":16,"turns":10},{"damage":19,"enemies":"Chosen","floor":18,"turns":8},{"damage":20,"enemies":"Shell Parasite","floor":19,"turns":7},{"damage":26,"enemies":"Masked Bandits","floor":20,"turns":2}],"seed_played":"2811696992144803388","potions_obtained":[{"floor":1,"key":"FairyPotion"},{"floor":3,"key":"SteroidPotion"},{"floor":5,"key":"Strength Potion"},{"floor":8,"key":"Block Potion"},{"floor":11,"key":"Energy Potion"}],"is_trial":false,"path_per_floor":["M","M","M","?","M","E","?","M","T","M","M","R","M","M","R","B",null,"M","M","?"],"character_chosen":"THE_SILENT","items_purchased":[],"campfire_rested":2,"item_purchase_floors":[],"current_hp_per_floor":[63,63,63,52,47,16,16,11,11,11,11,29,28,28,46,6,63,44,24,0],"gold":883,"neow_bonus":"TWO_FIFTY_GOLD","is_prod":false,"is_daily":false,"chose_seed":false,"campfire_upgraded":0,"win_rate":0.0,"timestamp":1565833525,"path_taken":["M","M","M","?","M","E","?","M","T","M","M","R","M","M","R","BOSS","M","M","?"],"build_version":"2019-07-17","purchased_purges":0,"victory":false,"max_hp_per_floor":[63,63,63,63,63,63,63,63,63,63,63,63,63,63,63,63,63,63,63,63],"card_choices":[{"not_picked":["Blade Dance","Prepared"],"picked":"Endless Agony","floor":1},{"not_picked":["Infinite Blades","Crippling Poison"],"picked":"Poisoned Stab","floor":2},{"not_picked":["Underhanded Strike","Deflect"],"picked":"Bouncing Flask","floor":3},{"not_picked":["All Out Attack","Bane","Flying Knee"],"picked":"SKIP","floor":5},{"not_picked":["Poisoned Stab","Crippling Poison"],"picked":"Outmaneuver","floor":6},{"not_picked":["Sucker Punch","Tactician","Deflect"],"picked":"SKIP","floor":8},{"not_picked":["Dodge and Roll","Infinite Blades","Choke"],"picked":"SKIP","floor":10},{"not_picked":["Predator","Dagger Throw"],"picked":"Outmaneuver","floor":11},{"not_picked":["Bane","PiercingWail"],"picked":"Poisoned Stab","floor":13},{"not_picked":["Bane","Dodge and Roll","Unload"],"picked":"SKIP","floor":14},{"not_picked":["Phantasmal Killer","Malaise"],"picked":"A Thousand Cuts","floor":16},{"not_picked":["Flying Knee+1","Sucker Punch+1"],"picked":"Deadly Poison","floor":18},{"not_picked":["Quick Slash","Flying Knee+1","Acrobatics"],"picked":"SKIP","floor":19}],"player_experience":48028,"relics_obtained":[{"floor":6,"key":"Gremlin Horn"},{"floor":9,"key":"Bag of Preparation"}],"event_choices":[{"damage_healed":0,"gold_gain":75,"player_choice":"Gather Gold","damage_taken":11,"max_hp_gain":0,"max_hp_loss":0,"event_name":"World of Goop","floor":4,"gold_loss":0},{"damage_healed":0,"gold_gain":100,"player_choice":"Pray","damage_taken":0,"max_hp_gain":0,"max_hp_loss":0,"event_name":"Golden Shrine","floor":7,"gold_loss":0},{"damage_healed":0,"gold_gain":0,"player_choice":"Fought Bandits","damage_taken":0,"max_hp_gain":0,"max_hp_loss":0,"event_name":"Masked Bandits","floor":20,"gold_loss":0}],"is_beta":false,"boss_relics":[{"not_picked":["Runic Pyramid","Velvet Choker"],"picked":"Cursed Key"}],"items_purged_floors":[],"is_endless":false,"potions_floor_spawned":[1,3,5,8,11],"killed_by":"Masked Bandits","ascension_level":0}