{"gold_per_floor":[114,114,4,15,27,27,53,53,79,79,91,111,111,123,123,219,219,237,255,274,274,285,285,111,140,140,140,140],"floor_reached":28,"playtime":1771,"items_purged":["Strike_B","Strike_B+1"],"score":288,"play_id":"8ab65fa8-6028-4976-a651-7df9a2ca990e","local_time":"20190705151955","is_ascension_mode":true,"campfire_choices":[{"data":"Fusion","floor":6,"key":"SMITH"},{"data":"Dualcast","floor":10,"key":"SMITH"},{"data":"Electrodynamics","floor":13,"key":"SMITH"},{"data":"Reboot","floor":15,"key":"SMITH"},{"floor":23,"key":"REST"},{"floor":27,"key":"REST"}],"neow_cost":"NONE","seed_source_timestamp":201187363786058,"circlet_count":0,"master_deck":["Strike_B+1","Defend_B+1","Defend_B","Defend_B+1","Zap+1","Dualcast+1","Reboot+1","Fusion+1","Self Repair","Coolheaded","Compile Driver","Self Repair","Electrodynamics+1","Doom and Gloom","Gash","Rainbow","Genetic Algorithm+1","Capacitor","Static Discharge","Gash","Defragment","Cold Snap"],"relics":["Cracked Core","Whetstone","War Paint","Empty Cage","Centennial Puzzle","Ornamental Fan"],"potions_floor_usage":[5,19,20,28,28],"damage_taken":[{"damage":11,"enemies":"Small Slimes","floor":1,"turns":3},{"damage":0,"enemies":"Cultist","floor":4,"turns":4},{"damage":1,"enemies":"2 Louse","floor":5,"turns":4},{"damage":15,"enemies":"Lagavulin","floor":7,"turns":9},{"damage":8,"enemies":"Large Slime","floor":11,"turns":6},{"damage":7,"enemies":"3 Louse","floor":12,"turns":3},{"damage":3,"enemies":"Looter","floor":14,"turns":2},{"damage":2,"enemies":"Slime Boss","floor":16,"turns":5},{"damage":23,"enemies":"Shell Parasite","floor":18,"turns":4},{"damage":1,"enemies":"Spheric Guardian","floor":19,"turns":3},{"damage":24,"enemies":"Snake Plant","floor":20,"turns":4},{"damage":40,"enemies":"Snecko","floor":22,"turns":5},{"damage":34,"enemies":"Slavers","floor":25,"turns":3},{"damage":42,"enemies":"Book of Stabbing","floor":28,"turns":5}],"seed_played":"3329805030106795548","potions_obtained":[{"floor":1,"key":"SpeedPotion"},{"floor":2,"key":"Ancient Potion"},{"floor":2,"key":"Block Potion"},{"floor":2,"key":"SkillPotion"},{"floor":11,"key":"FairyPotion"},{"floor":16,"key":"Strength Potion"},{"floor":25,"key":"Explosive Potion"}],"is_trial":false,"path_per_floor":["M","?","$","M","M","R","E","?","T","R","M","M","R","M","R","B",null,"M","M","M","?","M","R","$","E","T","R","E"],"character_chosen":"DEFECT","items_purchased":["Self Repair","Defragment"],"campfire_rested":2,"item_purchase_floors":[3,24],"current_hp_per_floor":[64,64,64,71,75,75,67,67,67,67,73,75,75,75,75,73,75,66,75,51,51,25,47,47,20,20,42,0],"gold":140,"neow_bonus":"ONE_RANDOM_RARE_CARD","is_prod":false,"is_daily":false,"chose_seed":false,"campfire_upgraded":4,"win_rate":0,"timestamp":1562365195,"path_taken":["M","?","$","?","M","R","E","?","T","R","M","M","R","M","R","BOSS","M","M","M","?","M","R","$","E","T","R","E"],"build_version":"2019-07-05","purchased_purges":2,"victory":false,"max_hp_per_floor":[75,75,75,75,75,75,75,75,75,75,75,75,75,75,75,75,75,75,75,75,75,75,75,75,75,75,75,75],"card_choices":[{"not_picked":["Redo","Glacier"],"picked":"Fusion","floor":1},{"not_picked":["Barrage","Hologram"],"picked":"Coolheaded","floor":4},{"not_picked":["Skim","Redo"],"picked":"Compile Driver","floor":5},{"not_picked":["Sweeping Beam","Recycle"],"picked":"Self Repair","floor":7},{"not_picked":["Storm","Redo"],"picked":"Electrodynamics","floor":11},{"not_picked":["Streamline","Hologram"],"picked":"Doom and Gloom","floor":12},{"not_picked":["Leap","Fission"],"picked":"Gash","floor":14},{"not_picked":["Core Surge","Meteor Strike"],"picked":"Rainbow","floor":16},{"not_picked":["BootSequence","Chaos"],"picked":"Genetic Algorithm+1","floor":18},{"not_picked":["Beam Cell","Cold Snap"],"picked":"Capacitor","floor":19},{"not_picked":["Beam Cell","Conserve Battery"],"picked":"Static Discharge","floor":20},{"not_picked":["Compile Driver","Doom and Gloom","Turbo"],"picked":"SKIP","floor":22},{"not_picked":["Self Repair","Doom and Gloom"],"picked":"Cold Snap","floor":25}],"player_experience":178594,"relics_obtained":[{"floor":7,"key":"Whetstone"},{"floor":9,"key":"War Paint"},{"floor":25,"key":"Centennial Puzzle"},{"floor":26,"key":"Ornamental Fan"}],"event_choices":[{"damage_healed":0,"gold_gain":0,"player_choice":"Got Potions","damage_taken":0,"max_hp_gain":0,"max_hp_loss":0,"event_name":"Lab","floor":2,"gold_loss":0},{"damage_healed":0,"gold_gain":0,"player_choice":"Grow","damage_taken":0,"max_hp_gain":0,"max_hp_loss":0,"event_name":"Living Wall","floor":8,"gold_loss":0,"cards_upgraded":["Zap"]},{"damage_healed":0,"gold_gain":0,"player_choice":"Copied","damage_taken":0,"max_hp_gain":0,"max_hp_loss":0,"event_name":"Duplicator","floor":21,"gold_loss":0,"cards_obtained":["Gash"]}],"is_beta":false,"boss_relics":[{"not_picked":["Orrery","Velvet Choker"],"picked":"Empty Cage"}],"items_purged_floors":[3,24],"is_endless":false,"potions_floor_spawned":[1,4,11,16,25],"killed_by":"Book of Stabbing","ascension_level":4}