{"gold_per_floor":[114,114,133,208,227,227,261,261,284,309,321,347,359,402,414,525,587,611,634,20,20,37,37,51,51,51,51,66,78,78,78,78,78],"floor_reached":33,"playtime":4331,"items_purged":[],"score":257,"play_id":"13cde795-5417-4d3f-96c3-40f9a561ed87","local_time":"20190811023537","is_ascension_mode":false,"campfire_choices":[{"floor":6,"key":"REST"},{"floor":11,"key":"REST"},{"data":"All Out Attack","floor":13,"key":"SMITH"},{"floor":15,"key":"REST"},{"floor":23,"key":"REST"},{"floor":25,"key":"REST"},{"data":"A Thousand Cuts","floor":27,"key":"SMITH"},{"floor":32,"key":"REST"}],"neow_cost":"NONE","seed_source_timestamp":2446715763425400,"circlet_count":0,"master_deck":["Strike_G","Strike_G+1","Strike_G+1","Strike_G","Defend_G+1","Defend_G+1","Defend_G","Defend_G","Survivor+1","Neutralize","Dash","Dagger Spray","Flying Knee","Poisoned Stab","All Out Attack+1","Deadly Poison","Flying Knee","A Thousand Cuts+1","Deadly Poison","Flying Knee+1","All Out Attack+1","Bouncing Flask","Bandage Up","Deflect","Dash+1","Deadly Poison+1","Endless Agony+1","Dagger Throw+1","PiercingWail","Blur+1"],"relics":["Ring of the Snake","War Paint","Sundial","Meat on the Bone","Tiny House","Ninja Scroll","TwistedFunnel","Nloth\u0027s Gift","Incense Burner"],"potions_floor_usage":[18,18,18,33,33],"damage_taken":[{"damage":1,"enemies":"Cultist","floor":1,"turns":4},{"damage":1,"enemies":"Jaw Worm","floor":3,"turns":3},{"damage":2,"enemies":"Small Slimes","floor":5,"turns":4},{"damage":26,"enemies":"3 Sentries","floor":7,"turns":7},{"damage":0,"enemies":"Exordium Wildlife","floor":10,"turns":3},{"damage":0,"enemies":"Lots of Slimes","floor":12,"turns":2},{"damage":13,"enemies":"Lagavulin","floor":14,"turns":6},{"damage":45,"enemies":"Hexaghost","floor":16,"turns":11},{"damage":20,"enemies":"2 Thieves","floor":18,"turns":3},{"damage":13,"enemies":"3 Byrds","floor":19,"turns":4},{"damage":26,"enemies":"Shelled Parasite and Fungi","floor":22,"turns":6},{"damage":18,"enemies":"Cultist and Chosen","floor":24,"turns":5},{"damage":15,"enemies":"Snecko","floor":28,"turns":4},{"damage":33,"enemies":"Sentry and Sphere","floor":29,"turns":6},{"damage":101,"enemies":"Automaton","floor":33,"turns":12}],"seed_played":"-6781385116923271465","potions_obtained":[{"floor":1,"key":"LiquidBronze"},{"floor":10,"key":"Explosive Potion"},{"floor":16,"key":"Fire Potion"},{"floor":19,"key":"Swift Potion"},{"floor":29,"key":"Dexterity Potion"}],"is_trial":false,"path_per_floor":["M","?","M","?","M","R","E","?","T","M","R","M","R","E","R","B",null,"M","M","$","?","M","R","M","R","T","R","M","M","?","?","R","B"],"character_chosen":"THE_SILENT","items_purchased":["Ninja Scroll","TwistedFunnel","Bouncing Flask","Bandage Up","Deflect"],"campfire_rested":6,"item_purchase_floors":[20,20,20,20,20],"current_hp_per_floor":[76,61,60,49,47,70,44,44,44,44,67,67,67,54,77,44,82,62,49,49,49,39,63,49,73,73,73,62,45,45,45,69,0],"gold":78,"neow_bonus":"TEN_PERCENT_HP_BONUS","is_prod":false,"is_daily":false,"chose_seed":false,"campfire_upgraded":2,"win_rate":0.0,"timestamp":1565516137,"path_taken":["M","?","M","?","M","R","E","?","T","?","R","?","R","E","R","BOSS","M","M","$","?","M","R","?","R","T","R","M","?","?","?","R","BOSS"],"build_version":"2019-07-17","purchased_purges":0,"victory":false,"max_hp_per_floor":[77,77,77,77,77,77,77,77,77,77,77,77,77,77,77,77,82,82,82,82,82,82,82,82,82,82,82,82,82,82,82,82,82],"card_choices":[{"not_picked":["Dagger Spray","Predator"],"picked":"Dash","floor":1},{"not_picked":["Slice","Prepared"],"picked":"Dagger Spray","floor":3},{"not_picked":["Blade Dance","Prepared"],"picked":"Flying Knee","floor":5},{"not_picked":["Reflex","Blade Dance"],"picked":"Poisoned Stab","floor":7},{"not_picked":["Slice","Dodge and Roll"],"picked":"All Out Attack","floor":10},{"not_picked":["Endless Agony","Finisher"],"picked":"Deadly Poison","floor":12},{"not_picked":["Infinite Blades","Skewer"],"picked":"Flying Knee","floor":14},{"not_picked":["Die Die Die","Malaise"],"picked":"A Thousand Cuts","floor":16},{"not_picked":["Flechettes","Prepared"],"picked":"Deadly Poison","floor":17},{"not_picked":["Deflect+1","Dagger Throw"],"picked":"Flying Knee+1","floor":18},{"not_picked":["Backflip+1","Footwork"],"picked":"All Out Attack+1","floor":19},{"not_picked":["Flechettes+1","Dagger Spray+1"],"picked":"Dash+1","floor":22},{"not_picked":["Backflip","Phantasmal Killer"],"picked":"Deadly Poison+1","floor":24},{"not_picked":["Flying Knee+1","Footwork"],"picked":"Endless Agony+1","floor":28},{"not_picked":["Terror","Escape Plan"],"picked":"Dagger Throw+1","floor":29}],"player_experience":13615,"relics_obtained":[{"floor":7,"key":"War Paint"},{"floor":9,"key":"MawBank"},{"floor":14,"key":"Meat on the Bone"},{"floor":26,"key":"Incense Burner"}],"event_choices":[{"damage_healed":0,"gold_gain":0,"player_choice":"Entered Light","damage_taken":15,"max_hp_gain":0,"max_hp_loss":0,"event_name":"Shining Light","floor":2,"gold_loss":0,"cards_upgraded":["Survivor","Strike_G"]},{"damage_healed":0,"gold_gain":75,"player_choice":"Gather Gold","damage_taken":11,"max_hp_gain":0,"max_hp_loss":0,"event_name":"World of Goop","floor":4,"gold_loss":0},{"damage_healed":0,"gold_gain":0,"player_choice":"Searched \u00272\u0027 times","damage_taken":0,"relics_obtained":["Sundial"],"max_hp_gain":0,"max_hp_loss":0,"event_name":"Dead Adventurer","floor":8,"gold_loss":0},{"damage_healed":0,"gold_gain":0,"player_choice":"Traded Relic","damage_taken":0,"relics_obtained":["Nloth\u0027s Gift"],"max_hp_gain":0,"max_hp_loss":0,"event_name":"N\u0027loth","floor":21,"relics_lost":["MawBank"],"gold_loss":0},{"damage_healed":0,"gold_gain":0,"cards_transformed":["Defend_G","Strike_G"],"player_choice":"Became Test Subject","damage_taken":0,"max_hp_gain":0,"max_hp_loss":0,"event_name":"Drug Dealer","floor":30,"gold_loss":0,"cards_obtained":["PiercingWail","Blur"]},{"damage_healed":0,"gold_gain":0,"player_choice":"Forge","damage_taken":0,"max_hp_gain":0,"max_hp_loss":0,"event_name":"Accursed Blacksmith","floor":31,"gold_loss":0,"cards_upgraded":["Blur"]}],"is_beta":false,"boss_relics":[{"not_picked":["Calling Bell","Empty Cage"],"picked":"Tiny House"}],"items_purged_floors":[],"is_endless":false,"potions_floor_spawned":[1,10,16,19,29],"killed_by":"Automaton","ascension_level":0}