{"gold_per_floor":[117,117,127,127,143,143,174,174,174,174,188,113,131,142,142,216,216,235,251,265,143,143],"floor_reached":22,"playtime":1203,"items_purged":["Strike_R"],"score":338,"play_id":"968e824a-d277-432b-b106-483f6f4812ef","local_time":"20181008062857","is_ascension_mode":true,"campfire_choices":[{"data":"True Grit","floor":6,"key":"SMITH"},{"data":"Searing Blow","floor":8,"key":"SMITH"},{"data":"Searing Blow+1","floor":10,"key":"SMITH"},{"data":"Searing Blow+2","floor":15,"key":"SMITH"}],"neow_cost":"NONE","seed_source_timestamp":2295479341458298,"circlet_count":0,"master_deck":["Strike_R","Strike_R","Strike_R","Strike_R","Defend_R","Defend_R","Defend_R","Defend_R","Bash+1","AscendersBane","Searing Blow+3","True Grit+1","Pommel Strike","Clash","Spot Weakness","Double Tap","Clash","Feed"],"relics":["Burning Blood","Darkstone Periapt","Blue Candle","Velvet Choker","Sundial"],"potions_floor_usage":[7,13,16,20],"damage_taken":[{"damage":11,"enemies":"Small Slimes","floor":1,"turns":4},{"damage":9,"enemies":"2 Louse","floor":3,"turns":3},{"damage":1,"enemies":"Cultist","floor":5,"turns":3},{"damage":49,"enemies":"Lagavulin","floor":7,"turns":10},{"damage":0,"enemies":"3 Louse","floor":11,"turns":5},{"damage":11,"enemies":"Gremlin Gang","floor":13,"turns":7},{"damage":0,"enemies":"Exordium Thugs","floor":14,"turns":4},{"damage":35,"enemies":"Slime Boss","floor":16,"turns":10},{"damage":30,"enemies":"Chosen","floor":18,"turns":6},{"damage":23,"enemies":"Shell Parasite","floor":19,"turns":5},{"damage":1,"enemies":"Cultist and Chosen","floor":20,"turns":4},{"damage":27,"enemies":"Chosen and Byrds","floor":22,"turns":4}],"seed_played":"8264900412657777825","potions_obtained":[{"floor":1,"key":"SpeedPotion"},{"floor":11,"key":"Energy Potion"},{"floor":14,"key":"Explosive Potion"},{"floor":19,"key":"Energy Potion"}],"is_trial":false,"path_per_floor":["M","?","M","?","M","R","E","R","T","R","M","$","M","M","R","B",null,"M","M","M","?"],"character_chosen":"IRONCLAD","items_purchased":[],"campfire_rested":0,"item_purchase_floors":[],"current_hp_per_floor":[63,63,60,75,75,75,32,32,32,32,38,38,33,39,39,10,59,35,18,23,23,0],"gold":143,"neow_bonus":"UPGRADE_CARD","is_prod":false,"is_daily":false,"chose_seed":false,"campfire_upgraded":4,"win_rate":0,"timestamp":1538994537,"path_taken":["M","?","M","?","M","R","E","R","T","R","M","?","?","M","R","BOSS","M","M","M","?","M"],"build_version":"2018-10-04v2","purchased_purges":1,"victory":false,"max_hp_per_floor":[75,75,75,75,75,75,75,75,75,75,75,75,75,75,75,75,75,75,75,75,75,75],"card_choices":[{"not_picked":["Cleave","Clash"],"picked":"Searing Blow","floor":1},{"not_picked":["Havoc","Perfected Strike","Warcry"],"picked":"SKIP","floor":3},{"not_picked":["Clash","Berserk"],"picked":"True Grit","floor":5},{"not_picked":["Rage","Immolate","Power Through"],"picked":"SKIP","floor":7},{"not_picked":["Wild Strike","Cleave"],"picked":"Pommel Strike","floor":11},{"not_picked":["Perfected Strike","Cleave"],"picked":"Clash","floor":13},{"not_picked":["Thunderclap","Clash"],"picked":"Spot Weakness","floor":14},{"not_picked":["Demon Form","Brutality"],"picked":"Double Tap","floor":16},{"not_picked":["True Grit","Blood for Blood","Anger"],"picked":"SKIP","floor":18},{"not_picked":["Bloodletting","Twin Strike"],"picked":"Clash","floor":19},{"not_picked":["Uppercut+1","Entrench"],"picked":"Feed","floor":20}],"player_experience":470368,"relics_obtained":[{"floor":7,"key":"Darkstone Periapt"},{"floor":9,"key":"Blue Candle"}],"event_choices":[{"event_name":"Liars Game","player_choice":"disagreed","floor":2,"damage_taken":0},{"event_name":"Big Fish","player_choice":"Banana","floor":4,"damage_taken":0},{"event_name":"WeMeetAgain","player_choice":"Gold","floor":21,"damage_taken":0}],"is_beta":false,"boss_relics":[{"not_picked":["Empty Cage","White Beast Statue"],"picked":"Velvet Choker"}],"items_purged_floors":[12],"is_endless":false,"potions_floor_spawned":[1,11,14,19],"killed_by":"Chosen and Byrds","ascension_level":16}