{"gold_per_floor":[20,69,89,264,281,316,316,332,332,347,7,7,35,35,35,138,138,155,155,155,174,188,188,213,223,223,248,40,51,51,82,82,177,177,193,193,210,210,221,239,239,269,348,348,18,18,37,52,52,52],"floor_reached":51,"playtime":2759,"items_purged":["Doubt","Defend_R"],"score":1346,"play_id":"fac24e8a-b323-4a64-acfa-27cf5480024f","local_time":"20190721204926","is_ascension_mode":true,"campfire_choices":[{"data":"True Grit","floor":7,"key":"SMITH"},{"data":"Heavy Blade","floor":12,"key":"SMITH"},{"floor":15,"key":"REST"},{"floor":23,"key":"RECALL"},{"floor":32,"key":"REST"},{"floor":44,"key":"REST"},{"floor":46,"key":"REST"},{"floor":49,"key":"REST"}],"neow_cost":"NO_GOLD","seed_source_timestamp":1135621937183136,"circlet_count":0,"master_deck":["AscendersBane","Defend_R","Defend_R","Defend_R","Bash","True Grit+1","Heavy Blade+1","Twin Strike","Anger","Power Through","Iron Wave+1","Evolve","Thunderclap+1","Immolate+1","Body Slam+1","Ghostly","Ghostly","Ghostly","Ghostly","Ghostly","Bite+1","Bite+1","Bite+1","Bite+1","Bite+1","Iron Wave+1","Finesse","Limit Break+1","Shrug It Off+1","Uppercut+1","Inflame"],"relics":["Burning Blood","Boot","Potion Belt","Molten Egg 2","Brimstone","Darkstone Periapt","Fusion Hammer","Ancient Tea Set","Pear","Sundial","Dodecahedron","Matryoshka","Lizard Tail","Toxic Egg 2","Meat on the Bone","Self Forming Clay","TheAbacus"],"potions_floor_usage":[6,21,24,33,33,40,40,42,48],"damage_taken":[{"damage":6,"enemies":"Cultist","floor":1,"turns":4},{"damage":14,"enemies":"Small Slimes","floor":3,"turns":4},{"damage":0,"enemies":"2 Louse","floor":5,"turns":3},{"damage":8,"enemies":"Gremlin Nob","floor":6,"turns":3},{"damage":16,"enemies":"Blue Slaver","floor":8,"turns":3},{"damage":16,"enemies":"Exordium Wildlife","floor":10,"turns":4},{"damage":24,"enemies":"Lagavulin","floor":13,"turns":4},{"damage":0,"enemies":"Slime Boss","floor":16,"turns":6},{"damage":0,"enemies":"2 Thieves","floor":18,"turns":1},{"damage":1,"enemies":"Shell Parasite","floor":21,"turns":4},{"damage":0,"enemies":"Snecko","floor":22,"turns":4},{"damage":26,"enemies":"Slavers","floor":24,"turns":3},{"damage":18,"enemies":"Centurion and Healer","floor":25,"turns":6},{"damage":12,"enemies":"Book of Stabbing","floor":27,"turns":5},{"damage":5,"enemies":"Chosen and Byrds","floor":29,"turns":5},{"damage":0,"enemies":"Gremlin Leader","floor":31,"turns":5},{"damage":0,"enemies":"Champ","floor":33,"turns":7},{"damage":8,"enemies":"Orb Walker","floor":35,"turns":3},{"damage":7,"enemies":"3 Darklings","floor":37,"turns":4},{"damage":12,"enemies":"Sphere and 2 Shapes","floor":39,"turns":3},{"damage":6,"enemies":"4 Shapes","floor":40,"turns":5},{"damage":30,"enemies":"Giant Head","floor":42,"turns":7},{"damage":1,"enemies":"Jaw Worm Horde","floor":47,"turns":3},{"damage":1,"enemies":"Transient","floor":48,"turns":5},{"damage":31,"enemies":"Time Eater","floor":50,"turns":10}],"seed_played":"-5536473881300087490","potions_obtained":[{"floor":5,"key":"AttackPotion"},{"floor":8,"key":"SpeedPotion"},{"floor":16,"key":"GamblersBrew"},{"floor":18,"key":"Dexterity Potion"},{"floor":21,"key":"Fire Potion"},{"floor":25,"key":"Ancient Potion"},{"floor":35,"key":"SpeedPotion"},{"floor":39,"key":"Explosive Potion"}],"is_trial":false,"path_per_floor":["M","T","M","?","M","E","R","M","T","M","$","R","E","?","R","B",null,"M","?","?","M","M","R","E","M","T","E","$","M","T","E","R","B",null,"M","?","M","?","M","M","?","E","T","R","$","R","M","M","R","B",null],"character_chosen":"IRONCLAD","items_purchased":["Brimstone","Evolve","Iron Wave+1","Finesse","TheAbacus","Inflame","AttackPotion"],"campfire_rested":5,"item_purchase_floors":[11,11,28,28,45,45,45],"current_hp_per_floor":[88,88,80,80,86,84,84,74,74,64,64,64,46,46,74,80,92,96,48,33,33,33,33,19,22,32,38,38,43,43,43,43,43,43,43,41,41,41,35,41,41,21,21,33,33,41,41,41,41,33],"gold":52,"neow_bonus":"TWENTY_PERCENT_HP_BONUS","is_prod":false,"is_daily":false,"chose_seed":false,"campfire_upgraded":2,"win_rate":0,"timestamp":1563767366,"path_taken":["M","?","M","?","M","E","R","M","T","M","$","R","E","?","R","BOSS","M","?","?","M","M","R","E","M","T","E","$","M","?","E","R","BOSS","M","?","M","?","M","?","?","E","T","R","$","R","?","M","R","BOSS"],"build_version":"2019-07-17","purchased_purges":2,"victory":true,"max_hp_per_floor":[96,96,96,96,96,96,96,96,96,96,96,96,96,96,96,96,96,96,48,33,33,33,33,33,33,43,43,43,43,43,43,43,43,43,43,41,41,41,41,41,41,41,41,41,41,41,41,41,41,41],"card_choices":[{"not_picked":["Flex","Reckless Charge"],"picked":"True Grit","floor":1},{"not_picked":["Havoc","Wild Strike"],"picked":"Heavy Blade","floor":3},{"not_picked":["True Grit","Wild Strike"],"picked":"Twin Strike","floor":5},{"not_picked":["Dropkick","Headbutt"],"picked":"Anger","floor":6},{"not_picked":["Disarm","Pommel Strike"],"picked":"Power Through","floor":8},{"not_picked":["Seeing Red","Ghostly Armor"],"picked":"Iron Wave+1","floor":10},{"not_picked":["Double Tap","Dropkick+1"],"picked":"Thunderclap+1","floor":13},{"not_picked":["Exhume","Bludgeon+1"],"picked":"Immolate+1","floor":16},{"not_picked":["Disarm+1","Heavy Blade+1"],"picked":"Body Slam+1","floor":18},{"not_picked":["Clothesline+1","Sentinel","Armaments"],"picked":"SKIP","floor":21},{"not_picked":["Clash+1","Perfected Strike+1","Wild Strike+1"],"picked":"SKIP","floor":22},{"not_picked":["Evolve+1","Cleave+1","Exhume"],"picked":"SKIP","floor":24},{"not_picked":["Power Through","Fire Breathing+1","Wild Strike+1"],"picked":"SKIP","floor":25},{"not_picked":["Body Slam+1","Thunderclap+1","Carnage+1"],"picked":"SKIP","floor":27},{"not_picked":["Dropkick+1","Headbutt+1","Shrug It Off"],"picked":"SKIP","floor":29},{"not_picked":["True Grit","Blood for Blood+1","Clash+1"],"picked":"SKIP","floor":31},{"not_picked":["Dark Embrace","Juggernaut"],"picked":"Limit Break","floor":33},{"not_picked":["Corruption","Iron Wave+1","Heavy Blade+1"],"picked":"SKIP","floor":35},{"not_picked":["Headbutt+1","Heavy Blade+1"],"picked":"Shrug It Off+1","floor":37},{"not_picked":["Armaments","Perfected Strike+1","Infernal Blade"],"picked":"SKIP","floor":39},{"not_picked":["Thunderclap+1","Immolate+1","Power Through"],"picked":"SKIP","floor":40},{"not_picked":["Clash+1","Sentinel"],"picked":"Uppercut+1","floor":42},{"not_picked":["Dropkick+1","Heavy Blade+1","Corruption+1"],"picked":"SKIP","floor":47},{"not_picked":["Perfected Strike+1","Sentinel+1","Clothesline+1"],"picked":"SKIP","floor":48}],"player_experience":372929,"relics_obtained":[{"floor":2,"key":"Boot"},{"floor":6,"key":"Potion Belt"},{"floor":9,"key":"Molten Egg 2"},{"floor":13,"key":"Darkstone Periapt"},{"floor":24,"key":"Ancient Tea Set"},{"floor":26,"key":"Pear"},{"floor":27,"key":"Sundial"},{"floor":30,"key":"Dodecahedron"},{"floor":31,"key":"Matryoshka"},{"floor":42,"key":"Toxic Egg 2"},{"floor":43,"key":"Meat on the Bone"},{"floor":43,"key":"Self Forming Clay"}],"event_choices":[{"damage_healed":0,"gold_gain":175,"player_choice":"AGREE","damage_taken":0,"max_hp_gain":0,"max_hp_loss":0,"event_name":"Liars Game","floor":4,"gold_loss":0,"cards_obtained":["Doubt"]},{"cards_removed":["Strike_R"],"damage_healed":0,"gold_gain":0,"player_choice":"Forget","damage_taken":0,"max_hp_gain":0,"max_hp_loss":0,"event_name":"Living Wall","floor":14,"gold_loss":0},{"damage_healed":0,"gold_gain":0,"player_choice":"Became a Ghost","damage_taken":0,"max_hp_gain":0,"max_hp_loss":48,"event_name":"Ghosts","floor":19,"gold_loss":0,"cards_obtained":["Ghostly","Ghostly","Ghostly","Ghostly","Ghostly"]},{"damage_healed":0,"gold_gain":0,"player_choice":"Became a vampire","damage_taken":0,"max_hp_gain":0,"max_hp_loss":15,"event_name":"Vampires","floor":20,"gold_loss":0,"cards_obtained":["Bite","Bite","Bite","Bite","Bite"]},{"damage_healed":0,"gold_gain":0,"player_choice":"Max HP","damage_taken":0,"max_hp_gain":0,"max_hp_loss":2,"event_name":"Winding Halls","floor":36,"gold_loss":0},{"damage_healed":0,"gold_gain":0,"player_choice":"Ignored","damage_taken":0,"max_hp_gain":0,"max_hp_loss":0,"event_name":"Transmorgrifier","floor":38,"gold_loss":0},{"damage_healed":0,"gold_gain":0,"player_choice":"Upgraded","damage_taken":0,"max_hp_gain":0,"max_hp_loss":0,"event_name":"Upgrade Shrine","floor":41,"gold_loss":0,"cards_upgraded":["Limit Break"]}],"is_beta":false,"boss_relics":[{"not_picked":["Eternal Feather","Mark of Pain"],"picked":"Fusion Hammer"},{"not_picked":["Sozu","Cursed Key"],"picked":"Lizard Tail"}],"items_purged_floors":[11,28],"is_endless":false,"potions_floor_spawned":[5,8,16,18,21,25,35,39],"ascension_level":10}