{"gold_per_floor":[144,189,234,76,121,211,211,211,261,306,351,441,441,486,486,786,786,831,876,921,966,124,214,259,304,329,374,464,509,509,599,599,899,899,944,989,989,368,413,413,503,803,803,7,7,52,97,142,142,142],"floor_reached":51,"playtime":17368,"items_purged":["Strike_B","Strike_B","Strike_B","Strike_B"],"score":907,"play_id":"bdc60554-732d-4e8f-9ce6-9f12b38e75e0","local_time":"20190419000538","daily_mods":["Specialized","Vintage","Midas"],"is_ascension_mode":false,"campfire_choices":[{"floor":15,"key":"REST"},{"data":"1","floor":30,"key":"LIFT"},{"data":"2","floor":32,"key":"LIFT"},{"data":"3","floor":40,"key":"LIFT"},{"floor":45,"key":"REST"},{"floor":49,"key":"REST"}],"neow_cost":"","seed_source_timestamp":0,"circlet_count":0,"master_deck":["Defend_B","Defend_B","Defend_B","Defend_B","Zap+1","Dualcast","Rebound","Rebound","Rebound+1","Rebound","Rebound","Self Repair","Conserve Battery","Stack","BootSequence","Rainbow+1","Consume+1","Conserve Battery+1","Compile Driver+1","Machine Learning","Loop","Compile Driver+1","Buffer","Glacier+1","Rainbow+1","Capacitor+1","Coolheaded+1"],"special_seed":18004,"relics":["Cracked Core","Dodecahedron","Blood Vial","Shuriken","Meat on the Bone","Bottled Lightning","Boot","Regal Pillow","Ancient Tea Set","Happy Flower","Centennial Puzzle","Toxic Egg 2","Velvet Choker","Molten Egg 2","Pen Nib","Girya","Pear","Oddly Smooth Stone","Sling","Bag of Marbles","Mango","Smiling Mask","Dream Catcher","Omamori","Sundial","Bag of Preparation","Gremlin Horn","FossilizedHelix","Black Star","Ginger","Incense Burner","DollysMirror","Strawberry","Juzu Bracelet","Art of War","Pocketwatch","Ornamental Fan","Turnip","Bottled Tornado","Mummified Hand","Mercury Hourglass","Toolbox","Blue Candle","PreservedInsect","DataDisk"],"potions_floor_usage":[3,12,21,23,28,33,42,42,50,50],"damage_taken":[{"damage":0,"enemies":"Small Slimes","floor":1,"turns":2},{"damage":0,"enemies":"2 Louse","floor":2,"turns":2},{"damage":0,"enemies":"Jaw Worm","floor":3,"turns":2},{"damage":0,"enemies":"2 Fungi Beasts","floor":5,"turns":3},{"damage":26,"enemies":"Lagavulin","floor":6,"turns":7},{"damage":1,"enemies":"Gremlin Gang","floor":10,"turns":4},{"damage":2,"enemies":"Exordium Wildlife","floor":11,"turns":4},{"damage":9,"enemies":"Gremlin Nob","floor":12,"turns":3},{"damage":3,"enemies":"Lots of Slimes","floor":14,"turns":3},{"damage":27,"enemies":"The Guardian","floor":16,"turns":12},{"damage":12,"enemies":"3 Byrds","floor":18,"turns":4},{"damage":8,"enemies":"Chosen","floor":19,"turns":4},{"damage":13,"enemies":"Snecko","floor":20,"turns":5},{"damage":5,"enemies":"3 Cultists","floor":21,"turns":5},{"damage":6,"enemies":"Gremlin Leader","floor":23,"turns":6},{"damage":2,"enemies":"Centurion and Healer","floor":24,"turns":5},{"damage":11,"enemies":"Sentry and Sphere","floor":25,"turns":6},{"damage":7,"enemies":"Cultist and Chosen","floor":27,"turns":6},{"damage":41,"enemies":"Slavers","floor":28,"turns":7},{"damage":21,"enemies":"Snake Plant","floor":29,"turns":3},{"damage":0,"enemies":"Book of Stabbing","floor":31,"turns":4},{"damage":15,"enemies":"Champ","floor":33,"turns":11},{"damage":0,"enemies":"3 Darklings","floor":35,"turns":5},{"damage":2,"enemies":"3 Shapes","floor":36,"turns":4},{"damage":0,"enemies":"Transient","floor":39,"turns":5},{"damage":30,"enemies":"Giant Head","floor":41,"turns":12},{"damage":8,"enemies":"Mind Bloom Boss Battle","floor":42,"turns":6},{"damage":10,"enemies":"Sphere and 2 Shapes","floor":46,"turns":4},{"damage":8,"enemies":"3 Darklings","floor":47,"turns":5},{"damage":0,"enemies":"Spire Growth","floor":48,"turns":4},{"damage":32,"enemies":"Donu and Deca","floor":50,"turns":9}],"seed_played":"-4024911570082513858","potions_obtained":[{"floor":2,"key":"SkillPotion"},{"floor":6,"key":"FocusPotion"},{"floor":11,"key":"SpeedPotion"},{"floor":12,"key":"Dexterity Potion"},{"floor":18,"key":"Dexterity Potion"},{"floor":19,"key":"Explosive Potion"},{"floor":23,"key":"Weak Potion"},{"floor":24,"key":"Energy Potion"},{"floor":29,"key":"SpeedPotion"},{"floor":35,"key":"Block Potion"},{"floor":37,"key":"PowerPotion"},{"floor":42,"key":"Poison Potion"},{"floor":48,"key":"LiquidBronze"}],"is_trial":false,"path_per_floor":["M","M","M","$","M","E","?","?","T","M","M","E","?","M","R","B",null,"M","M","M","M","$","E","M","M","T","M","E","M","R","E","R","B",null,"M","M","?","$","M","R","E","?","T","$","R","M","M","M","R","B",null],"character_chosen":"DEFECT","items_purchased":["Self Repair","Conserve Battery","Oddly Smooth Stone","Sling","Consume+1","Conserve Battery+1","Compile Driver+1","Machine Learning","Bag of Marbles","Glacier+1","DollysMirror","Strawberry","Juzu Bracelet","Mummified Hand","Mercury Hourglass","Toolbox","Coolheaded+1"],"campfire_rested":3,"item_purchase_floors":[4,4,22,22,22,22,22,22,22,38,38,38,38,44,44,44,44],"current_hp_per_floor":[75,75,75,75,75,56,41,34,34,54,61,61,61,60,75,55,75,70,71,67,81,81,98,99,95,95,97,65,65,65,74,74,68,99,99,99,99,106,106,106,83,84,84,84,106,103,104,106,106,81],"gold":142,"neow_bonus":"","is_prod":false,"is_daily":true,"chose_seed":false,"campfire_upgraded":0,"win_rate":0,"timestamp":1555646738,"path_taken":["M","M","M","$","M","E","?","?","T","M","M","E","?","M","R","BOSS","M","M","M","M","$","E","M","M","T","M","E","M","R","E","R","BOSS","M","M","?","$","M","R","E","?","T","$","R","M","M","M","R","BOSS"],"build_version":"2019-04-04","purchased_purges":4,"victory":true,"max_hp_per_floor":[75,75,75,75,75,75,75,75,75,75,75,75,75,75,75,75,75,75,75,75,85,85,99,99,99,99,99,99,99,99,99,99,99,99,99,99,99,106,106,106,106,106,106,106,106,106,106,106,106,106],"card_choices":[{"not_picked":["Steam Power","Rip and Tear"],"picked":"Stack","floor":6},{"not_picked":["FTL","Ball Lightning"],"picked":"BootSequence","floor":12},{"not_picked":["Electrodynamics","Thunder Strike"],"picked":"Rainbow+1","floor":16},{"not_picked":["Ball Lightning+1","Melter+1"],"picked":"Loop","floor":23},{"not_picked":["Cold Snap+1","Skim+1"],"picked":"Compile Driver+1","floor":28},{"not_picked":["BootSequence+1","Conserve Battery+1","Stack+1"],"picked":"SKIP","floor":31},{"not_picked":["Machine Learning","Meteor Strike+1"],"picked":"Buffer","floor":33},{"not_picked":["Turbo+1","Aggregate+1","Compile Driver+1"],"picked":"SKIP","floor":41},{"not_picked":["Beam Cell+1","Steam Power+1"],"picked":"Capacitor+1","floor":42}],"player_experience":750815,"relics_obtained":[{"floor":1,"key":"Dodecahedron"},{"floor":2,"key":"Blood Vial"},{"floor":3,"key":"Shuriken"},{"floor":5,"key":"Meat on the Bone"},{"floor":6,"key":"Bottled Lightning"},{"floor":9,"key":"Regal Pillow"},{"floor":10,"key":"Ancient Tea Set"},{"floor":11,"key":"Happy Flower"},{"floor":12,"key":"Centennial Puzzle"},{"floor":14,"key":"Toxic Egg 2"},{"floor":18,"key":"Molten Egg 2"},{"floor":19,"key":"Pen Nib"},{"floor":20,"key":"Girya"},{"floor":21,"key":"Pear"},{"floor":23,"key":"Mango"},{"floor":24,"key":"Smiling Mask"},{"floor":25,"key":"Dream Catcher"},{"floor":26,"key":"Omamori"},{"floor":27,"key":"Sundial"},{"floor":28,"key":"Bag of Preparation"},{"floor":29,"key":"Gremlin Horn"},{"floor":31,"key":"FossilizedHelix"},{"floor":35,"key":"Ginger"},{"floor":36,"key":"Incense Burner"},{"floor":39,"key":"Art of War"},{"floor":41,"key":"Pocketwatch"},{"floor":41,"key":"Ornamental Fan"},{"floor":42,"key":"Turnip"},{"floor":43,"key":"Bottled Tornado"},{"floor":46,"key":"Blue Candle"},{"floor":47,"key":"PreservedInsect"},{"floor":48,"key":"DataDisk"}],"event_choices":[{"damage_healed":0,"gold_gain":0,"player_choice":"Entered Light","damage_taken":15,"max_hp_gain":0,"max_hp_loss":0,"event_name":"Shining Light","floor":7,"gold_loss":0,"cards_upgraded":["Rebound","Zap"]},{"damage_healed":0,"gold_gain":0,"player_choice":"Success","damage_taken":7,"relics_obtained":["Boot"],"max_hp_gain":0,"max_hp_loss":0,"event_name":"Scrap Ooze","floor":8,"gold_loss":0},{"damage_healed":0,"gold_gain":0,"player_choice":"Ignored","damage_taken":0,"max_hp_gain":0,"max_hp_loss":0,"event_name":"Liars Game","floor":13,"gold_loss":0},{"damage_healed":0,"gold_gain":0,"player_choice":"Got Potions","damage_taken":0,"max_hp_gain":0,"max_hp_loss":0,"event_name":"Lab","floor":37,"gold_loss":0},{"damage_healed":0,"gold_gain":0,"player_choice":"Fight","damage_taken":0,"max_hp_gain":0,"max_hp_loss":0,"event_name":"MindBloom","floor":42,"gold_loss":0}],"is_beta":true,"boss_relics":[{"not_picked":["Philosopher\u0027s Stone","Empty Cage"],"picked":"Velvet Choker"},{"not_picked":["Nuclear Battery","Pandora\u0027s Box"],"picked":"Black Star"}],"items_purged_floors":[4,22,38,44],"is_endless":false,"potions_floor_spawned":[2,6,11,12,18,19,23,24,29,31,35,39,42,48],"ascension_level":0}