{"gold_per_floor":[115,115,40,50,97,97,129,129,156,181,199,199,213,228,228,332,332,347,364,383,45,45,45,71,71,71,71,101,101,101,133,133,231,231,241,241,58,73,73,73,73,121,121,221,521,521,521,532,532,532],"floor_reached":51,"playtime":3651,"items_purged":["Strike_R","Strike_R"],"score":1136,"play_id":"d1b4839a-fdf5-47e0-b471-bcb835fc083a","local_time":"20181002172235","is_ascension_mode":true,"campfire_choices":[{"data":"Shockwave","floor":6,"key":"SMITH"},{"data":"Body Slam","floor":12,"key":"SMITH"},{"data":"True Grit","floor":15,"key":"SMITH"},{"floor":23,"key":"REST"},{"data":"Barricade","floor":29,"key":"SMITH"},{"data":"Body Slam","floor":32,"key":"SMITH"},{"data":"Apotheosis","floor":40,"key":"SMITH"},{"data":"Inflame","floor":46,"key":"SMITH"},{"floor":49,"key":"REST"}],"neow_cost":"NONE","seed_source_timestamp":1813835879823311,"circlet_count":0,"master_deck":["Strike_R+1","Strike_R+1","Defend_R+1","Defend_R+1","Defend_R+1","Defend_R+1","Bash+1","Shockwave+1","Thunderclap","Body Slam+1","Shrug It Off","True Grit+1","Barricade+1","Shrug It Off","Shrug It Off","Body Slam+1","Shrug It Off","RitualDagger","Double Tap","Inflame+1","Apotheosis+1","Warcry+1","Trip","Panacea","Ghostly Armor+1"],"relics":["Burning Blood","StoneCalendar","Art of War","Juzu Bracelet","PreservedInsect","Ancient Tea Set","Cursed Key","Paper Frog","Bag of Preparation","MutagenicStrength","Ice Cream","Ornamental Fan","Velvet Choker","Calipers","Old Coin"],"potions_floor_usage":[18,18,28,33,50,50],"damage_taken":[{"damage":7,"enemies":"2 Louse","floor":1,"turns":4},{"damage":1,"enemies":"Cultist","floor":4,"turns":3},{"damage":15,"enemies":"Gremlin Nob","floor":7,"turns":4},{"damage":15,"enemies":"3 Sentries","floor":10,"turns":7},{"damage":4,"enemies":"Small Slimes","floor":11,"turns":4},{"damage":5,"enemies":"Exordium Wildlife","floor":13,"turns":4},{"damage":6,"enemies":"3 Louse","floor":14,"turns":4},{"damage":18,"enemies":"The Guardian","floor":16,"turns":12},{"damage":20,"enemies":"3 Byrds","floor":18,"turns":7},{"damage":29,"enemies":"Spheric Guardian","floor":19,"turns":7},{"damage":20,"enemies":"Shelled Parasite and Fungi","floor":20,"turns":8},{"damage":4,"enemies":"Gremlin Leader","floor":24,"turns":4},{"damage":22,"enemies":"Slavers","floor":28,"turns":3},{"damage":17,"enemies":"Gremlin Leader","floor":31,"turns":5},{"damage":0,"enemies":"Champ","floor":33,"turns":6},{"damage":0,"enemies":"Orb Walker","floor":35,"turns":2},{"damage":0,"enemies":"3 Shapes","floor":38,"turns":4},{"damage":17,"enemies":"Mysterious Sphere","floor":42,"turns":6},{"damage":4,"enemies":"Mind Bloom Boss Battle","floor":45,"turns":5},{"damage":3,"enemies":"3 Darklings","floor":48,"turns":5},{"damage":51,"enemies":"Time Eater","floor":50,"turns":8}],"seed_played":"-8790393580438100495","potions_obtained":[{"floor":10,"key":"Weak Potion"},{"floor":11,"key":"Ancient Potion"},{"floor":16,"key":"SpeedPotion"},{"floor":20,"key":"Strength Potion"},{"floor":38,"key":"Dexterity Potion"},{"floor":48,"key":"BloodPotion"}],"is_trial":false,"path_per_floor":["M","?","$","M","T","R","E","?","T","E","M","R","M","M","R","B",null,"M","M","M","$","?","R","E","?","T","?","E","R","?","E","R","B",null,"M","?","$","M","?","R","?","?","T","?","?","R","?","M","R","B"],"character_chosen":"IRONCLAD","items_purchased":["Paper Frog","Apotheosis"],"campfire_rested":2,"item_purchase_floors":[21,37],"current_hp_per_floor":[71,71,71,76,76,76,67,60,60,51,53,53,54,54,54,42,71,57,34,20,20,20,44,46,80,80,80,64,64,58,47,47,53,73,79,76,76,76,69,69,69,58,58,58,60,60,50,53,75,37],"gold":532,"neow_bonus":"UPGRADE_CARD","is_prod":false,"is_daily":false,"chose_seed":false,"campfire_upgraded":7,"win_rate":0,"timestamp":1538515355,"path_taken":["M","?","$","?","?","R","E","?","T","E","M","R","M","M","R","BOSS","M","M","M","$","?","R","E","?","T","?","E","R","?","E","R","BOSS","M","?","$","M","?","R","?","?","T","?","?","R","?","M","R","BOSS"],"build_version":"2018-09-27","purchased_purges":2,"victory":true,"max_hp_per_floor":[80,80,80,80,80,80,80,80,80,80,80,80,80,80,80,80,80,80,80,80,80,80,80,80,80,80,80,80,80,80,80,80,80,80,80,76,76,76,76,76,76,76,76,76,76,76,76,76,76,76],"card_choices":[{"not_picked":["Clothesline","Havoc"],"picked":"Twin Strike","floor":1},{"not_picked":["Anger","Burning Pact"],"picked":"Shockwave","floor":4},{"not_picked":["Havoc","Perfected Strike"],"picked":"Thunderclap","floor":7},{"not_picked":["Hemokinesis","Brutality"],"picked":"Body Slam","floor":10},{"not_picked":["Clash","Anger","Flex"],"picked":"SKIP","floor":11},{"not_picked":["Armaments","Wild Strike"],"picked":"Shrug It Off","floor":13},{"not_picked":["Feel No Pain","Havoc"],"picked":"True Grit","floor":14},{"not_picked":["Brutality","Reaper"],"picked":"Barricade","floor":16},{"not_picked":["Burning Pact","Pommel Strike"],"picked":"Shrug It Off","floor":18},{"not_picked":["Hemokinesis","Sword Boomerang"],"picked":"Shrug It Off","floor":19},{"not_picked":["True Grit","Clash","Heavy Blade"],"picked":"SKIP","floor":20},{"not_picked":["True Grit","Clash"],"picked":"Heavy Blade","floor":20},{"not_picked":["Shockwave","Double Tap"],"picked":"Body Slam","floor":24},{"not_picked":["Carnage","Blood for Blood"],"picked":"Shrug It Off","floor":28},{"not_picked":["Heavy Blade","Havoc","Brutality"],"picked":"SKIP","floor":31},{"not_picked":["Immolate","Berserk"],"picked":"Double Tap","floor":33},{"not_picked":["Clash","Sword Boomerang"],"picked":"Inflame","floor":35},{"not_picked":["Corruption+1","Clothesline+1"],"picked":"Warcry+1","floor":38},{"not_picked":["Purity","Thinking Ahead"],"picked":"Trip","floor":47},{"not_picked":["Flash of Steel","Good Instincts"],"picked":"Panacea","floor":47},{"not_picked":["Clothesline+1","Reckless Charge+1"],"picked":"Ghostly Armor+1","floor":48}],"player_experience":428674,"relics_obtained":[{"floor":5,"key":"Art of War"},{"floor":7,"key":"Juzu Bracelet"},{"floor":9,"key":"PreservedInsect"},{"floor":10,"key":"Ancient Tea Set"},{"floor":24,"key":"Bag of Preparation"},{"floor":28,"key":"Ice Cream"},{"floor":31,"key":"Ornamental Fan"},{"floor":42,"key":"Calipers"},{"floor":45,"key":"Old Coin"}],"event_choices":[{"event_name":"WeMeetAgain","player_choice":"Card","floor":2,"damage_taken":0},{"event_name":"Golden Wing","player_choice":"Card Removal","floor":8,"damage_taken":0},{"event_name":"Back to Basics","player_choice":"Simplicity","floor":22,"damage_taken":0},{"event_name":"Wheel of Change","player_choice":"Full Heal","floor":25,"damage_taken":0},{"event_name":"Drug Dealer","player_choice":"Inject Mutagens","floor":27,"damage_taken":0},{"event_name":"Nest","player_choice":"Joined the Cult","floor":30,"damage_taken":0},{"event_name":"Winding Halls","player_choice":"Max HP","floor":36,"damage_taken":0},{"event_name":"Wheel of Change","player_choice":"Damage","floor":39,"damage_taken":0},{"event_name":"Falling","player_choice":"Removed Attack","floor":41,"damage_taken":0},{"event_name":"Mysterious Sphere","player_choice":"Fight","floor":42,"damage_taken":0},{"event_name":"Golden Shrine","player_choice":"Pray","floor":44,"damage_taken":0},{"event_name":"MindBloom","player_choice":"Fight","floor":45,"damage_taken":0},{"event_name":"SensoryStone","player_choice":"Memory 3","floor":47,"damage_taken":0}],"is_beta":false,"boss_relics":[{"not_picked":["Astrolabe","Runic Pyramid"],"picked":"Cursed Key"},{"not_picked":["White Beast Statue","Pandora\u0027s Box"],"picked":"Velvet Choker"}],"items_purged_floors":[3,21],"is_endless":false,"potions_floor_spawned":[10,11,16,20,38,48],"ascension_level":9}