{"gold_per_floor":[215,61,74,89,164,164,193,212,238,238,238,271,271,9,9,111,111,124,142,161,174,193,193,210,210,236,188,210,222,234,258,270,282],"floor_reached":33,"playtime":2113,"items_purged":[],"score":259,"play_id":"ba46e24d-be45-4391-81e5-df1beccc961c","local_time":"20190807021606","is_ascension_mode":false,"campfire_choices":[{"data":"Iron Wave","floor":6,"key":"SMITH"},{"data":"Clash","floor":10,"key":"SMITH"},{"floor":13,"key":"REST"},{"data":"Armaments","floor":15,"key":"SMITH"},{"data":"Armaments","floor":23,"key":"SMITH"},{"floor":25,"key":"REST"},{"floor":29,"key":"REST"},{"floor":32,"key":"REST"}],"neow_cost":"NONE","seed_source_timestamp":84630667944330,"circlet_count":0,"master_deck":["Strike_R","Strike_R","Strike_R","Strike_R","Defend_R","Defend_R","Defend_R","Defend_R","Bash","Anger","Ghostly Armor+1","Iron Wave+1","Clash+1","Inflame","Cleave","Armaments+1","Double Tap","Perfected Strike","Heavy Blade","Perfected Strike","Flex","Clash","Anger","Battle Trance+1","Flame Barrier","Armaments+1","Shrug It Off","Anger","Pommel Strike"],"relics":["Burning Blood","Orichalcum","Centennial Puzzle","Pen Nib","Red Skull","Bottled Flame","Orrery","MawBank"],"potions_floor_usage":[7,21,22,33,33],"damage_taken":[{"damage":3,"enemies":"2 Louse","floor":1,"turns":4},{"damage":1,"enemies":"Jaw Worm","floor":3,"turns":3},{"damage":0,"enemies":"Cultist","floor":4,"turns":3},{"damage":10,"enemies":"Gremlin Nob","floor":7,"turns":5},{"damage":5,"enemies":"Lots of Slimes","floor":8,"turns":5},{"damage":32,"enemies":"Lagavulin","floor":12,"turns":7},{"damage":24,"enemies":"The Guardian","floor":16,"turns":11},{"damage":22,"enemies":"Spheric Guardian","floor":18,"turns":4},{"damage":8,"enemies":"3 Byrds","floor":19,"turns":5},{"damage":0,"enemies":"Sentry and Sphere","floor":20,"turns":3},{"damage":32,"enemies":"Shelled Parasite and Fungi","floor":21,"turns":4},{"damage":5,"enemies":"Chosen and Byrds","floor":22,"turns":4},{"damage":33,"enemies":"Sentry and Sphere","floor":24,"turns":5},{"damage":25,"enemies":"Snake Plant","floor":28,"turns":6},{"damage":15,"enemies":"Centurion and Healer","floor":31,"turns":6},{"damage":92,"enemies":"Champ","floor":33,"turns":11}],"seed_played":"-8815208958081878498","potions_obtained":[{"floor":3,"key":"Weak Potion"},{"floor":4,"key":"SkillPotion"},{"floor":19,"key":"LiquidBronze"},{"floor":20,"key":"BloodPotion"},{"floor":21,"key":"Swift Potion"},{"floor":24,"key":"Explosive Potion"}],"is_trial":false,"path_per_floor":["M","$","M","M","?","R","E","M","T","R","?","E","R","$","R","B",null,"M","M","M","M","M","R","M","R","T","?","M","R","$","M","R","B"],"character_chosen":"IRONCLAD","items_purchased":["Orichalcum","Armaments","Bottled Flame"],"campfire_rested":4,"item_purchase_floors":[2,14,14],"current_hp_per_floor":[80,80,80,80,69,69,65,66,66,66,66,40,64,64,64,46,80,64,62,68,62,63,63,36,60,60,60,41,65,65,56,80,0],"gold":282,"neow_bonus":"HUNDRED_GOLD","is_prod":false,"is_daily":false,"chose_seed":false,"campfire_upgraded":4,"win_rate":0.0,"timestamp":1565169366,"path_taken":["M","$","M","M","?","R","E","M","T","R","?","E","R","$","R","BOSS","M","M","M","M","M","R","M","R","T","?","M","R","$","M","R","BOSS"],"build_version":"2019-07-17","purchased_purges":0,"victory":false,"max_hp_per_floor":[80,80,80,80,80,80,80,80,80,80,80,80,80,80,80,80,80,80,80,80,80,80,80,80,80,80,80,80,80,80,80,80,80],"card_choices":[{"not_picked":["Body Slam","Ghostly Armor"],"picked":"Anger","floor":1},{"not_picked":["Infernal Blade","Seeing Red"],"picked":"Ghostly Armor","floor":3},{"not_picked":["Combust","Thunderclap"],"picked":"Iron Wave","floor":4},{"not_picked":["Heavy Blade","True Grit"],"picked":"Clash","floor":7},{"not_picked":["Rupture","Carnage"],"picked":"Inflame","floor":8},{"not_picked":["Anger","Seeing Red"],"picked":"Cleave","floor":12},{"not_picked":["Feed","Demon Form"],"picked":"Double Tap","floor":16},{"not_picked":["True Grit","Twin Strike"],"picked":"Perfected Strike","floor":17},{"not_picked":["True Grit","Body Slam"],"picked":"Heavy Blade","floor":17},{"not_picked":["Heavy Blade","True Grit"],"picked":"Perfected Strike","floor":17},{"not_picked":["Sword Boomerang","Pummel"],"picked":"Flex","floor":17},{"not_picked":["Thunderclap","Spot Weakness"],"picked":"Clash","floor":17},{"not_picked":["Fire Breathing","Hemokinesis+1"],"picked":"Anger","floor":18},{"not_picked":["Sword Boomerang","Body Slam"],"picked":"Battle Trance+1","floor":19},{"not_picked":["Armaments","Rampage"],"picked":"Flame Barrier","floor":20},{"not_picked":["Sever Soul+1","Anger"],"picked":"Armaments","floor":21},{"not_picked":["Limit Break","Headbutt"],"picked":"Shrug It Off","floor":22},{"not_picked":["Entrench","Body Slam","Flex"],"picked":"SKIP","floor":24},{"not_picked":["Clothesline","Heavy Blade+1"],"picked":"Anger","floor":28},{"not_picked":["Offering","True Grit"],"picked":"Pommel Strike","floor":31}],"player_experience":20529,"relics_obtained":[{"floor":7,"key":"Centennial Puzzle"},{"floor":9,"key":"Pen Nib"},{"floor":12,"key":"Red Skull"},{"floor":26,"key":"MawBank"}],"event_choices":[{"damage_healed":0,"gold_gain":75,"player_choice":"Gather Gold","damage_taken":11,"max_hp_gain":0,"max_hp_loss":0,"event_name":"World of Goop","floor":5,"gold_loss":0},{"damage_healed":0,"gold_gain":0,"player_choice":"Forge","damage_taken":0,"max_hp_gain":0,"max_hp_loss":0,"event_name":"Accursed Blacksmith","floor":11,"gold_loss":0,"cards_upgraded":["Ghostly Armor"]},{"cards_removed":["Strike_R"],"damage_healed":0,"gold_gain":0,"player_choice":"Single Remove","damage_taken":0,"max_hp_gain":0,"max_hp_loss":0,"event_name":"Designer","floor":27,"gold_loss":60}],"is_beta":false,"boss_relics":[{"not_picked":["Eternal Feather","Runic Pyramid"],"picked":"Orrery"}],"items_purged_floors":[],"is_endless":false,"potions_floor_spawned":[3,4,19,20,21,24],"killed_by":"Champ","ascension_level":0}