{"gold_per_floor":[113,131,142,152,164,164,76,89,89,89,39,39,39,54,54,151,151,161,171,191,210,210,210,210],"floor_reached":24,"playtime":3429,"items_purged":[],"score":192,"play_id":"0f444dfb-3ad5-46df-b838-05d1ead31b72","local_time":"20190808025149","is_ascension_mode":false,"campfire_choices":[{"data":"Escape Plan","floor":6,"key":"SMITH"},{"data":"Blur","floor":13,"key":"SMITH"},{"floor":15,"key":"REST"},{"data":"Adrenaline","floor":23,"key":"SMITH"}],"neow_cost":"TEN_PERCENT_HP_LOSS","seed_source_timestamp":1554763968372,"circlet_count":0,"master_deck":["Strike_G","Strike_G","Strike_G","Defend_G","Defend_G","Defend_G","Defend_G","Survivor","Neutralize","Well Laid Plans","Escape Plan+1","Skewer","Outmaneuver","Backstab","Blur+1","Backflip","Reflex","Corpse Explosion","Adrenaline+1","Backflip","Deadly Poison","Calculated Gamble","Backflip"],"relics":["Ring of the Snake","Frozen Egg 2","Question Card","Cursed Key"],"potions_floor_usage":[16,16,16,16,24,24,24],"damage_taken":[{"damage":0,"enemies":"Jaw Worm","floor":1,"turns":4},{"damage":0,"enemies":"2 Louse","floor":2,"turns":3},{"damage":0,"enemies":"Small Slimes","floor":3,"turns":4},{"damage":0,"enemies":"3 Louse","floor":4,"turns":7},{"damage":1,"enemies":"Blue Slaver","floor":5,"turns":8},{"damage":0,"enemies":"Looter","floor":8,"turns":4},{"damage":2,"enemies":"Exordium Thugs","floor":14,"turns":6},{"damage":17,"enemies":"Slime Boss","floor":16,"turns":9},{"damage":0,"enemies":"Shell Parasite","floor":18,"turns":6},{"damage":0,"enemies":"Spheric Guardian","floor":19,"turns":4},{"damage":24,"enemies":"Snecko","floor":20,"turns":7},{"damage":0,"enemies":"Centurion and Healer","floor":21,"turns":4},{"damage":60,"enemies":"Gremlin Leader","floor":24,"turns":5}],"seed_played":"3583903746594417469","potions_obtained":[{"floor":1,"key":"SpeedPotion"},{"floor":5,"key":"EntropicBrew"},{"floor":14,"key":"Weak Potion"},{"floor":16,"key":"Strength Potion"},{"floor":19,"key":"Block Potion"},{"floor":21,"key":"Weak Potion"}],"is_trial":false,"path_per_floor":["M","M","M","M","M","R","$","M","T","$","?","?","R","M","R","B",null,"M","M","M","M","?","R","E"],"character_chosen":"THE_SILENT","items_purchased":["Blur","Backflip"],"campfire_rested":1,"item_purchase_floors":[7,7],"current_hp_per_floor":[63,63,63,63,62,62,62,62,62,62,62,55,55,53,63,46,63,63,63,39,39,60,60,0],"gold":210,"neow_bonus":"REMOVE_TWO","is_prod":false,"is_daily":false,"chose_seed":false,"campfire_upgraded":3,"win_rate":0.0,"timestamp":1565257909,"path_taken":["M","M","M","M","M","R","$","M","T","$","?","?","R","M","R","BOSS","M","M","M","M","?","R","E"],"build_version":"2019-07-17","purchased_purges":0,"victory":false,"max_hp_per_floor":[63,63,63,63,63,63,63,63,63,63,63,63,63,63,63,63,63,63,63,63,63,63,63,63],"card_choices":[{"not_picked":["Terror","Outmaneuver"],"picked":"Well Laid Plans","floor":1},{"not_picked":["Backflip","Calculated Gamble"],"picked":"Escape Plan","floor":2},{"not_picked":["All Out Attack","Underhanded Strike"],"picked":"Skewer","floor":3},{"not_picked":["Blade Dance","Deflect"],"picked":"Outmaneuver","floor":4},{"not_picked":["PiercingWail","Poisoned Stab"],"picked":"Backstab","floor":5},{"not_picked":["Deadly Poison","Sucker Punch"],"picked":"Reflex","floor":8},{"not_picked":["Backflip","Dagger Spray","Sucker Punch"],"picked":"Corpse Explosion","floor":14},{"not_picked":["Wraith Form v2+1","After Image+1","Doppelganger"],"picked":"Adrenaline","floor":16},{"not_picked":["Caltrops+1","Outmaneuver","Deadly Poison"],"picked":"Backflip","floor":18},{"not_picked":["Bane","Flying Knee+1","Endless Agony+1"],"picked":"Deadly Poison","floor":19},{"not_picked":["Quick Slash","Dash","Deadly Poison"],"picked":"Calculated Gamble","floor":20},{"not_picked":["Bane","Quick Slash","Distraction"],"picked":"Backflip","floor":21}],"player_experience":29111,"relics_obtained":[{"floor":9,"key":"Frozen Egg 2"}],"event_choices":[{"cards_removed":["Strike_G"],"damage_healed":0,"gold_gain":0,"player_choice":"Card Removal","damage_taken":0,"max_hp_gain":0,"max_hp_loss":0,"event_name":"The Cleric","floor":11,"gold_loss":50},{"damage_healed":0,"gold_gain":0,"player_choice":"Success","damage_taken":7,"relics_obtained":["Question Card"],"max_hp_gain":0,"max_hp_loss":0,"event_name":"Scrap Ooze","floor":12,"gold_loss":0},{"damage_healed":21,"gold_gain":0,"player_choice":"Heal","damage_taken":0,"max_hp_gain":0,"max_hp_loss":0,"event_name":"The Library","floor":22,"gold_loss":0}],"is_beta":false,"boss_relics":[{"not_picked":["Snecko Eye","WristBlade"],"picked":"Cursed Key"}],"items_purged_floors":[],"is_endless":false,"potions_floor_spawned":[1,5,14,16,19,21],"killed_by":"Gremlin Leader","ascension_level":0}