{"gold_per_floor":[117,129,19,34,34,34,34,44,44,5,5,37,37,57,57,162,162,174,99,198,113,131,131,131,131,184,184,194,22,22,36,36,139,139,157,209,16,16,33,33,368,368,368,388,388,388,405,416,416,416],"floor_reached":51,"playtime":3924,"items_purged":["Strike_R","Defend_R","Defend_R"],"score":698,"play_id":"20776af6-4b38-46ba-b1df-e19fe4ea7dbc","local_time":"20190817010045","is_ascension_mode":false,"campfire_choices":[{"data":"Searing Blow+1","floor":7,"key":"SMITH"},{"data":"Searing Blow+2","floor":11,"key":"SMITH"},{"data":"Searing Blow+3","floor":13,"key":"SMITH"},{"data":"True Grit","floor":15,"key":"SMITH"},{"data":"Searing Blow+4","floor":23,"key":"SMITH"},{"data":"Searing Blow+6","floor":25,"key":"SMITH"},{"data":"Searing Blow+7","floor":27,"key":"SMITH"},{"data":"Searing Blow+8","floor":32,"key":"SMITH"},{"data":"Searing Blow+9","floor":40,"key":"SMITH"},{"data":"Searing Blow+10","floor":42,"key":"SMITH"},{"data":"Headbutt","floor":46,"key":"SMITH"},{"data":"Searing Blow+12","floor":49,"key":"SMITH"}],"neow_cost":"NONE","seed_source_timestamp":246914212966100,"circlet_count":0,"master_deck":["Strike_R","Strike_R","Strike_R+1","Defend_R+1","Defend_R+1","Bash+1","True Grit+1","Searing Blow+13","Headbutt+1","Armaments+1","Armaments+1","Corruption+1","Double Tap+1","Dual Wield+1"],"relics":["Burning Blood","Toxic Egg 2","WingedGreaves","Coffee Dripper","Potion Belt","Bag of Marbles","MutagenicStrength","Velvet Choker","Incense Burner","Old Coin","War Paint"],"potions_floor_usage":[16,31,33,36,36,41,41,44,44],"damage_taken":[{"damage":7,"enemies":"Cultist","floor":1,"turns":5},{"damage":2,"enemies":"2 Louse","floor":2,"turns":5},{"damage":3,"enemies":"Small Slimes","floor":4,"turns":4},{"damage":2,"enemies":"Blue Slaver","floor":8,"turns":5},{"damage":10,"enemies":"3 Sentries","floor":12,"turns":7},{"damage":2,"enemies":"Large Slime","floor":14,"turns":4},{"damage":2,"enemies":"Slime Boss","floor":16,"turns":7},{"damage":10,"enemies":"2 Thieves","floor":18,"turns":4},{"damage":5,"enemies":"Shell Parasite","floor":22,"turns":3},{"damage":0,"enemies":"Snecko","floor":28,"turns":2},{"damage":9,"enemies":"Sentry and Sphere","floor":31,"turns":3},{"damage":7,"enemies":"Champ","floor":33,"turns":4},{"damage":0,"enemies":"Orb Walker","floor":35,"turns":2},{"damage":55,"enemies":"2 Orb Walkers","floor":36,"turns":5},{"damage":0,"enemies":"3 Shapes","floor":39,"turns":4},{"damage":0,"enemies":"Giant Head","floor":41,"turns":3},{"damage":8,"enemies":"3 Darklings","floor":44,"turns":4},{"damage":14,"enemies":"4 Shapes","floor":47,"turns":3},{"damage":0,"enemies":"Spire Growth","floor":48,"turns":1},{"damage":22,"enemies":"Donu and Deca","floor":50,"turns":6}],"seed_played":"1771094496608684972","potions_obtained":[{"floor":4,"key":"SteroidPotion"},{"floor":8,"key":"GamblersBrew"},{"floor":12,"key":"Energy Potion"},{"floor":18,"key":"Ancient Potion"},{"floor":22,"key":"LiquidBronze"},{"floor":31,"key":"EssenceOfSteel"},{"floor":39,"key":"Regen Potion"},{"floor":41,"key":"Block Potion"},{"floor":47,"key":"SpeedPotion"},{"floor":48,"key":"Poison Potion"}],"is_trial":false,"path_per_floor":["M","M","$","M","?","?","R","M","T","?","R","E","R","M","R","B",null,"M","?","?","?","M","R","?","R","T","R","M","$","?","M","R","B",null,"M","?","$","?","M","R","E","R","T","M","?","R","M","M","R","B",null],"character_chosen":"IRONCLAD","items_purchased":["Searing Blow","Armaments+1","Block Potion","Double Tap+1"],"campfire_rested":0,"item_purchase_floors":[3,29,29,37],"current_hp_per_floor":[79,80,80,80,80,64,64,68,68,68,68,64,64,68,68,72,80,76,76,76,76,77,77,77,77,77,77,80,80,80,77,77,76,80,80,31,31,31,37,37,52,52,52,50,50,50,42,48,48,32],"gold":416,"neow_bonus":"UPGRADE_CARD","is_prod":false,"is_daily":false,"chose_seed":false,"campfire_upgraded":12,"win_rate":0,"timestamp":1566014445,"path_taken":["M","M","$","M","?","?","R","M","T","?","R","E","R","M","R","BOSS","M","?","?","?","?","R","?","R","T","R","?","$","?","M","R","BOSS","M","?","$","?","M","R","E","R","T","M","?","R","M","M","R","BOSS"],"build_version":"2019-07-17","purchased_purges":3,"victory":true,"max_hp_per_floor":[80,80,80,80,80,80,80,80,80,80,80,80,80,80,80,80,80,80,80,80,80,80,80,80,80,80,80,80,80,80,80,80,80,80,80,80,80,80,80,80,80,80,80,80,80,80,80,80,80,80],"card_choices":[{"not_picked":["Cleave","Twin Strike"],"picked":"True Grit","floor":1},{"not_picked":["Bloodletting","Shockwave","Burning Pact"],"picked":"SKIP","floor":2},{"not_picked":["True Grit","Searing Blow","Thunderclap"],"picked":"SKIP","floor":4},{"not_picked":["Power Through","Perfected Strike"],"picked":"Headbutt","floor":8},{"not_picked":["Pommel Strike","Infernal Blade+1","Flex+1"],"picked":"SKIP","floor":12},{"not_picked":["Thunderclap","Dark Embrace"],"picked":"Armaments+1","floor":14},{"not_picked":["Twin Strike","Sword Boomerang","Shrug It Off+1"],"picked":"SKIP","floor":18},{"not_picked":["Shrug It Off+1","Headbutt+1","Reckless Charge"],"picked":"SKIP","floor":22},{"not_picked":["Iron Wave","Shrug It Off+1","Headbutt+1"],"picked":"SKIP","floor":28},{"not_picked":["Inflame","Dropkick","Body Slam"],"picked":"SKIP","floor":31},{"not_picked":["Fire Breathing+1","Thunderclap+1"],"picked":"Corruption+1","floor":35},{"not_picked":["True Grit+1","Twin Strike+1"],"picked":"Dual Wield+1","floor":39},{"not_picked":["Carnage","Infernal Blade+1","Iron Wave+1"],"picked":"SKIP","floor":41},{"not_picked":["Inflame+1","Headbutt+1","Twin Strike+1"],"picked":"SKIP","floor":44},{"not_picked":["Shrug It Off+1","Carnage+1","Body Slam"],"picked":"SKIP","floor":47},{"not_picked":["Clash","Shrug It Off+1","Body Slam"],"picked":"SKIP","floor":48}],"player_experience":39269,"relics_obtained":[{"floor":9,"key":"Toxic Egg 2"},{"floor":12,"key":"WingedGreaves"},{"floor":26,"key":"Bag of Marbles"},{"floor":36,"key":"Incense Burner"},{"floor":41,"key":"Old Coin"},{"floor":43,"key":"War Paint"}],"event_choices":[{"damage_healed":0,"gold_gain":0,"player_choice":"Grow","damage_taken":0,"max_hp_gain":0,"max_hp_loss":0,"event_name":"Living Wall","floor":5,"gold_loss":0,"cards_upgraded":["Searing Blow"]},{"damage_healed":0,"gold_gain":0,"player_choice":"Entered Light","damage_taken":16,"max_hp_gain":0,"max_hp_loss":0,"event_name":"Shining Light","floor":6,"gold_loss":0,"cards_upgraded":["Defend_R","Strike_R"]},{"damage_healed":0,"gold_gain":0,"player_choice":"Left Gold","damage_taken":0,"max_hp_gain":0,"max_hp_loss":0,"event_name":"World of Goop","floor":10,"gold_loss":39},{"cards_removed":["Strike_R"],"damage_healed":0,"gold_gain":0,"player_choice":"Gave Gold","damage_taken":0,"max_hp_gain":0,"max_hp_loss":0,"event_name":"Beggar","floor":19,"gold_loss":75},{"damage_healed":0,"gold_gain":99,"player_choice":"Stole From Cult","damage_taken":0,"max_hp_gain":0,"max_hp_loss":0,"event_name":"Nest","floor":20,"gold_loss":0},{"damage_healed":0,"gold_gain":0,"player_choice":"Obtained Relic","damage_taken":0,"relics_obtained":["Potion Belt"],"max_hp_gain":0,"max_hp_loss":0,"event_name":"Addict","floor":21,"gold_loss":85},{"damage_healed":0,"gold_gain":0,"player_choice":"Upgraded","damage_taken":0,"max_hp_gain":0,"max_hp_loss":0,"event_name":"Upgrade Shrine","floor":24,"gold_loss":0,"cards_upgraded":["Searing Blow"]},{"damage_healed":0,"gold_gain":0,"player_choice":"Inject Mutagens","damage_taken":0,"relics_obtained":["MutagenicStrength"],"max_hp_gain":0,"max_hp_loss":0,"event_name":"Drug Dealer","floor":30,"gold_loss":0},{"damage_healed":0,"gold_gain":0,"player_choice":"Fight","damage_taken":0,"max_hp_gain":0,"max_hp_loss":0,"event_name":"Mysterious Sphere","floor":36,"gold_loss":0},{"damage_healed":0,"gold_gain":0,"player_choice":"Memory 1","damage_taken":0,"max_hp_gain":0,"max_hp_loss":0,"event_name":"SensoryStone","floor":38,"gold_loss":0},{"damage_healed":0,"gold_gain":0,"player_choice":"Upgraded","damage_taken":0,"max_hp_gain":0,"max_hp_loss":0,"event_name":"Upgrade Shrine","floor":45,"gold_loss":0,"cards_upgraded":["Searing Blow"]}],"is_beta":false,"boss_relics":[{"not_picked":["Orrery","Runic Dome"],"picked":"Coffee Dripper"},{"not_picked":["Cursed Key","Philosopher\u0027s Stone"],"picked":"Velvet Choker"}],"items_purged_floors":[3,29,37],"is_endless":false,"potions_floor_spawned":[4,8,12,18,22,31,39,41,47,48],"ascension_level":0}