{"gold_per_floor":[116,116,116,132,151,151,180,190,259,259,276,295,314,187,187,266,266,237,15,33,33,45,45,59,59,59,78,78,125,140,170,170,170],"floor_reached":33,"playtime":2609,"items_purged":[],"score":513,"play_id":"4dc62c9a-aa03-453d-bef3-5c971eacb0a9","local_time":"20190802192114","is_ascension_mode":true,"campfire_choices":[{"floor":6,"key":"REST"},{"floor":10,"key":"REST"},{"floor":15,"key":"REST"},{"floor":23,"key":"REST"},{"floor":25,"key":"REST"},{"floor":32,"key":"REST"}],"neow_cost":"NONE","seed_source_timestamp":1476673115016,"circlet_count":0,"master_deck":["AscendersBane","Survivor+1","Neutralize","Blade Dance","Backflip","Dagger Spray","Dagger Spray","Terror","Malaise","Flying Knee","Dagger Spray","After Image","Blade Dance","Deflect","Crippling Poison","Flying Knee","Venomology","Night Terror","Leg Sweep","Concentrate","Escape Plan","Flechettes","Dagger Spray+1","Quick Slash","Heel Hook","Bouncing Flask","Backstab","Shame","Cloak And Dagger","Caltrops"],"relics":["Black Star","Mango","War Paint","Pantograph","Tiny Chest","Pandora\u0027s Box","Toolbox","Gremlin Horn","Art of War","Smiling Mask","Bottled Flame","Omamori"],"potions_floor_usage":[7,16,22,22,24,27,30,31,33,33,33],"damage_taken":[{"damage":0,"enemies":"2 Louse","floor":1,"turns":4},{"damage":8,"enemies":"Small Slimes","floor":4,"turns":5},{"damage":0,"enemies":"Jaw Worm","floor":5,"turns":7},{"damage":34,"enemies":"3 Sentries","floor":7,"turns":10},{"damage":1,"enemies":"2 Fungi Beasts","floor":8,"turns":3},{"damage":3,"enemies":"Blue Slaver","floor":11,"turns":3},{"damage":6,"enemies":"Looter","floor":12,"turns":3},{"damage":28,"enemies":"Large Slime","floor":13,"turns":6},{"damage":16,"enemies":"Hexaghost","floor":16,"turns":16},{"damage":34,"enemies":"2 Thieves","floor":18,"turns":5},{"damage":19,"enemies":"Shell Parasite","floor":20,"turns":6},{"damage":9,"enemies":"Snecko","floor":22,"turns":4},{"damage":12,"enemies":"Snake Plant","floor":24,"turns":7},{"damage":15,"enemies":"Centurion and Healer","floor":27,"turns":5},{"damage":13,"enemies":"Sentry and Sphere","floor":30,"turns":4},{"damage":16,"enemies":"Gremlin Leader","floor":31,"turns":7},{"damage":65,"enemies":"Collector","floor":33,"turns":10}],"seed_played":"-5980535190643236123","potions_obtained":[{"floor":1,"key":"EssenceOfSteel"},{"floor":7,"key":"EssenceOfSteel"},{"floor":12,"key":"EssenceOfSteel"},{"floor":24,"key":"Explosive Potion"},{"floor":27,"key":"Poison Potion"},{"floor":31,"key":"GhostInAJar"}],"is_trial":false,"path_per_floor":["M","?","?","M","M","R","E","M","T","R","M","M","M","$","R","B",null,"M","$","M","?","M","R","M","R","T","M","?","T","M","E","R","B"],"character_chosen":"THE_SILENT","items_purchased":["Tiny Chest","Toolbox"],"campfire_rested":6,"item_purchase_floors":[14,19],"current_hp_per_floor":[59,33,33,25,25,44,24,23,23,47,44,38,10,10,34,43,71,37,37,18,18,9,33,36,60,60,45,45,45,32,16,40,0],"gold":170,"neow_bonus":"BOSS_RELIC","is_prod":false,"is_daily":false,"chose_seed":false,"campfire_upgraded":0,"win_rate":0,"timestamp":1564798874,"path_taken":["M","?","?","M","?","R","E","M","T","R","M","M","M","$","R","BOSS","M","$","M","?","M","R","M","R","T","M","?","?","M","E","R","BOSS"],"build_version":"2019-07-17","purchased_purges":0,"victory":false,"max_hp_per_floor":[66,66,66,66,66,66,80,80,80,80,80,80,80,80,80,80,80,80,80,80,80,80,80,80,80,80,80,80,80,80,80,80,80],"card_choices":[{"not_picked":["Caltrops","Slice"],"picked":"Blade Dance","floor":1},{"not_picked":["Endless Agony","Well Laid Plans"],"picked":"Backflip","floor":4},{"not_picked":["Slice","Blur"],"picked":"Dagger Spray","floor":5},{"not_picked":["Distraction","Caltrops"],"picked":"Dagger Spray","floor":7},{"not_picked":["PiercingWail","Endless Agony"],"picked":"Terror","floor":8},{"not_picked":["Tactician","Dash"],"picked":"Malaise","floor":11},{"not_picked":["Dodge and Roll","Bane"],"picked":"Flying Knee","floor":12},{"not_picked":["Sucker Punch","Accuracy"],"picked":"Dagger Spray","floor":13},{"not_picked":["Adrenaline","Night Terror"],"picked":"After Image","floor":16},{"not_picked":["Dodge and Roll+1","Deadly Poison"],"picked":"Dagger Spray+1","floor":18},{"not_picked":["Escape Plan","Concentrate"],"picked":"Quick Slash","floor":20},{"not_picked":["Well Laid Plans","Concentrate"],"picked":"Heel Hook","floor":22},{"not_picked":["PiercingWail+1","Slice"],"picked":"Bouncing Flask","floor":24},{"not_picked":["Quick Slash","Noxious Fumes"],"picked":"Backstab","floor":27},{"not_picked":["Burst","Masterful Stab+1"],"picked":"Cloak And Dagger","floor":30},{"not_picked":["Blade Dance","Escape Plan"],"picked":"Caltrops","floor":31}],"player_experience":651181,"relics_obtained":[{"floor":7,"key":"Mango"},{"floor":7,"key":"War Paint"},{"floor":9,"key":"Pantograph"},{"floor":26,"key":"Gremlin Horn"},{"floor":29,"key":"Smiling Mask"},{"floor":31,"key":"Bottled Flame"},{"floor":31,"key":"Omamori"}],"event_choices":[{"damage_healed":0,"gold_gain":0,"player_choice":"Fled","damage_taken":26,"max_hp_gain":0,"max_hp_loss":0,"event_name":"Scrap Ooze","floor":2,"gold_loss":0},{"damage_healed":0,"gold_gain":0,"player_choice":"Ignored","damage_taken":0,"max_hp_gain":0,"max_hp_loss":0,"event_name":"Golden Wing","floor":3,"gold_loss":0},{"damage_healed":0,"gold_gain":0,"player_choice":"Ignored","damage_taken":0,"max_hp_gain":0,"max_hp_loss":0,"event_name":"Ghosts","floor":21,"gold_loss":0},{"damage_healed":0,"gold_gain":0,"player_choice":"Stole Relic","damage_taken":0,"relics_obtained":["Art of War"],"max_hp_gain":0,"max_hp_loss":0,"event_name":"Addict","floor":28,"gold_loss":0,"cards_obtained":["Shame"]}],"is_beta":false,"boss_relics":[{"not_picked":["Fusion Hammer","Runic Dome"],"picked":"Pandora\u0027s Box"}],"items_purged_floors":[],"is_endless":false,"potions_floor_spawned":[1,7,12,13,20,24,27,31],"killed_by":"Collector","ascension_level":16}