{"gold_per_floor":[118,43,43,62,81,81,81,95,148,168,184,217,227,238,238,343,393,409,409,349,349,349,380,414,414,439,163,163,189,201,211,211,211],"floor_reached":33,"playtime":2777,"items_purged":["Regret","Defend_B"],"score":312,"play_id":"c744aff6-a292-4a6f-8652-9193da6f646c","local_time":"20190808201922","is_ascension_mode":false,"campfire_choices":[{"floor":15,"key":"REST"},{"floor":28,"key":"REST"},{"floor":32,"key":"REST"}],"neow_cost":"CURSE","seed_source_timestamp":460310561058146,"circlet_count":0,"master_deck":["Defend_B+1","Defend_B","Defend_B","Zap","Dualcast","Rip and Tear","FTL","Skim","Loop","Coolheaded","Conserve Battery","Rebound","Compile Driver","Seek","Conserve Battery","Cold Snap","Electrodynamics","Conserve Battery","Lockon","Defragment","Redo","Reinforced Body","Undo","Chrysalis","Darkness","Defragment+1"],"relics":["Cracked Core","WarpedTongs","Bag of Preparation","Centennial Puzzle","Tiny House","PreservedInsect","Red Mask","Dream Catcher","Pear"],"potions_floor_usage":[8,16,24,24,24,29,31,31,33,33,33],"damage_taken":[{"damage":1,"enemies":"Jaw Worm","floor":1,"turns":2},{"damage":3,"enemies":"Cultist","floor":4,"turns":3},{"damage":3,"enemies":"Small Slimes","floor":5,"turns":3},{"damage":13,"enemies":"Gremlin Gang","floor":8,"turns":5},{"damage":4,"enemies":"2 Fungi Beasts","floor":10,"turns":3},{"damage":1,"enemies":"3 Louse","floor":11,"turns":3},{"damage":11,"enemies":"3 Sentries","floor":12,"turns":7},{"damage":6,"enemies":"Large Slime","floor":13,"turns":3},{"damage":0,"enemies":"Looter","floor":14,"turns":3},{"damage":3,"enemies":"The Guardian","floor":16,"turns":10},{"damage":15,"enemies":"Shell Parasite","floor":18,"turns":7},{"damage":15,"enemies":"2 Thieves","floor":20,"turns":4},{"damage":17,"enemies":"Gremlin Leader","floor":23,"turns":6},{"damage":31,"enemies":"Masked Bandits","floor":24,"turns":8},{"damage":3,"enemies":"Book of Stabbing","floor":29,"turns":6},{"damage":24,"enemies":"Snecko","floor":30,"turns":6},{"damage":6,"enemies":"3 Cultists","floor":31,"turns":5},{"damage":61,"enemies":"Collector","floor":33,"turns":7}],"seed_played":"5401103784918241236","potions_obtained":[{"floor":1,"key":"SteroidPotion"},{"floor":5,"key":"Block Potion"},{"floor":8,"key":"SkillPotion"},{"floor":12,"key":"Swift Potion"},{"floor":17,"key":"Explosive Potion"},{"floor":24,"key":"EssenceOfSteel"},{"floor":30,"key":"EntropicBrew"},{"floor":31,"key":"Regen Potion"}],"is_trial":false,"path_per_floor":["M","$","?","M","M","$","?","M","T","M","M","E","M","M","R","B",null,"M","?","M","?","?","E","?","?","T","$","R","E","M","M","R","B"],"character_chosen":"DEFECT","items_purchased":["Chrysalis"],"campfire_rested":3,"item_purchase_floors":[27],"current_hp_per_floor":[74,74,74,71,68,68,68,55,55,51,50,39,33,33,55,52,80,65,65,50,50,50,33,2,2,2,2,26,33,9,3,30,0],"gold":211,"neow_bonus":"TRANSFORM_TWO_CARDS","is_prod":false,"is_daily":false,"chose_seed":false,"campfire_upgraded":0,"win_rate":0.0,"timestamp":1565288362,"path_taken":["M","$","?","M","?","?","?","M","T","M","M","E","?","M","R","BOSS","M","?","M","?","?","E","?","?","T","$","R","E","M","M","R","BOSS"],"build_version":"2019-07-17","purchased_purges":2,"victory":false,"max_hp_per_floor":[75,75,75,75,75,75,75,75,75,75,75,75,75,75,75,75,80,80,80,80,80,80,80,80,80,80,80,80,90,90,90,90,90],"card_choices":[{"not_picked":["Go for the Eyes","Melter"],"picked":"Skim","floor":1},{"not_picked":["FTL","Hologram"],"picked":"Loop","floor":4},{"not_picked":["Steam","Blizzard"],"picked":"Coolheaded","floor":5},{"not_picked":["Redo","BootSequence"],"picked":"Conserve Battery","floor":8},{"not_picked":["Ball Lightning","Gash"],"picked":"Rebound","floor":10},{"not_picked":["Steam","Ball Lightning"],"picked":"Compile Driver","floor":11},{"not_picked":["Redo","Melter"],"picked":"Seek","floor":12},{"not_picked":["Skim","Streamline"],"picked":"Conserve Battery","floor":13},{"not_picked":["Reinforced Body","Storm"],"picked":"Cold Snap","floor":14},{"not_picked":["Thunder Strike","Amplify"],"picked":"Electrodynamics","floor":16},{"not_picked":["Undo","Streamline"],"picked":"Conserve Battery","floor":17},{"not_picked":["Reprogram","Coolheaded"],"picked":"Lockon","floor":18},{"not_picked":["Go for the Eyes","Hologram"],"picked":"Redo","floor":20},{"not_picked":["Conserve Battery","Storm+1","Chill"],"picked":"SKIP","floor":23},{"not_picked":["Beam Cell","Storm","Gash"],"picked":"SKIP","floor":29},{"not_picked":["Cold Snap","Beam Cell","Streamline"],"picked":"SKIP","floor":30},{"not_picked":["Redo","Steam"],"picked":"Darkness","floor":31},{"not_picked":["Genetic Algorithm","All For One"],"picked":"Defragment+1","floor":32}],"player_experience":46066,"relics_obtained":[{"floor":9,"key":"Bag of Preparation"},{"floor":12,"key":"Centennial Puzzle"},{"floor":23,"key":"PreservedInsect"},{"floor":24,"key":"Red Mask"},{"floor":26,"key":"Dream Catcher"},{"floor":29,"key":"Pear"}],"event_choices":[{"damage_healed":0,"gold_gain":0,"player_choice":"Rummage","damage_taken":0,"relics_obtained":["WarpedTongs"],"max_hp_gain":0,"max_hp_loss":0,"event_name":"Accursed Blacksmith","floor":3,"gold_loss":0,"cards_obtained":["Pain"]},{"cards_removed":["Pain"],"damage_healed":0,"gold_gain":0,"player_choice":"Purged","damage_taken":0,"max_hp_gain":0,"max_hp_loss":0,"event_name":"Purifier","floor":7,"gold_loss":0},{"damage_healed":0,"gold_gain":0,"player_choice":"Read","damage_taken":0,"max_hp_gain":0,"max_hp_loss":0,"event_name":"The Library","floor":19,"gold_loss":0,"cards_obtained":["Defragment"]},{"damage_healed":0,"gold_gain":0,"player_choice":"Ignored","damage_taken":0,"max_hp_gain":0,"max_hp_loss":0,"event_name":"Ghosts","floor":21,"gold_loss":0},{"damage_healed":0,"gold_gain":0,"cards_transformed":["Strike_B","Strike_B"],"player_choice":"Became Test Subject","damage_taken":0,"max_hp_gain":0,"max_hp_loss":0,"event_name":"Drug Dealer","floor":22,"gold_loss":0,"cards_obtained":["Reinforced Body","Undo"]},{"damage_healed":0,"gold_gain":0,"player_choice":"Fought Bandits","damage_taken":0,"max_hp_gain":0,"max_hp_loss":0,"event_name":"Masked Bandits","floor":24,"gold_loss":0},{"damage_healed":0,"gold_gain":0,"player_choice":"Ignored","damage_taken":0,"max_hp_gain":0,"max_hp_loss":0,"event_name":"Vampires","floor":25,"gold_loss":0}],"is_beta":false,"boss_relics":[{"not_picked":["Busted Crown","Eternal Feather"],"picked":"Tiny House"}],"items_purged_floors":[2,27],"is_endless":false,"potions_floor_spawned":[1,5,8,12,13,18,24,30,31],"killed_by":"Collector","ascension_level":0}