{"gold_per_floor":[116,131,131,57,57,92,92,115,139,89,89,100,111,129,129,227,227,227,227,227,227,227,227,227,227,227,227,227,227,180,180,180,180,180,180,180,180,34,34,34,34,34,34,34,34,34,34,34,34,34],"floor_reached":50,"playtime":2711,"items_purged":[],"score":587,"play_id":"24398a23-7421-46eb-b161-763e18644048","local_time":"20190814200238","is_ascension_mode":true,"campfire_choices":[{"floor":7,"key":"REST"},{"floor":15,"key":"REST"},{"floor":24,"key":"REST"},{"floor":27,"key":"REST"},{"floor":32,"key":"REST"},{"floor":41,"key":"REST"},{"floor":44,"key":"REST"},{"floor":47,"key":"REST"},{"floor":49,"key":"REST"}],"neow_cost":"NONE","seed_source_timestamp":611131795612252,"circlet_count":0,"master_deck":["Defend_B","Defend_B","Defend_B","Defend_B","Zap+1","Dualcast","Go for the Eyes","Barrage","Core Surge","Gash","Conserve Battery","Gash","Fission","Sunder","Coolheaded","Echo Form","Conserve Battery","Rip and Tear+1","Leap","Go for the Eyes","Creative AI","Glacier","Cold Snap+1","Doubt","Heatsinks+1","Madness","Madness"],"relics":["Cracked Core","Blue Candle","Orichalcum","Odd Mushroom","Happy Flower","Ectoplasm","Red Mask","Kunai","Mercury Hourglass","Potion Belt","Juzu Bracelet","Empty Cage","PreservedInsect","Frozen Egg 2","Singing Bowl","Vajra"],"potions_floor_usage":[16,19,19,23,28,33,40,50,50],"damage_taken":[{"damage":7,"enemies":"Jaw Worm","floor":1,"turns":3},{"damage":3,"enemies":"2 Louse","floor":2,"turns":3},{"damage":25,"enemies":"Lagavulin","floor":6,"turns":7},{"damage":13,"enemies":"The Mushroom Lair","floor":8,"turns":4},{"damage":0,"enemies":"Cultist","floor":12,"turns":3},{"damage":9,"enemies":"3 Louse","floor":13,"turns":3},{"damage":0,"enemies":"2 Fungi Beasts","floor":14,"turns":2},{"damage":40,"enemies":"The Guardian","floor":16,"turns":11},{"damage":12,"enemies":"Shell Parasite","floor":18,"turns":5},{"damage":16,"enemies":"Masked Bandits","floor":19,"turns":5},{"damage":11,"enemies":"3 Byrds","floor":21,"turns":5},{"damage":9,"enemies":"Gremlin Leader","floor":23,"turns":9},{"damage":6,"enemies":"3 Cultists","floor":25,"turns":4},{"damage":2,"enemies":"Book of Stabbing","floor":28,"turns":5},{"damage":14,"enemies":"Centurion and Healer","floor":29,"turns":5},{"damage":50,"enemies":"Collector","floor":33,"turns":12},{"damage":6,"enemies":"3 Shapes","floor":35,"turns":5},{"damage":3,"enemies":"Orb Walker","floor":37,"turns":5},{"damage":32,"enemies":"Reptomancer","floor":40,"turns":7},{"damage":51,"enemies":"Transient","floor":42,"turns":5},{"damage":22,"enemies":"Giant Head","floor":46,"turns":11},{"damage":72,"enemies":"Donu and Deca","floor":50,"turns":7}],"seed_played":"6917922127155183262","potions_obtained":[{"floor":2,"key":"Explosive Potion"},{"floor":6,"key":"Ancient Potion"},{"floor":8,"key":"GamblersBrew"},{"floor":11,"key":"Block Potion"},{"floor":18,"key":"SpeedPotion"},{"floor":19,"key":"SkillPotion"},{"floor":28,"key":"Poison Potion"},{"floor":33,"key":"Fruit Juice"},{"floor":35,"key":"Ancient Potion"},{"floor":40,"key":"LiquidBronze"}],"is_trial":false,"path_per_floor":["M","M","?","$","?","E","R","?","T","?","?","M","M","M","R","B",null,"M","?","?","M","T","E","R","M","T","R","E","M","$","?","R","B",null,"M","?","M","$","?","E","R","M","T","R","$","E","R","?","R","B"],"character_chosen":"DEFECT","items_purchased":["Gash","Conserve Battery","Go for the Eyes","PreservedInsect"],"campfire_rested":9,"item_purchase_floors":[4,4,30,38],"current_hp_per_floor":[68,65,65,65,62,37,59,46,46,46,46,46,37,37,59,19,75,63,47,47,36,36,27,49,43,43,65,63,49,49,49,71,21,75,69,69,66,66,66,39,63,12,12,36,36,16,40,30,54,0],"gold":34,"neow_bonus":"UPGRADE_CARD","is_prod":false,"is_daily":false,"chose_seed":false,"campfire_upgraded":0,"win_rate":0,"timestamp":1565805758,"path_taken":["M","M","?","$","?","E","R","?","T","?","?","M","?","M","R","BOSS","M","?","?","M","?","E","R","M","T","R","E","M","$","?","R","BOSS","M","?","M","$","?","E","R","M","T","R","?","E","R","?","R","BOSS"],"build_version":"2019-07-17","purchased_purges":0,"victory":false,"max_hp_per_floor":[75,75,75,75,75,75,75,75,75,75,75,75,75,75,75,75,75,75,75,75,75,75,75,75,75,75,75,75,75,75,75,75,75,75,75,75,75,75,75,80,80,80,80,80,80,82,82,82,82,82],"card_choices":[{"not_picked":["Streamline","Scrape"],"picked":"Go for the Eyes","floor":1},{"not_picked":["Sweeping Beam","Storm"],"picked":"Barrage","floor":2},{"not_picked":["Thunder Strike","Darkness","Fusion"],"picked":"SKIP","floor":6},{"not_picked":["Cold Snap","Fusion"],"picked":"Gash","floor":8},{"not_picked":["Hologram","Stack"],"picked":"Fission","floor":12},{"not_picked":["Force Field","Streamline"],"picked":"Sunder","floor":13},{"not_picked":["Compile Driver","Barrage"],"picked":"Coolheaded","floor":14},{"not_picked":["Reboot","Multi-Cast"],"picked":"Echo Form","floor":16},{"not_picked":["Self Repair+1","Sunder"],"picked":"Conserve Battery","floor":18},{"not_picked":["Capacitor+1","Steam"],"picked":"Rip and Tear","floor":19},{"not_picked":["Redo","Beam Cell","Lockon+1"],"picked":"SKIP","floor":21},{"not_picked":["Buffer","Steam Power","Fusion"],"picked":"SKIP","floor":23},{"not_picked":["Steam Power","Compile Driver","Genetic Algorithm+1"],"picked":"SKIP","floor":25},{"not_picked":["Recycle","Steam"],"picked":"Rip and Tear+1","floor":28},{"not_picked":["Scrape","Undo"],"picked":"Leap","floor":29},{"not_picked":["Meteor Strike","Core Surge"],"picked":"Creative AI","floor":33},{"not_picked":["Go for the Eyes+1","Turbo+1"],"picked":"Glacier","floor":35},{"not_picked":["Beam Cell","Consume+1"],"picked":"Cold Snap+1","floor":37},{"not_picked":["Sunder+1","Beam Cell+1"],"picked":"Heatsinks+1","floor":40},{"not_picked":["Recycle","Hologram","Reprogram+1"],"picked":"SKIP","floor":42},{"not_picked":["Conserve Battery","Leap","Barrage+1"],"picked":"Singing Bowl","floor":46}],"player_experience":94786,"relics_obtained":[{"floor":6,"key":"Orichalcum"},{"floor":8,"key":"Odd Mushroom"},{"floor":9,"key":"Happy Flower"},{"floor":19,"key":"Red Mask"},{"floor":22,"key":"Kunai"},{"floor":23,"key":"Mercury Hourglass"},{"floor":26,"key":"Potion Belt"},{"floor":28,"key":"Juzu Bracelet"},{"floor":40,"key":"Frozen Egg 2"},{"floor":43,"key":"Singing Bowl"},{"floor":46,"key":"Vajra"}],"event_choices":[{"damage_healed":0,"gold_gain":0,"cards_transformed":["Strike_B"],"player_choice":"Change","damage_taken":0,"max_hp_gain":0,"max_hp_loss":0,"event_name":"Living Wall","floor":3,"gold_loss":0,"cards_obtained":["Core Surge"]},{"damage_healed":0,"gold_gain":0,"player_choice":"Success","damage_taken":3,"relics_obtained":["Blue Candle"],"max_hp_gain":0,"max_hp_loss":0,"event_name":"Scrap Ooze","floor":5,"gold_loss":0},{"damage_healed":0,"gold_gain":0,"player_choice":"Fought Mushrooms","damage_taken":0,"max_hp_gain":0,"max_hp_loss":0,"event_name":"Mushrooms","floor":8,"gold_loss":0},{"cards_removed":["Strike_B"],"damage_healed":0,"gold_gain":0,"player_choice":"Card Removal","damage_taken":0,"max_hp_gain":0,"max_hp_loss":0,"event_name":"The Cleric","floor":10,"gold_loss":50},{"damage_healed":0,"gold_gain":0,"player_choice":"Got Potions","damage_taken":0,"max_hp_gain":0,"max_hp_loss":0,"event_name":"Lab","floor":11,"gold_loss":0},{"damage_healed":0,"gold_gain":0,"player_choice":"Fought Bandits","damage_taken":0,"max_hp_gain":0,"max_hp_loss":0,"event_name":"Masked Bandits","floor":19,"gold_loss":0},{"damage_healed":0,"gold_gain":0,"player_choice":"Ignored","damage_taken":0,"max_hp_gain":0,"max_hp_loss":0,"event_name":"Vampires","floor":20,"gold_loss":0},{"damage_healed":0,"gold_gain":0,"player_choice":"Bought 0 Potions","damage_taken":0,"max_hp_gain":0,"max_hp_loss":0,"event_name":"The Woman in Blue","floor":31,"gold_loss":0},{"cards_removed":["Rip and Tear"],"damage_healed":0,"gold_gain":0,"player_choice":"Removed Attack","damage_taken":0,"max_hp_gain":0,"max_hp_loss":0,"event_name":"Falling","floor":36,"gold_loss":0},{"damage_healed":0,"gold_gain":0,"player_choice":"1 cards matched","damage_taken":0,"max_hp_gain":0,"max_hp_loss":0,"event_name":"Match and Keep!","floor":39,"gold_loss":0,"cards_obtained":["Doubt"]},{"damage_healed":0,"gold_gain":0,"player_choice":"Embrace Madness","damage_taken":10,"max_hp_gain":0,"max_hp_loss":0,"event_name":"Winding Halls","floor":48,"gold_loss":0,"cards_obtained":["Madness","Madness"]}],"is_beta":false,"boss_relics":[{"not_picked":["Philosopher\u0027s Stone","Coffee Dripper"],"picked":"Ectoplasm"},{"not_picked":["Sozu","Busted Crown"],"picked":"Empty Cage"}],"items_purged_floors":[],"is_endless":false,"potions_floor_spawned":[2,6,8,14,18,19,28,33,35,40],"killed_by":"Donu and Deca","ascension_level":2}