{"gold_per_floor":[116,134,144,154,169,169,197,197,197,197,232,251,251,277,277,372,372,388,388,388,399,409,409,409,409,483,494,526,305,5,33,33,131,181,200,211,32,0,11,42,42,102,102,102,122,122,122,135,135,135],"floor_reached":51,"playtime":3433,"items_purged":[],"score":1263,"play_id":"c7344de7-dabc-4ab6-8659-70c1f0177f5e","local_time":"20180723150009","is_ascension_mode":true,"campfire_choices":[{"data":"Stack","floor":6,"key":"SMITH"},{"floor":8,"key":"REST"},{"floor":13,"key":"REST"},{"data":"Loop","floor":15,"key":"SMITH"},{"floor":23,"key":"REST"},{"floor":32,"key":"REST"},{"data":"Defragment","floor":41,"key":"SMITH"},{"floor":46,"key":"REST"},{"floor":49,"key":"REST"}],"neow_cost":"NONE","seed_source_timestamp":6589368903666,"circlet_count":0,"master_deck":["Strike_B+1","Strike_B+1","Defend_B+1","Defend_B+1","Defend_B+1","Defend_B+1","Zap","Dualcast","AscendersBane","Cold Snap","Stack+1","Chaos","Go for the Eyes","Loop+1","Sweeping Beam","Ball Lightning+1","Cold Snap+1","Tempest","Thunder Strike+1","Ball Lightning+1","Ball Lightning+1","Stack+1","Leap","Defragment+1","BootSequence","Conserve Battery+1","White Noise+1","Echo Form","Storm","Blizzard+1","Stack+1","Seek","Bandage Up","Glacier+1","Loop+1","Amplify","Flash of Steel+1","Blizzard+1","Static Discharge+1"],"relics":["Cracked Core","DataDisk","Molten Egg 2","War Paint","Thread and Needle","Inserter","Cables","Gremlin Horn","Oddly Smooth Stone","OrangePellets","Bottled Tornado","Tiny House","Red Mask","Regal Pillow","Tiny Chest","Orichalcum"],"potions_floor_usage":[5,11,27,28,28,31,36,39,45,47,50],"damage_taken":[{"damage":2,"enemies":"Jaw Worm","floor":1,"turns":3},{"damage":5,"enemies":"2 Louse","floor":2,"turns":2},{"damage":0,"enemies":"Small Slimes","floor":3,"turns":2},{"damage":15,"enemies":"Blue Slaver","floor":4,"turns":4},{"damage":0,"enemies":"Looter","floor":5,"turns":3},{"damage":25,"enemies":"3 Sentries","floor":7,"turns":9},{"damage":10,"enemies":"Lagavulin","floor":11,"turns":7},{"damage":5,"enemies":"Red Slaver","floor":12,"turns":3},{"damage":7,"enemies":"3 Sentries","floor":14,"turns":5},{"damage":0,"enemies":"Slime Boss","floor":16,"turns":8},{"damage":13,"enemies":"3 Byrds","floor":18,"turns":5},{"damage":22,"enemies":"2 Thieves","floor":21,"turns":4},{"damage":15,"enemies":"3 Cultists","floor":22,"turns":5},{"damage":0,"enemies":"Sentry and Sphere","floor":27,"turns":4},{"damage":32,"enemies":"Slavers","floor":28,"turns":5},{"damage":0,"enemies":"Gremlin Leader","floor":31,"turns":5},{"damage":5,"enemies":"Automaton","floor":33,"turns":10},{"damage":19,"enemies":"Flame Bruiser 1 Orb","floor":35,"turns":6},{"damage":12,"enemies":"3 Shapes","floor":36,"turns":3},{"damage":16,"enemies":"Transient","floor":39,"turns":5},{"damage":3,"enemies":"Nemesis","floor":40,"turns":5},{"damage":44,"enemies":"2 Orb Walkers","floor":42,"turns":4},{"damage":0,"enemies":"Flame Bruiser 2 Orb","floor":45,"turns":6},{"damage":0,"enemies":"4 Shapes","floor":47,"turns":1},{"damage":11,"enemies":"Transient","floor":48,"turns":5},{"damage":57,"enemies":"Time Eater","floor":50,"turns":6}],"seed_played":"4819108763816612467","potions_obtained":[{"floor":2,"key":"Weak Potion"},{"floor":4,"key":"Block Potion"},{"floor":11,"key":"FearPotion"},{"floor":16,"key":"Energy Potion"},{"floor":27,"key":"Fruit Juice"},{"floor":33,"key":"Regen Potion"},{"floor":34,"key":"SkillPotion"},{"floor":36,"key":"Swift Potion"},{"floor":40,"key":"SmokeBomb"},{"floor":48,"key":"Weak Potion"}],"is_trial":false,"path_per_floor":["M","M","M","M","M","R","E","R","T","?","E","M","R","E","R","B",null,"M","?","?","M","M","R","?","?","T","M","E","$","$","E","R","B",null,"M","M","$","?","M","E","R","E","T","?","M","R","M","M","R","B"],"character_chosen":"DEFECT","items_purchased":["Oddly Smooth Stone","BootSequence","OrangePellets","Conserve Battery","Fire Potion","Seek","Bandage Up"],"campfire_rested":6,"item_purchase_floors":[29,29,30,30,30,37,37],"current_hp_per_floor":[73,68,68,53,53,53,28,52,52,57,47,42,68,61,61,61,81,68,68,68,46,31,57,57,57,57,57,30,30,30,30,57,52,87,68,56,56,56,63,64,64,20,20,20,20,64,64,57,97,40],"gold":135,"neow_bonus":"TEN_PERCENT_HP_BONUS","is_prod":false,"is_daily":false,"chose_seed":false,"campfire_upgraded":3,"win_rate":0,"timestamp":1532383209,"path_taken":["M","M","M","M","M","R","E","R","T","?","E","M","R","E","R","BOSS","M","?","?","?","M","R","?","?","T","M","E","?","$","E","R","BOSS","M","M","$","?","M","E","R","E","T","?","M","R","M","?","R","BOSS"],"build_version":"2018-07-19v2","purchased_purges":0,"victory":true,"max_hp_per_floor":[82,82,82,82,82,82,82,82,82,87,87,87,87,87,87,87,87,87,87,87,87,87,87,87,87,87,87,92,92,92,92,92,92,97,97,97,97,97,97,97,97,97,97,97,97,97,97,97,97,97],"card_choices":[{"not_picked":["Turbo","Steam"],"picked":"Cold Snap","floor":1},{"not_picked":["Consume","Rebound"],"picked":"Stack","floor":2},{"not_picked":["Streamline","Stack"],"picked":"Chaos","floor":3},{"not_picked":["Redo","Gash"],"picked":"Go for the Eyes","floor":4},{"not_picked":["Steam Power","Barrage"],"picked":"Loop","floor":5},{"not_picked":["Streamline","Tempest"],"picked":"Sweeping Beam","floor":7},{"not_picked":["Reprogram","Sunder+1"],"picked":"Ball Lightning+1","floor":11},{"not_picked":["Undo","Coolheaded"],"picked":"Cold Snap+1","floor":12},{"not_picked":["Coolheaded","Multi-Cast"],"picked":"Tempest","floor":14},{"not_picked":["Reboot","Meteor Strike+1"],"picked":"Thunder Strike+1","floor":16},{"not_picked":["Redo","Cold Snap+1"],"picked":"Ball Lightning+1","floor":18},{"not_picked":["Doom and Gloom+1","Stack"],"picked":"Ball Lightning+1","floor":21},{"not_picked":["Go for the Eyes+1","Gash+1"],"picked":"Stack+1","floor":22},{"not_picked":["Steam Power","Hologram"],"picked":"Leap","floor":27},{"not_picked":["Electrodynamics","Double Energy"],"picked":"Defragment","floor":28},{"not_picked":["Rebound+1","Reinforced Body"],"picked":"White Noise+1","floor":31},{"not_picked":["Buffer","Thunder Strike+1"],"picked":"Echo Form","floor":33},{"not_picked":["Beam Cell+1","Redo+1"],"picked":"Storm","floor":34},{"not_picked":["Cold Snap+1","Turbo"],"picked":"Blizzard+1","floor":35},{"not_picked":["Fusion","Streamline+1"],"picked":"Stack+1","floor":36},{"not_picked":["Rebound+1","Genetic Algorithm+1"],"picked":"Glacier+1","floor":39},{"not_picked":["Steam","Coolheaded+1"],"picked":"Loop+1","floor":40},{"not_picked":["Beam Cell+1","Steam Power"],"picked":"Amplify","floor":42},{"not_picked":["Deep Breath","Dark Shackles"],"picked":"Flash of Steel+1","floor":44},{"not_picked":["Streamline+1","Steam"],"picked":"Blizzard+1","floor":45},{"not_picked":["Self Repair","Cold Snap+1"],"picked":"Static Discharge+1","floor":48}],"player_experience":562773,"relics_obtained":[{"floor":7,"key":"DataDisk"},{"floor":9,"key":"Molten Egg 2"},{"floor":11,"key":"War Paint"},{"floor":14,"key":"Thread and Needle"},{"floor":26,"key":"Cables"},{"floor":28,"key":"Gremlin Horn"},{"floor":31,"key":"Bottled Tornado"},{"floor":40,"key":"Regal Pillow"},{"floor":42,"key":"Tiny Chest"},{"floor":43,"key":"Orichalcum"}],"event_choices":[{"event_name":"Big Fish","player_choice":"Donut","floor":10,"damage_taken":0},{"event_name":"Drug Dealer","player_choice":"Ignored","floor":19,"damage_taken":0},{"event_name":"Bonfire Elementals","player_choice":"BASIC","floor":20,"damage_taken":0},{"event_name":"Purifier","player_choice":"One Purge","floor":24,"damage_taken":0},{"event_name":"Back to Basics","player_choice":"Simplicity","floor":25,"damage_taken":0},{"event_name":"Tomb of Lord Red Mask","player_choice":"Paid","floor":38,"damage_taken":0},{"event_name":"SensoryStone","player_choice":"Memory 1","floor":44,"damage_taken":0}],"is_beta":false,"boss_relics":[{"not_picked":["Runic Pyramid","Lizard Tail"],"picked":"Inserter"},{"not_picked":["Pandora\u0027s Box","Velvet Choker"],"picked":"Tiny House"}],"items_purged_floors":[],"is_endless":false,"potions_floor_spawned":[2,4,11,16,27,33,36,40,48],"ascension_level":10}