{"gold_per_floor":[116,132,132,151,151,151,171,205,205,205,226,226],"floor_reached":12,"playtime":679,"items_purged":[],"score":136,"play_id":"24d80172-f962-438d-8bd4-9ff3f4ac2dd3","local_time":"20190808142538","is_ascension_mode":true,"campfire_choices":[{"data":"White Noise","floor":6,"key":"SMITH"}],"neow_cost":"NONE","seed_source_timestamp":14439172151535,"circlet_count":0,"master_deck":["AscendersBane","Strike_B","Strike_B","Strike_B","Strike_B","Defend_B","Defend_B","Defend_B","Defend_B","Zap+1","Dualcast","Beam Cell","Scrape","White Noise+1","Go for the Eyes","Lockon","Injury","Storm"],"relics":["Cracked Core","Question Card","Cables","Bottled Lightning","Golden Idol"],"potions_floor_usage":[8,8,12],"damage_taken":[{"damage":12,"enemies":"Jaw Worm","floor":1,"turns":3},{"damage":0,"enemies":"Small Slimes","floor":2,"turns":3},{"damage":0,"enemies":"Cultist","floor":4,"turns":3},{"damage":21,"enemies":"Exordium Thugs","floor":7,"turns":5},{"damage":15,"enemies":"3 Sentries","floor":8,"turns":7},{"damage":0,"enemies":"Exordium Wildlife","floor":11,"turns":3},{"damage":8,"enemies":"Blue Slaver","floor":12,"turns":1}],"seed_played":"-5828227262813666944","potions_obtained":[{"floor":2,"key":"SpeedPotion"},{"floor":7,"key":"Block Potion"},{"floor":11,"key":"SneckoOil"}],"is_trial":false,"path_per_floor":["M","M","?","M","?","R","M","E","T","?","M","M"],"character_chosen":"DEFECT","items_purchased":[],"campfire_rested":0,"item_purchase_floors":[],"current_hp_per_floor":[59,59,59,59,41,41,20,5,5,5,5,0],"gold":226,"neow_bonus":"TEN_PERCENT_HP_BONUS","is_prod":false,"is_daily":false,"chose_seed":false,"campfire_upgraded":1,"win_rate":0,"timestamp":1565299538,"path_taken":["M","M","?","M","?","R","?","E","T","?","M","M"],"build_version":"2019-07-17","purchased_purges":0,"victory":false,"max_hp_per_floor":[78,78,78,78,78,78,78,78,78,78,78,78],"card_choices":[{"not_picked":["Steam","Redo"],"picked":"Beam Cell","floor":1},{"not_picked":["Streamline","Beam Cell"],"picked":"Scrape","floor":2},{"not_picked":["Stack","Melter"],"picked":"White Noise","floor":4},{"not_picked":["Beam Cell","Rebound","Hologram"],"picked":"Go for the Eyes","floor":7},{"not_picked":["Streamline","Barrage","Coolheaded"],"picked":"Lockon","floor":8},{"not_picked":["Beam Cell","Redo","BootSequence"],"picked":"Storm","floor":11}],"player_experience":663790,"relics_obtained":[{"floor":8,"key":"Cables"},{"floor":9,"key":"Bottled Lightning"}],"event_choices":[{"damage_healed":0,"gold_gain":0,"player_choice":"Grow","damage_taken":0,"max_hp_gain":0,"max_hp_loss":0,"event_name":"Living Wall","floor":3,"gold_loss":0,"cards_upgraded":["Zap"]},{"damage_healed":0,"gold_gain":0,"player_choice":"Success","damage_taken":18,"relics_obtained":["Question Card"],"max_hp_gain":0,"max_hp_loss":0,"event_name":"Scrap Ooze","floor":5,"gold_loss":0},{"damage_healed":0,"gold_gain":0,"player_choice":"Take Wound","damage_taken":0,"relics_obtained":["Golden Idol"],"max_hp_gain":0,"max_hp_loss":0,"event_name":"Golden Idol","floor":10,"gold_loss":0,"cards_obtained":["Injury"]}],"is_beta":false,"boss_relics":[],"items_purged_floors":[],"is_endless":false,"potions_floor_spawned":[2,7,11],"killed_by":"Blue Slaver","ascension_level":14}