{"gold_per_floor":[112,112,112,77,96,122,137,9,35,35,35,55,55,88,88,187,187,204,204,119,0,18,18,43,43,68,68,98,109,109,34,34,130,130,140,140,150,165,165,165,184,184,260,260],"floor_reached":44,"playtime":2817,"items_purged":["Normality"],"score":613,"play_id":"7229df0f-0c75-4f84-9d5c-d94f0fe62144","local_time":"20180712191355","is_ascension_mode":true,"campfire_choices":[{"data":"Storm","floor":11,"key":"SMITH"},{"floor":13,"key":"REST"},{"data":"Chaos","floor":15,"key":"SMITH"},{"data":"Creative AI","floor":23,"key":"SMITH"},{"data":"Defragment","floor":25,"key":"SMITH"},{"floor":32,"key":"REST"},{"data":"Mind Blast","floor":40,"key":"SMITH"},{"floor":42,"key":"REST"}],"neow_cost":"CURSE","seed_source_timestamp":6709714895896,"circlet_count":0,"master_deck":["Strike_B+1","Strike_B","Defend_B","Defend_B","Defend_B","Defend_B","Zap","Dualcast","Clumsy","Gash","Stack+1","Self Repair","Static Discharge","Skim","Storm+1","Chaos+1","Conserve Battery","Go for the Eyes","Defragment+1","Go for the Eyes","Ball Lightning","Creative AI+1","Force Field","Static Discharge","Glacier","Sweeping Beam","Stack","Genetic Algorithm+1","BootSequence","Undo","Electrodynamics","Leap+1","Mind Blast+1","Bandage Up","Mind Blast","Force Field+1","Auto Shields+1","Reinforced Body+1","Writhe"],"relics":["Cracked Core","Dream Catcher","Boot","Orichalcum","Oddly Smooth Stone","Cursed Key","Pen Nib","Incense Burner","Vajra","Bottled Flame","Black Star","Dodecahedron"],"potions_floor_usage":[16,24,33,33,41,41],"damage_taken":[{"damage":7,"enemies":"Small Slimes","floor":1,"turns":4},{"damage":2,"enemies":"Jaw Worm","floor":5,"turns":4},{"damage":29,"enemies":"3 Sentries","floor":6,"turns":7},{"damage":1,"enemies":"Cultist","floor":7,"turns":4},{"damage":14,"enemies":"Exordium Wildlife","floor":12,"turns":3},{"damage":18,"enemies":"Lagavulin","floor":14,"turns":5},{"damage":10,"enemies":"Slime Boss","floor":16,"turns":8},{"damage":12,"enemies":"3 Byrds","floor":18,"turns":3},{"damage":0,"enemies":"Chosen","floor":22,"turns":5},{"damage":10,"enemies":"Gremlin Leader","floor":24,"turns":7},{"damage":38,"enemies":"Book of Stabbing","floor":28,"turns":5},{"damage":23,"enemies":"3 Cultists","floor":29,"turns":5},{"damage":17,"enemies":"Collector","floor":33,"turns":8},{"damage":19,"enemies":"3 Darklings","floor":35,"turns":5},{"damage":0,"enemies":"3 Shapes","floor":37,"turns":3},{"damage":20,"enemies":"Maw","floor":38,"turns":9},{"damage":15,"enemies":"4 Shapes","floor":41,"turns":2},{"damage":77,"enemies":"Giant Head","floor":44,"turns":7}],"seed_played":"8135977609440029946","potions_obtained":[{"floor":7,"key":"SteroidPotion"},{"floor":14,"key":"FearPotion"},{"floor":16,"key":"Weak Potion"},{"floor":22,"key":"Strength Potion"},{"floor":29,"key":"Dexterity Potion"},{"floor":33,"key":"Swift Potion"},{"floor":38,"key":"Explosive Potion"}],"is_trial":false,"path_per_floor":["M","?","?","?","M","E","M","$","T","?","R","M","R","E","R","B",null,"M","?","?","$","M","R","E","R","T","?","E","M","?","$","R","B",null,"M","?","M","M","?","R","M","R","T"],"character_chosen":"DEFECT","items_purchased":["Chaos","Conserve Battery","Go for the Eyes","Static Discharge","Glacier"],"campfire_rested":3,"item_purchase_floors":[8,8,8,21,21],"current_hp_per_floor":[61,46,28,46,51,29,35,35,35,40,40,33,57,46,46,43,71,66,66,66,66,73,73,70,70,70,70,39,23,8,8,33,23,70,58,48,52,50,50,50,39,64,64,0],"gold":260,"neow_bonus":"TRANSFORM_TWO_CARDS","is_prod":false,"is_daily":false,"chose_seed":false,"campfire_upgraded":5,"win_rate":0,"timestamp":1531448035,"path_taken":["M","?","?","?","M","E","M","$","T","?","R","M","R","E","R","BOSS","M","?","?","$","?","R","E","R","T","?","E","M","?","$","R","BOSS","M","?","M","M","?","R","?","R","T","E"],"build_version":"2018-07-05","purchased_purges":1,"victory":false,"max_hp_per_floor":[75,75,75,75,75,75,75,75,75,80,80,80,80,80,80,80,80,80,80,80,80,80,80,80,80,80,80,80,80,85,85,85,85,85,85,85,85,85,85,85,85,85,85,85],"card_choices":[{"not_picked":["Go for the Eyes","Undo"],"picked":"Self Repair","floor":1},{"not_picked":["Stack","Compile Driver"],"picked":"Static Discharge","floor":5},{"not_picked":["Reinforced Body","Stack"],"picked":"Skim","floor":6},{"not_picked":["Compile Driver","BootSequence"],"picked":"Storm","floor":7},{"not_picked":["Stack","Reinforced Body"],"picked":"Defragment","floor":12},{"not_picked":["Blizzard","Redo"],"picked":"Go for the Eyes","floor":13},{"not_picked":["Skim","Steam"],"picked":"Ball Lightning","floor":14},{"not_picked":["Meteor Strike","Hyperbeam"],"picked":"Creative AI","floor":16},{"not_picked":["Consume+1","Tempest"],"picked":"Force Field","floor":18},{"not_picked":["Redo","Compile Driver"],"picked":"Sweeping Beam","floor":22},{"not_picked":["Rebound","Reprogram+1"],"picked":"Stack","floor":24},{"not_picked":["Steam Power+1","Defragment"],"picked":"Genetic Algorithm+1","floor":28},{"not_picked":["Stack","Rebound+1"],"picked":"BootSequence","floor":29},{"not_picked":["Rip and Tear","Go for the Eyes"],"picked":"Undo","floor":32},{"not_picked":["Multi-Cast","Core Surge"],"picked":"Electrodynamics","floor":33},{"not_picked":["Defragment","Skim"],"picked":"Leap+1","floor":35},{"not_picked":["Sadistic Nature","Jack Of All Trades"],"picked":"Mind Blast","floor":36},{"not_picked":["Blind","Swift Strike"],"picked":"Bandage Up","floor":36},{"not_picked":["Blind","Jack Of All Trades"],"picked":"Mind Blast","floor":36},{"not_picked":["Hologram","BootSequence+1"],"picked":"Force Field+1","floor":37},{"not_picked":["Gash+1","Go for the Eyes"],"picked":"Auto Shields+1","floor":38},{"not_picked":["Self Repair+1","Turbo"],"picked":"Reinforced Body+1","floor":41}],"player_experience":514932,"relics_obtained":[{"floor":6,"key":"Boot"},{"floor":9,"key":"Orichalcum"},{"floor":14,"key":"Oddly Smooth Stone"},{"floor":24,"key":"Incense Burner"},{"floor":26,"key":"Vajra"},{"floor":28,"key":"Bottled Flame"},{"floor":43,"key":"Dodecahedron"}],"event_choices":[{"event_name":"Shining Light","player_choice":"Entered Light","floor":2,"damage_taken":0},{"event_name":"Scrap Ooze","player_choice":"success","floor":3,"damage_taken":18},{"event_name":"The Cleric","player_choice":"Healed","floor":4,"damage_taken":0},{"event_name":"Big Fish","player_choice":"Donut","floor":10,"damage_taken":0},{"event_name":"Drug Dealer","player_choice":"Ignored","floor":19,"damage_taken":0},{"event_name":"Addict","player_choice":"Obtained Relic","floor":20,"damage_taken":0},{"event_name":"Beggar","player_choice":"Ignored","floor":27,"damage_taken":0},{"event_name":"Forgotten Altar","player_choice":"Shed Blood","floor":30,"damage_taken":0},{"event_name":"SensoryStone","player_choice":"Memory 3","floor":36,"damage_taken":0},{"event_name":"Tomb of Lord Red Mask","player_choice":"Ignored","floor":39,"damage_taken":0}],"boss_relics":[{"not_picked":["Runic Pyramid","Empty Cage"],"picked":"Cursed Key"},{"not_picked":["Eternal Feather","Lizard Tail"],"picked":"Black Star"}],"items_purged_floors":[31],"is_endless":false,"potions_floor_spawned":[7,14,16,22,29,33,38],"killed_by":"Giant Head","ascension_level":6}