{"gold_per_floor":[13,29,29,29,7,7,28,28,28,28,51,74,88,52,52,171,234,259,274,292,221,221],"floor_reached":22,"playtime":1807,"items_purged":[],"score":177,"play_id":"e32158ae-c4ef-4bd2-8a22-ae1dcaf687ef","local_time":"20190806072736","is_ascension_mode":false,"campfire_choices":[{"floor":6,"key":"REST"},{"data":"Die Die Die","floor":8,"key":"SMITH"},{"data":"Neutralize","floor":15,"key":"SMITH"}],"neow_cost":"NO_GOLD","seed_source_timestamp":17225248065644,"circlet_count":0,"master_deck":["Strike_G","Strike_G","Strike_G","Strike_G","Strike_G","Defend_G+1","Defend_G","Defend_G","Defend_G","Defend_G","Survivor","Neutralize+1","Die Die Die+1","Sucker Punch","Deflect","Outmaneuver+1","Leg Sweep+1","Dagger Throw","Burst+1","Terror+1","Blur+1","Bullet Time+1","Noxious Fumes","Blade Dance+1","Crippling Poison+1","Outmaneuver+1","Malaise+1"],"relics":["Ring of the Snake","Golden Idol","Toxic Egg 2","Pantograph","Spirit Poop","Tiny House"],"potions_floor_usage":[16],"damage_taken":[{"damage":0,"enemies":"Small Slimes","floor":1,"turns":3},{"damage":0,"enemies":"2 Louse","floor":2,"turns":1},{"damage":0,"enemies":"Cultist","floor":7,"turns":5},{"damage":0,"enemies":"Gremlin Gang","floor":11,"turns":6},{"damage":0,"enemies":"Exordium Wildlife","floor":12,"turns":4},{"damage":0,"enemies":"Looter","floor":13,"turns":4},{"damage":20,"enemies":"Hexaghost","floor":16,"turns":16},{"damage":3,"enemies":"3 Byrds","floor":18,"turns":6},{"damage":5,"enemies":"Shell Parasite","floor":19,"turns":6},{"damage":41,"enemies":"Sentry and Sphere","floor":20,"turns":9},{"damage":26,"enemies":"Shelled Parasite and Fungi","floor":22,"turns":2}],"seed_played":"-6542825021064149817","potions_obtained":[{"floor":2,"key":"Strength Potion"},{"floor":16,"key":"Regen Potion"},{"floor":17,"key":"Poison Potion"},{"floor":19,"key":"FearPotion"}],"is_trial":false,"path_per_floor":["M","M","?","?","$","R","M","R","T","?","M","M","M","$","R","B",null,"M","M","M","$","M"],"character_chosen":"THE_SILENT","items_purchased":["Outmaneuver+1","Blur+1","Malaise+1"],"campfire_rested":1,"item_purchase_floors":[5,14,21],"current_hp_per_floor":[70,70,53,53,53,70,70,70,70,70,70,70,70,70,70,50,75,72,67,26,26,0],"gold":221,"neow_bonus":"THREE_RARE_CARDS","is_prod":false,"is_daily":false,"chose_seed":false,"campfire_upgraded":2,"win_rate":0.0,"timestamp":1565101656,"path_taken":["M","M","?","?","$","R","M","R","T","?","M","M","M","$","R","BOSS","M","M","M","$","M"],"build_version":"2019-07-17","purchased_purges":0,"victory":false,"max_hp_per_floor":[70,70,70,70,70,70,70,70,70,70,70,70,70,70,70,70,75,75,75,75,75,75],"card_choices":[{"not_picked":["Bullet Time","Tools of the Trade"],"picked":"Die Die Die","floor":0},{"not_picked":["Dagger Throw","Outmaneuver"],"picked":"Sucker Punch","floor":1},{"not_picked":["Underhanded Strike","Acrobatics"],"picked":"Deflect","floor":2},{"not_picked":["Outmaneuver+1","Sucker Punch"],"picked":"Leg Sweep+1","floor":7},{"not_picked":["Sucker Punch","Acrobatics+1"],"picked":"Dagger Throw","floor":11},{"not_picked":["Sucker Punch","Acrobatics+1"],"picked":"Burst+1","floor":12},{"not_picked":["Deadly Poison+1","PiercingWail+1"],"picked":"Terror+1","floor":13},{"not_picked":["Die Die Die","A Thousand Cuts"],"picked":"Bullet Time+1","floor":16},{"not_picked":["Tactician+1","Masterful Stab"],"picked":"Noxious Fumes","floor":17},{"not_picked":["Dagger Spray","Sucker Punch+1"],"picked":"Blade Dance+1","floor":18},{"not_picked":["Finisher","Backflip+1"],"picked":"Crippling Poison+1","floor":19},{"not_picked":["Die Die Die","Slice"],"picked":"Outmaneuver+1","floor":20}],"player_experience":10315,"relics_obtained":[{"floor":9,"key":"Pantograph"}],"event_choices":[{"damage_healed":0,"gold_gain":0,"player_choice":"Take Damage","damage_taken":17,"relics_obtained":["Golden Idol"],"max_hp_gain":0,"max_hp_loss":0,"event_name":"Golden Idol","floor":3,"gold_loss":0},{"damage_healed":0,"gold_gain":0,"player_choice":"Box","damage_taken":0,"relics_obtained":["Toxic Egg 2"],"max_hp_gain":0,"max_hp_loss":0,"event_name":"Big Fish","floor":4,"gold_loss":0,"cards_obtained":["Regret"]},{"cards_removed":["Regret"],"damage_healed":0,"gold_gain":0,"player_choice":"Offered Curse","damage_taken":0,"relics_obtained":["Spirit Poop"],"max_hp_gain":0,"max_hp_loss":0,"event_name":"Bonfire Elementals","floor":10,"gold_loss":0}],"is_beta":false,"boss_relics":[{"not_picked":["WristBlade","Ectoplasm"],"picked":"Tiny House"}],"items_purged_floors":[],"is_endless":false,"potions_floor_spawned":[2,16,19],"killed_by":"Shelled Parasite and Fungi","ascension_level":0}