{"gold_per_floor":[114,20,20,37,37,62,62,77,130,193,193,225,236,248,248,322,322,339,339,349,349,349,349,377,377,432,432,10,28,45,55,55,55],"floor_reached":33,"playtime":1659,"items_purged":[],"score":510,"play_id":"1fc3bbb5-ea15-4275-8c7c-5d1ffa145c52","local_time":"20190812184436","is_ascension_mode":true,"campfire_choices":[{"data":"Seeing Red","floor":7.0,"key":"SMITH"},{"floor":11.0,"key":"REST"},{"data":"Juggernaut","floor":15.0,"key":"SMITH"},{"floor":23.0,"key":"REST"},{"data":"Barricade","floor":25.0,"key":"SMITH"},{"data":"Metallicize","floor":27.0,"key":"SMITH"},{"floor":32.0,"key":"REST"}],"neow_cost":"NONE","seed_source_timestamp":0,"circlet_count":0,"master_deck":["AscendersBane","Strike_R","Strike_R","Strike_R","Strike_R","Strike_R","Defend_R","Defend_R","Defend_R+1","Defend_R","Bash","Pommel Strike+1","Panacea","Seeing Red+1","Thunderclap","Battle Trance","Metallicize+1","Juggernaut+1","Sword Boomerang","Ghostly Armor","Barricade+1","Metallicize","Flame Barrier","Battle Trance","Mayhem","Juggernaut+1","True Grit","Havoc","Metallicize","Sentinel"],"special_seed":0,"relics":["Burning Blood","NeowsBlessing","Centennial Puzzle","Shuriken","Bronze Scales","Bag of Preparation","Sundial","Lizard Tail","MutagenicStrength","Ancient Tea Set","Pen Nib","DollysMirror"],"potions_floor_usage":[],"damage_taken":[{"damage":0.0,"enemies":"Jaw Worm","floor":1.0,"turns":1.0},{"damage":0.0,"enemies":"2 Louse","floor":4.0,"turns":1.0},{"damage":0.0,"enemies":"Gremlin Nob","floor":6.0,"turns":1.0},{"damage":12.0,"enemies":"Small Slimes","floor":8.0,"turns":2.0},{"damage":25.0,"enemies":"Lagavulin Event","floor":10.0,"turns":5.0},{"damage":21.0,"enemies":"Lagavulin","floor":12.0,"turns":6.0},{"damage":6.0,"enemies":"2 Fungi Beasts","floor":13.0,"turns":3.0},{"damage":0.0,"enemies":"Large Slime","floor":14.0,"turns":4.0},{"damage":28.0,"enemies":"Slime Boss","floor":16.0,"turns":7.0},{"damage":19.0,"enemies":"Spheric Guardian","floor":18.0,"turns":4.0},{"damage":0.0,"enemies":"Chosen","floor":20.0,"turns":4.0},{"damage":63.0,"enemies":"Slavers","floor":24.0,"turns":6.0},{"damage":3.0,"enemies":"Snecko","floor":29.0,"turns":5.0},{"damage":29.0,"enemies":"Snake Plant","floor":30.0,"turns":4.0},{"damage":23.0,"enemies":"Centurion and Healer","floor":31.0,"turns":5.0},{"damage":49,"enemies":"Collector","floor":33,"turns":5}],"seed_played":"5551232815077340108","potions_obtained":[{"floor":6.0,"key":"GamblersBrew"},{"floor":10.0,"key":"Swift Potion"},{"floor":13.0,"key":"AttackPotion"},{"floor":20.0,"key":"Weak Potion"},{"floor":29.0,"key":"Explosive Potion"}],"is_trial":false,"path_per_floor":["M","$","?","M","?","E","R","M","T","?","R","E","M","M","R","B",null,"M","?","M","?","?","R","E","R","T","R","$","M","M","M","R","B"],"character_chosen":"IRONCLAD","items_purchased":["Panacea","DollysMirror","Mayhem","True Grit"],"campfire_rested":3,"item_purchase_floors":[2,28,28,28],"current_hp_per_floor":[74,74,49,55,40,46,46,40,40,21,43,28,28,34,34,12,59,46,46,52,52,38,62,46,46,46,46,46,49,26,9,33,0],"gold":55,"neow_bonus":"THREE_ENEMY_KILL","is_prod":false,"is_daily":false,"chose_seed":false,"campfire_upgraded":4,"win_rate":0,"timestamp":1565660676,"path_taken":["M","$","?","M","?","E","R","M","T","?","R","E","M","M","R","BOSS","M","?","M","?","?","R","E","R","T","R","$","M","M","M","R","BOSS"],"build_version":"2019-07-17","purchased_purges":0,"victory":false,"max_hp_per_floor":[75,75,75,75,75,75,75,75,75,75,75,75,75,75,75,75,75,75,75,75,75,80,80,80,80,80,80,80,80,80,80,80,80],"card_choices":[{"not_picked":["Second Wind","Clash"],"picked":"Pommel Strike","floor":1.0},{"not_picked":["Body Slam","Flex"],"picked":"Seeing Red","floor":4.0},{"not_picked":["Burning Pact","Carnage"],"picked":"Thunderclap","floor":6.0},{"not_picked":["Havoc","Cleave"],"picked":"Battle Trance","floor":8.0},{"not_picked":["Cleave","Hemokinesis"],"picked":"Metallicize","floor":10.0},{"not_picked":["True Grit","Clash"],"picked":"Juggernaut","floor":12.0},{"not_picked":["Sever Soul","Clothesline"],"picked":"Sword Boomerang","floor":13.0},{"not_picked":["Sword Boomerang","Anger"],"picked":"Ghostly Armor","floor":14.0},{"not_picked":["Dark Embrace","Fiend Fire"],"picked":"Barricade","floor":16.0},{"not_picked":["Iron Wave","Flex"],"picked":"Metallicize","floor":18.0},{"not_picked":["Cleave","Corruption"],"picked":"Flame Barrier","floor":20.0},{"not_picked":["Searing Blow","Dual Wield"],"picked":"Battle Trance","floor":24.0},{"not_picked":["Headbutt","Perfected Strike"],"picked":"Havoc","floor":29.0},{"not_picked":["Heavy Blade","Iron Wave"],"picked":"Metallicize","floor":30.0},{"not_picked":["Battle Trance+1","Evolve"],"picked":"Sentinel","floor":31.0}],"player_experience":666557,"relics_obtained":[{"floor":6.0,"key":"Shuriken"},{"floor":9.0,"key":"Bronze Scales"},{"floor":10.0,"key":"Bag of Preparation"},{"floor":12.0,"key":"Sundial"},{"floor":24.0,"key":"Ancient Tea Set"},{"floor":26.0,"key":"Pen Nib"}],"event_choices":[{"damage_healed":0.0,"max_hp_gain":0.0,"max_hp_loss":0.0,"gold_gain":0.0,"event_name":"Scrap Ooze","player_choice":"Success","floor":3.0,"gold_loss":0.0,"damage_taken":25.0,"relics_obtained":["Centennial Puzzle"]},{"damage_healed":0.0,"max_hp_gain":0.0,"max_hp_loss":0.0,"gold_gain":0.0,"event_name":"Shining Light","player_choice":"Entered Light","floor":5.0,"gold_loss":0.0,"damage_taken":15.0,"cards_upgraded":["Defend_R","Pommel Strike"]},{"damage_healed":0.0,"max_hp_gain":0.0,"max_hp_loss":0.0,"gold_gain":0.0,"event_name":"Dead Adventurer","player_choice":"Searched \u00271\u0027 times","floor":10.0,"gold_loss":0.0,"damage_taken":0.0},{"damage_healed":0.0,"max_hp_gain":0.0,"max_hp_loss":0.0,"gold_gain":0.0,"event_name":"Drug Dealer","player_choice":"Inject Mutagens","floor":19.0,"gold_loss":0.0,"damage_taken":0.0,"relics_obtained":["MutagenicStrength"]},{"damage_healed":0.0,"max_hp_gain":0.0,"max_hp_loss":0.0,"gold_gain":0.0,"event_name":"Ghosts","player_choice":"Ignored","floor":21.0,"gold_loss":0.0,"damage_taken":0.0},{"damage_healed":0.0,"max_hp_gain":5.0,"max_hp_loss":0.0,"gold_gain":0.0,"event_name":"Forgotten Altar","player_choice":"Shed Blood","floor":22.0,"gold_loss":0.0,"damage_taken":19.0}],"is_beta":false,"boss_relics":[{"not_picked":["Pandora\u0027s Box","Astrolabe"],"picked":"Lizard Tail"}],"items_purged_floors":[],"is_endless":false,"potions_floor_spawned":[6,10,13,20,29],"killed_by":"Collector","ascension_level":14}