{"gold_per_floor":[111,111,211,230,255,255,330,365,365,365,365,386,402,425,425,544,544,563,18,18,91,107,107,120,120,120,85,135,154,228,248,248,248],"floor_reached":33,"playtime":3430,"items_purged":["Strike_B"],"score":274,"play_id":"3def0f35-140d-4188-a40e-56ef72d8c854","local_time":"20190817035033","is_ascension_mode":false,"campfire_choices":[{"data":"Ball Lightning","floor":6,"key":"SMITH"},{"data":"Storm","floor":10,"key":"SMITH"},{"floor":15,"key":"REST"},{"data":"Rainbow","floor":23,"key":"SMITH"},{"floor":25,"key":"REST"},{"floor":32,"key":"REST"}],"neow_cost":"NONE","seed_source_timestamp":257622804187700,"circlet_count":0,"master_deck":["Strike_B","Strike_B","Defend_B","Defend_B","Zap","Dualcast","Ball Lightning+1","Storm+1","Consume","Capacitor","Rainbow+1","Creative AI+1","Skim+1","Gash+1","Barrage+1","Loop","Cold Snap","Loop","Barrage","Compile Driver","Good Instincts","Clumsy","Cold Snap","Echo Form","Loop+1"],"relics":["Cracked Core","NeowsBlessing","Golden Idol","Blood Vial","Mercury Hourglass","Question Card","Astrolabe","Mummified Hand","SsserpentHead","Kunai","Ancient Tea Set"],"potions_floor_usage":[16,16,29,29,29,33,33,33],"damage_taken":[{"damage":0,"enemies":"Cultist","floor":1,"turns":1},{"damage":0,"enemies":"2 Louse","floor":4,"turns":1},{"damage":0,"enemies":"Lagavulin","floor":8,"turns":1},{"damage":0,"enemies":"Small Slimes","floor":12,"turns":2},{"damage":5,"enemies":"Gremlin Gang","floor":13,"turns":3},{"damage":14,"enemies":"3 Louse","floor":14,"turns":3},{"damage":38,"enemies":"Hexaghost","floor":16,"turns":9},{"damage":26,"enemies":"3 Byrds","floor":18,"turns":4},{"damage":6,"enemies":"Spheric Guardian","floor":21,"turns":3},{"damage":0,"enemies":"Snecko","floor":22,"turns":3},{"damage":8,"enemies":"Chosen and Byrds","floor":24,"turns":4},{"damage":19,"enemies":"Snake Plant","floor":29,"turns":3},{"damage":3,"enemies":"Sentry and Sphere","floor":30,"turns":3},{"damage":28,"enemies":"Shelled Parasite and Fungi","floor":31,"turns":3},{"damage":45,"enemies":"Collector","floor":33,"turns":3}],"seed_played":"-3747715265499012121","potions_obtained":[{"floor":1,"key":"SteroidPotion"},{"floor":11,"key":"Explosive Potion"},{"floor":11,"key":"GamblersBrew"},{"floor":12,"key":"FocusPotion"},{"floor":21,"key":"Dexterity Potion"},{"floor":29,"key":"SteroidPotion"}],"is_trial":false,"path_per_floor":["M","?","?","M","T","R","?","E","T","R","?","M","M","M","R","B",null,"M","$","?","M","M","R","M","R","T","?","?","M","M","M","R","B"],"character_chosen":"DEFECT","items_purchased":["Mummified Hand","Loop","EntropicBrew","Cold Snap","SpeedPotion"],"campfire_rested":3,"item_purchase_floors":[19,19,19,19,19],"current_hp_per_floor":[75,69,69,69,69,69,58,60,60,60,60,62,59,47,67,31,69,43,43,43,39,41,41,35,55,55,55,55,38,37,11,31,0],"gold":248,"neow_bonus":"THREE_ENEMY_KILL","is_prod":false,"is_daily":false,"chose_seed":false,"campfire_upgraded":3,"win_rate":0.0,"timestamp":1566024633,"path_taken":["M","?","?","?","?","R","?","E","T","R","?","M","M","?","R","BOSS","M","$","?","?","M","R","M","R","T","?","?","M","?","M","R","BOSS"],"build_version":"2019-07-17","purchased_purges":1,"victory":false,"max_hp_per_floor":[75,69,69,69,69,69,69,69,69,69,69,69,69,69,69,69,69,69,69,69,69,69,69,69,69,69,69,69,69,69,69,69,69],"card_choices":[{"not_picked":["Compile Driver","Stack"],"picked":"Ball Lightning","floor":1},{"not_picked":["Compile Driver","Hologram","Gash"],"picked":"SKIP","floor":4},{"not_picked":["Fusion","Rebound"],"picked":"Storm","floor":8},{"not_picked":["Conserve Battery","Sweeping Beam","Leap"],"picked":"Consume","floor":12},{"not_picked":["Auto Shields","Steam Power","Chill","Gash"],"picked":"SKIP","floor":13},{"not_picked":["Compile Driver","Barrage","Hologram"],"picked":"Capacitor","floor":14},{"not_picked":["All For One","Seek","Meteor Strike"],"picked":"Rainbow","floor":16},{"not_picked":["Hologram","Double Energy+1","Reprogram"],"picked":"Barrage+1","floor":18},{"not_picked":["Blizzard","Scrape+1","Conserve Battery"],"picked":"Loop","floor":21},{"not_picked":["Aggregate+1","Leap","Ball Lightning"],"picked":"Barrage","floor":22},{"not_picked":["Gash+1","Ball Lightning","Beam Cell"],"picked":"Compile Driver","floor":24},{"not_picked":["Rebound","Sweeping Beam","Barrage+1"],"picked":"Echo Form","floor":29},{"not_picked":["Stack","Redo","Leap"],"picked":"Loop+1","floor":30},{"not_picked":["Static Discharge","Chaos","Conserve Battery","Rip and Tear"],"picked":"SKIP","floor":31}],"player_experience":49301,"relics_obtained":[{"floor":5,"key":"Blood Vial"},{"floor":8,"key":"Mercury Hourglass"},{"floor":9,"key":"Question Card"},{"floor":26,"key":"Kunai"}],"event_choices":[{"damage_healed":0,"gold_gain":0,"player_choice":"Lose Max HP","damage_taken":0,"relics_obtained":["Golden Idol"],"max_hp_gain":0,"max_hp_loss":6,"event_name":"Golden Idol","floor":2,"gold_loss":0},{"damage_healed":0,"gold_gain":100,"player_choice":"Pray","damage_taken":0,"max_hp_gain":0,"max_hp_loss":0,"event_name":"Golden Shrine","floor":3,"gold_loss":0},{"damage_healed":0,"gold_gain":75,"player_choice":"Gather Gold","damage_taken":11,"max_hp_gain":0,"max_hp_loss":0,"event_name":"World of Goop","floor":7,"gold_loss":0},{"damage_healed":0,"gold_gain":0,"player_choice":"Got Potions","damage_taken":0,"max_hp_gain":0,"max_hp_loss":0,"event_name":"Lab","floor":11,"gold_loss":0},{"damage_healed":0,"gold_gain":0,"player_choice":"Trade","damage_taken":0,"relics_obtained":["SsserpentHead"],"max_hp_gain":0,"max_hp_loss":0,"event_name":"FaceTrader","floor":20,"gold_loss":0},{"damage_healed":0,"gold_gain":0,"player_choice":"Obtained Relic","damage_taken":0,"relics_obtained":["Ancient Tea Set"],"max_hp_gain":0,"max_hp_loss":0,"event_name":"Addict","floor":27,"gold_loss":85},{"damage_healed":0,"gold_gain":0,"player_choice":"3 cards matched","damage_taken":0,"max_hp_gain":0,"max_hp_loss":0,"event_name":"Match and Keep!","floor":28,"gold_loss":0,"cards_obtained":["Good Instincts","Clumsy","Cold Snap"]}],"is_beta":false,"boss_relics":[{"not_picked":["Tiny House","Cursed Key"],"picked":"Astrolabe"}],"items_purged_floors":[19],"is_endless":false,"potions_floor_spawned":[1,12,21,24,29],"killed_by":"Collector","ascension_level":0}