{"gold_per_floor":[217,217,182,202,15,15,48,0,25,43,43,43,82,82],"floor_reached":14,"playtime":592,"items_purged":[],"score":178,"play_id":"31807a94-c356-4443-9f12-0ab6a469e7b7","local_time":"20190818165735","is_ascension_mode":true,"campfire_choices":[{"data":"Discovery","floor":6.0,"key":"SMITH"},{"floor":11.0,"key":"REST"}],"neow_cost":"NONE","seed_source_timestamp":0,"circlet_count":0,"master_deck":["AscendersBane","Strike_R","Strike_R","Strike_R","Strike_R","Strike_R","Defend_R","Defend_R","Defend_R","Defend_R","Bash","Sword Boomerang","Armaments","Infernal Blade","Discovery+1","Offering","Cleave","Pummel"],"special_seed":0,"relics":["Burning Blood","Golden Idol","Frozen Egg 2","Blood Vial","Matryoshka"],"potions_floor_usage":[],"damage_taken":[{"damage":5.0,"enemies":"Small Slimes","floor":1.0,"turns":3.0},{"damage":12.0,"enemies":"2 Louse","floor":4.0,"turns":3.0},{"damage":50.0,"enemies":"Gremlin Nob","floor":7.0,"turns":5.0},{"damage":2.0,"enemies":"Jaw Worm","floor":10.0,"turns":4.0},{"damage":40.0,"enemies":"3 Sentries","floor":13.0,"turns":7.0},{"damage":13,"enemies":"Blue Slaver","floor":14,"turns":3}],"seed_played":"8603261538356960046","potions_obtained":[{"floor":7.0,"key":"Poison Potion"}],"is_trial":false,"path_per_floor":["M","?","?","M","$","R","E","?","T","M","R","?","E","M"],"character_chosen":"IRONCLAD","items_purchased":["Infernal Blade","Discovery"],"campfire_rested":1,"item_purchase_floors":[5,5],"current_hp_per_floor":[69,43,61,55,55,55,11,11,11,17,39,39,7,0],"gold":82,"neow_bonus":"HUNDRED_GOLD","is_prod":false,"is_daily":false,"chose_seed":false,"campfire_upgraded":1,"win_rate":0,"timestamp":1566172655,"path_taken":["M","?","?","M","$","R","E","?","T","M","R","?","E","M"],"build_version":"2019-07-17","purchased_purges":0,"victory":false,"max_hp_per_floor":[75,75,75,75,75,75,75,75,75,75,75,75,75,75],"card_choices":[{"not_picked":["Heavy Blade","Intimidate"],"picked":"Sword Boomerang","floor":1.0},{"not_picked":["Carnage","Headbutt"],"picked":"Armaments","floor":4.0},{"not_picked":["Thunderclap","Clothesline"],"picked":"Offering","floor":7.0},{"not_picked":["Rampage","True Grit"],"picked":"Cleave","floor":10.0},{"not_picked":["Wild Strike","Dual Wield"],"picked":"Pummel","floor":13.0}],"player_experience":684970,"relics_obtained":[{"floor":7.0,"key":"Frozen Egg 2"},{"floor":9.0,"key":"Blood Vial"},{"floor":13.0,"key":"Matryoshka"}],"event_choices":[{"damage_healed":0.0,"max_hp_gain":0.0,"max_hp_loss":0.0,"gold_gain":0.0,"event_name":"Golden Idol","player_choice":"Take Damage","floor":2.0,"gold_loss":0.0,"damage_taken":26.0,"relics_obtained":["Golden Idol"]},{"damage_healed":18.0,"max_hp_gain":0.0,"max_hp_loss":0.0,"gold_gain":0.0,"event_name":"The Cleric","player_choice":"Healed","floor":3.0,"gold_loss":35.0,"damage_taken":0.0},{"damage_healed":0.0,"max_hp_gain":0.0,"max_hp_loss":0.0,"gold_gain":0.0,"event_name":"World of Goop","player_choice":"Left Gold","floor":8.0,"gold_loss":48.0,"damage_taken":0.0},{"damage_healed":0.0,"max_hp_gain":0.0,"max_hp_loss":0.0,"gold_gain":0.0,"event_name":"Liars Game","player_choice":"Ignored","floor":12.0,"gold_loss":0.0,"damage_taken":0.0}],"is_beta":false,"boss_relics":[],"items_purged_floors":[],"is_endless":false,"potions_floor_spawned":[7],"killed_by":"Blue Slaver","ascension_level":17}