{"gold_per_floor":[112,72,322,340,409,409,420,595,595,608,228,258,274,299,299,396,396,414,427,427,0,15,15,15,43,96,96,111,111,361,394,394,394],"floor_reached":33,"playtime":1716,"items_purged":["Doubt","Normality"],"score":391,"play_id":"81b39eee-8308-40f4-b22a-3f48f8f6f215","local_time":"20180705181439","is_ascension_mode":true,"campfire_choices":[{"data":"Sweeping Beam","floor":6,"key":"SMITH"},{"data":"Stack","floor":15,"key":"SMITH"},{"floor":23,"key":"REST"},{"data":"Loop","floor":27,"key":"SMITH"},{"data":"Go for the Eyes","floor":29,"key":"SMITH"},{"floor":32,"key":"REST"}],"neow_cost":"NONE","seed_source_timestamp":14322656514929,"circlet_count":0,"master_deck":["Strike_B","Strike_B","Strike_B","Strike_B","Defend_B","Defend_B","Defend_B","Defend_B","Zap","Dualcast","Ball Lightning","Regret","Sweeping Beam+1","Hologram","Conserve Battery","Core Surge","Stack+1","Core Surge+1","Fission","Leap+1","Ball Lightning+1","Sunder","Loop+1","Beam Cell+1","FTL","Go for the Eyes+1","Steam Power","Regret","Cold Snap"],"relics":["Cracked Core","Shuriken","Cables","Orichalcum","Boot","Ornamental Fan","Meat on the Bone","Runic Dome","Lantern","Prayer Wheel","Whetstone","Bag of Preparation","Centennial Puzzle"],"potions_floor_usage":[4,12,14,14,16,33,33],"damage_taken":[{"damage":4,"enemies":"2 Louse","floor":1,"turns":3},{"damage":0,"enemies":"Cultist","floor":4,"turns":2},{"damage":0,"enemies":"Small Slimes","floor":7,"turns":2},{"damage":11,"enemies":"Exordium Thugs","floor":10,"turns":3},{"damage":10,"enemies":"3 Sentries","floor":12,"turns":4},{"damage":0,"enemies":"2 Fungi Beasts","floor":13,"turns":2},{"damage":30,"enemies":"Lagavulin","floor":14,"turns":5},{"damage":39,"enemies":"Hexaghost","floor":16,"turns":9},{"damage":17,"enemies":"Chosen","floor":18,"turns":4},{"damage":18,"enemies":"Shell Parasite","floor":19,"turns":7},{"damage":10,"enemies":"Chosen and Byrds","floor":22,"turns":4},{"damage":34,"enemies":"Slavers","floor":25,"turns":4},{"damage":2,"enemies":"Cultist and Chosen","floor":28,"turns":4},{"damage":27,"enemies":"Book of Stabbing","floor":31,"turns":5},{"damage":56,"enemies":"Champ","floor":33,"turns":8}],"seed_played":"-3432436845357375185","potions_obtained":[{"floor":1,"key":"Fire Potion"},{"floor":2,"key":"EntropicBrew"},{"floor":2,"key":"Regen Potion"},{"floor":13,"key":"Regen Potion"},{"floor":22,"key":"Ancient Potion"}],"is_trial":false,"path_per_floor":["M","?","?","M","T","R","M","?","T","M","$","E","M","E","R","B",null,"M","M","?","$","M","R","?","E","T","R","M","R","?","E","R"],"character_chosen":"DEFECT","items_purchased":["Orichalcum","Boot","Prayer Wheel","Sunder"],"campfire_rested":2,"item_purchase_floors":[11,11,21,21],"current_hp_per_floor":[78,78,78,78,78,78,78,78,78,67,67,69,69,53,53,26,68,51,45,45,45,47,71,71,49,49,49,47,47,47,32,56,0],"gold":394,"neow_bonus":"TEN_PERCENT_HP_BONUS","is_prod":false,"is_daily":false,"chose_seed":false,"campfire_upgraded":4,"win_rate":0,"timestamp":1530839679,"path_taken":["M","?","?","?","?","R","M","?","T","M","$","E","M","E","R","BOSS","M","?","?","$","?","R","?","E","T","R","M","R","?","E","R","BOSS"],"build_version":"2018-06-28","purchased_purges":2,"victory":false,"max_hp_per_floor":[82,82,82,82,82,82,82,82,82,82,82,82,82,82,82,82,82,82,82,82,82,82,82,82,82,82,82,82,82,82,82,82,82],"card_choices":[{"not_picked":["Reprogram","Compile Driver"],"picked":"Ball Lightning","floor":1},{"not_picked":["Turbo","Auto Shields"],"picked":"Sweeping Beam","floor":4},{"not_picked":["Steam","Streamline"],"picked":"Hologram","floor":7},{"not_picked":["Turbo","Barrage"],"picked":"Conserve Battery","floor":10},{"not_picked":["Reinforced Body","Rip and Tear"],"picked":"Core Surge","floor":12},{"not_picked":["Sweeping Beam","Rebound"],"picked":"Stack","floor":13},{"not_picked":["Sweeping Beam","Reinforced Body"],"picked":"Core Surge","floor":14},{"not_picked":["Hyperbeam","Multi-Cast"],"picked":"Fission","floor":16},{"not_picked":["Stack","Skim"],"picked":"Leap+1","floor":18},{"not_picked":["Force Field","FTL"],"picked":"Ball Lightning+1","floor":19},{"not_picked":["Double Energy","Coolheaded"],"picked":"Loop","floor":22},{"not_picked":["Gash","Conserve Battery+1"],"picked":"Beam Cell","floor":22},{"not_picked":["Sweeping Beam","Leap+1"],"picked":"FTL","floor":25},{"not_picked":["Loop","Compile Driver"],"picked":"Go for the Eyes","floor":28},{"not_picked":["Recycle","Multi-Cast"],"picked":"Steam Power","floor":28},{"not_picked":["Aggregate","Rebound+1"],"picked":"Cold Snap","floor":31}],"player_experience":483825,"relics_obtained":[{"floor":5,"key":"Shuriken"},{"floor":9,"key":"Cables"},{"floor":12,"key":"Ornamental Fan"},{"floor":14,"key":"Meat on the Bone"},{"floor":25,"key":"Whetstone"},{"floor":26,"key":"Bag of Preparation"},{"floor":31,"key":"Centennial Puzzle"}],"event_choices":[{"event_name":"The Woman in Blue","player_choice":"Bought 3 Potions","floor":2,"damage_taken":0},{"event_name":"Golden Shrine","player_choice":"Desecrate","floor":3,"damage_taken":0},{"event_name":"Liars Game","player_choice":"agreed","floor":8,"damage_taken":0},{"event_name":"Accursed Blacksmith","player_choice":"Rummage","floor":20,"damage_taken":0},{"event_name":"N\u0027loth","player_choice":"Ignored","floor":24,"damage_taken":0},{"event_name":"Golden Shrine","player_choice":"Desecrate","floor":30,"damage_taken":0}],"boss_relics":[{"not_picked":["Philosopher\u0027s Stone","Velvet Choker"],"picked":"Runic Dome"}],"items_purged_floors":[11,21],"is_endless":false,"potions_floor_spawned":[1,13,14,22,31],"killed_by":"Champ","ascension_level":5}