{"gold_per_floor":[112,129,143,159,173,173,191,191,216,23,298,318,332,358,358,460,460,470,470,487,487],"floor_reached":21,"playtime":1099,"items_purged":[],"score":185,"play_id":"b54fb20d-6d67-404f-92bf-21943c5f3ddb","local_time":"20190807010853","is_ascension_mode":false,"campfire_choices":[{"floor":6,"key":"REST"},{"floor":8,"key":"REST"},{"floor":15,"key":"REST"}],"neow_cost":"NONE","seed_source_timestamp":81612559577832,"circlet_count":0,"master_deck":["Strike_B","Strike_B","Strike_B","Strike_B","Defend_B","Defend_B","Defend_B","Defend_B","Zap","Dualcast","Conserve Battery","Rebound","Rebound","Static Discharge","Loop","Ball Lightning","Regret","Doom and Gloom","BootSequence","Creative AI","Redo+1","Normality","Ball Lightning+1"],"relics":["Cracked Core","PreservedInsect","HandDrill","Dodecahedron","Cursed Key","Gremlin Horn"],"potions_floor_usage":[14,16,16],"damage_taken":[{"damage":3,"enemies":"Cultist","floor":1,"turns":5},{"damage":15,"enemies":"Small Slimes","floor":2,"turns":4},{"damage":6,"enemies":"Jaw Worm","floor":3,"turns":3},{"damage":11,"enemies":"Exordium Wildlife","floor":4,"turns":4},{"damage":19,"enemies":"Exordium Thugs","floor":5,"turns":4},{"damage":11,"enemies":"Large Slime","floor":7,"turns":6},{"damage":8,"enemies":"3 Louse","floor":12,"turns":3},{"damage":18,"enemies":"Looter","floor":13,"turns":3},{"damage":11,"enemies":"Gremlin Nob","floor":14,"turns":3},{"damage":44,"enemies":"The Guardian","floor":16,"turns":9},{"damage":31,"enemies":"2 Thieves","floor":18,"turns":4},{"damage":1,"enemies":"Chosen","floor":20,"turns":3},{"damage":56,"enemies":"3 Cultists","floor":21,"turns":4}],"seed_played":"2683444606681803704","potions_obtained":[{"floor":2,"key":"Energy Potion"},{"floor":5,"key":"Block Potion"},{"floor":13,"key":"Fire Potion"},{"floor":14,"key":"Weak Potion"},{"floor":18,"key":"FearPotion"}],"is_trial":false,"path_per_floor":["M","M","M","M","M","R","M","R","T","$","?","M","M","E","R","B",null,"M","T","M","M"],"character_chosen":"DEFECT","items_purchased":["HandDrill"],"campfire_rested":3,"item_purchase_floors":[10],"current_hp_per_floor":[79,64,58,47,28,52,41,65,65,65,65,57,39,28,52,8,82,51,51,50,0],"gold":487,"neow_bonus":"TEN_PERCENT_HP_BONUS","is_prod":false,"is_daily":false,"chose_seed":false,"campfire_upgraded":0,"win_rate":0.0,"timestamp":1565165333,"path_taken":["M","M","M","M","M","R","M","R","T","$","?","M","M","E","R","BOSS","M","?","M","M"],"build_version":"2019-07-17","purchased_purges":0,"victory":false,"max_hp_per_floor":[82,82,82,82,82,82,82,82,82,82,82,82,82,82,82,82,82,82,82,82,82],"card_choices":[{"not_picked":["Gash","Auto Shields"],"picked":"Conserve Battery","floor":1},{"not_picked":["Reinforced Body","Beam Cell"],"picked":"Rebound","floor":2},{"not_picked":["Reprogram","Barrage"],"picked":"Rebound","floor":3},{"not_picked":["White Noise","Leap"],"picked":"Static Discharge","floor":4},{"not_picked":["Compile Driver","Undo"],"picked":"Loop","floor":5},{"not_picked":["Gash","Beam Cell"],"picked":"Ball Lightning","floor":7},{"not_picked":["Double Energy","Sweeping Beam"],"picked":"Doom and Gloom","floor":12},{"not_picked":["Genetic Algorithm","Rip and Tear","Go for the Eyes"],"picked":"SKIP","floor":13},{"not_picked":["Barrage","Steam"],"picked":"BootSequence","floor":14},{"not_picked":["Buffer","Thunder Strike"],"picked":"Creative AI","floor":16},{"not_picked":["Cold Snap+1","Blizzard"],"picked":"Redo+1","floor":18},{"not_picked":["Cold Snap","Self Repair"],"picked":"Ball Lightning+1","floor":20}],"player_experience":17552,"relics_obtained":[{"floor":9,"key":"PreservedInsect"},{"floor":14,"key":"Dodecahedron"},{"floor":19,"key":"Gremlin Horn"}],"event_choices":[{"damage_healed":0,"gold_gain":275,"player_choice":"Desecrate","damage_taken":0,"max_hp_gain":0,"max_hp_loss":0,"event_name":"Golden Shrine","floor":11,"gold_loss":0,"cards_obtained":["Regret"]}],"is_beta":false,"boss_relics":[{"not_picked":["Eternal Feather","Coffee Dripper"],"picked":"Cursed Key"}],"items_purged_floors":[],"is_endless":false,"potions_floor_spawned":[2,5,13,14,18],"killed_by":"3 Cultists","ascension_level":0}