{"gold_per_floor":[369,24,24,24,44,44,77,77,77,112,127,140,140,160,160,255,255,271,35,35,35,0,28,28,28,82,82,111,111,126,159,159,256,256,269,269,288,336,349,380,400,400,400,432,432,432,446,474,474,474],"floor_reached":51,"playtime":3802,"items_purged":["Writhe"],"score":1461,"play_id":"eee4eb8c-bf41-49d2-9951-6112ea83b5ee","local_time":"20181030012900","is_ascension_mode":true,"campfire_choices":[{"data":"Rampage","floor":6,"key":"SMITH"},{"floor":8,"key":"REST"},{"data":"Shrug It Off","floor":13,"key":"SMITH"},{"data":"Shrug It Off","floor":15,"key":"SMITH"},{"floor":25,"key":"REST"},{"data":"Offering","floor":27,"key":"SMITH"},{"floor":29,"key":"REST"},{"data":"Mind Blast","floor":32,"key":"SMITH"},{"data":"Mayhem","floor":42,"key":"SMITH"},{"data":"Armaments","floor":49,"key":"SMITH"}],"neow_cost":"CURSE","seed_source_timestamp":7243564642225,"circlet_count":0,"master_deck":["Strike_R","Strike_R","Strike_R","Strike_R","Strike_R","Defend_R","Defend_R","Defend_R","Defend_R+1","Bash","AscendersBane","Shrug It Off","Corruption+1","Rampage+1","Shrug It Off+1","Sword Boomerang","Rupture","Shrug It Off+1","Sever Soul","Pummel","Offering+1","Armaments+1","Mind Blast+1","Mayhem+1","Inflame","Shame","Decay","Pummel","Spot Weakness","Metallicize+1","Feed","Impervious","Armaments+1","Madness","Madness","True Grit+1","Clothesline+1","Sword Boomerang+1","Spot Weakness+1","Entrench","Seeing Red+1"],"relics":["Burning Blood","Anchor","Lantern","The Courier","Dead Branch","Black Star","Letter Opener","Bottled Tornado","Meat on the Bone","Nilry\u0027s Codex","Centennial Puzzle","War Paint","Vajra","PreservedInsect","Smiling Mask","Sozu","FossilizedHelix","Self Forming Clay","Paper Frog","Boot","Omamori","Juzu Bracelet","Darkstone Periapt","Potion Belt","Orichalcum"],"potions_floor_usage":[10,10,16,18],"damage_taken":[{"damage":8,"enemies":"2 Louse","floor":1,"turns":2},{"damage":2,"enemies":"Small Slimes","floor":5,"turns":3},{"damage":55,"enemies":"Gremlin Nob","floor":7,"turns":6},{"damage":12,"enemies":"Lagavulin","floor":10,"turns":5},{"damage":6,"enemies":"Jaw Worm","floor":11,"turns":4},{"damage":0,"enemies":"3 Louse","floor":12,"turns":1},{"damage":10,"enemies":"Large Slime","floor":14,"turns":6},{"damage":9,"enemies":"Slime Boss","floor":16,"turns":7},{"damage":6,"enemies":"3 Byrds","floor":18,"turns":4},{"damage":23,"enemies":"Gremlin Leader","floor":23,"turns":8},{"damage":20,"enemies":"Book of Stabbing","floor":28,"turns":2},{"damage":8,"enemies":"Chosen","floor":30,"turns":3},{"damage":6,"enemies":"Gremlin Leader","floor":31,"turns":9},{"damage":28,"enemies":"Automaton","floor":33,"turns":5},{"damage":4,"enemies":"3 Darklings","floor":35,"turns":3},{"damage":0,"enemies":"3 Shapes","floor":37,"turns":2},{"damage":0,"enemies":"2 Orb Walkers","floor":38,"turns":3},{"damage":6,"enemies":"Maw","floor":39,"turns":4},{"damage":0,"enemies":"Giant Head","floor":40,"turns":4},{"damage":0,"enemies":"4 Shapes","floor":41,"turns":3},{"damage":11,"enemies":"Nemesis","floor":44,"turns":5},{"damage":0,"enemies":"Jaw Worm Horde","floor":47,"turns":2},{"damage":3,"enemies":"Reptomancer","floor":48,"turns":1},{"damage":0,"enemies":"Donu and Deca","floor":50,"turns":3}],"seed_played":"5182773223040750897","potions_obtained":[{"floor":5,"key":"Swift Potion"},{"floor":7,"key":"PowerPotion"},{"floor":10,"key":"Explosive Potion"},{"floor":14,"key":"Fire Potion"},{"floor":31,"key":"EssenceOfSteel"}],"is_trial":false,"path_per_floor":["M","$","?","?","M","R","E","R","T","E","M","M","R","M","R","B",null,"M","$","?","?","?","E","?","R","T","R","E","R","M","E","R","B",null,"M","?","M","?","M","E","M","R","T","E","?","T","M","E","R","B"],"character_chosen":"IRONCLAD","items_purchased":["Corruption","Anchor","Rampage","Mind Blast","Mayhem","Inflame"],"campfire_rested":3,"item_purchase_floors":[2,2,2,19,19,19],"current_hp_per_floor":[70,70,70,70,74,74,25,49,49,43,43,49,49,45,45,42,71,71,71,71,71,71,54,38,62,62,62,48,72,70,70,70,51,75,77,67,73,79,79,83,83,83,83,82,82,82,87,87,87,87],"gold":474,"neow_bonus":"TWO_FIFTY_GOLD","is_prod":false,"is_daily":false,"chose_seed":false,"campfire_upgraded":7,"win_rate":0,"timestamp":1540888140,"path_taken":["M","$","?","?","M","R","E","R","T","E","M","M","R","M","R","BOSS","M","$","?","?","?","E","?","R","T","R","E","R","M","E","R","BOSS","M","?","?","?","?","E","M","R","T","E","?","?","M","E","R","BOSS"],"build_version":"2018-10-25v2","purchased_purges":1,"victory":true,"max_hp_per_floor":[80,80,80,80,80,80,80,80,80,80,80,80,80,80,80,80,80,80,80,80,80,80,80,80,80,80,80,80,80,80,80,80,83,83,83,83,83,83,83,83,83,83,83,87,87,87,87,87,87,87],"card_choices":[{"not_picked":["Pummel","Flex"],"picked":"Shrug It Off","floor":1},{"not_picked":["Power Through","Flex"],"picked":"Shrug It Off","floor":5},{"not_picked":["Havoc","Thunderclap"],"picked":"Sword Boomerang","floor":7},{"not_picked":["Body Slam","Shockwave"],"picked":"Rupture","floor":10},{"not_picked":["Twin Strike","Anger"],"picked":"Shrug It Off","floor":11},{"not_picked":["Heavy Blade","Rage"],"picked":"Sever Soul","floor":12},{"not_picked":["Havoc","True Grit"],"picked":"Pummel","floor":14},{"not_picked":["Bludgeon","Feed"],"picked":"Offering","floor":16},{"not_picked":["Evolve+1","Pommel Strike"],"picked":"Armaments","floor":18},{"not_picked":["Havoc","Clothesline"],"picked":"Pummel","floor":23},{"not_picked":["Warcry","Rage+1"],"picked":"Spot Weakness","floor":28},{"not_picked":["Clash","Bloodletting"],"picked":"Metallicize+1","floor":30},{"not_picked":["Body Slam","Iron Wave"],"picked":"Feed","floor":31},{"not_picked":["Offering","Limit Break"],"picked":"Impervious","floor":33},{"not_picked":["Twin Strike+1","Cleave+1"],"picked":"Armaments","floor":35},{"not_picked":["Combust","Thunderclap+1"],"picked":"True Grit+1","floor":37},{"not_picked":["Heavy Blade","Thunderclap"],"picked":"Clothesline+1","floor":38},{"not_picked":["Headbutt+1","Bloodletting"],"picked":"Sword Boomerang+1","floor":39},{"not_picked":["Iron Wave+1","Reckless Charge","Evolve+1"],"picked":"SKIP","floor":40},{"not_picked":["Sever Soul","Hemokinesis+1"],"picked":"Spot Weakness+1","floor":41},{"not_picked":["Burning Pact+1","Perfected Strike"],"picked":"Entrench","floor":44},{"not_picked":["Iron Wave","Thunderclap","Cleave+1"],"picked":"SKIP","floor":47},{"not_picked":["Iron Wave+1","Bludgeon"],"picked":"Seeing Red+1","floor":48}],"player_experience":3219,"relics_obtained":[{"floor":7,"key":"Lantern"},{"floor":9,"key":"The Courier"},{"floor":10,"key":"Dead Branch"},{"floor":23,"key":"Bottled Tornado"},{"floor":23,"key":"Meat on the Bone"},{"floor":24,"key":"Nilry\u0027s Codex"},{"floor":26,"key":"Centennial Puzzle"},{"floor":28,"key":"War Paint"},{"floor":28,"key":"Vajra"},{"floor":31,"key":"PreservedInsect"},{"floor":31,"key":"Smiling Mask"},{"floor":38,"key":"FossilizedHelix"},{"floor":40,"key":"Self Forming Clay"},{"floor":40,"key":"Paper Frog"},{"floor":43,"key":"Boot"},{"floor":44,"key":"Omamori"},{"floor":44,"key":"Juzu Bracelet"},{"floor":46,"key":"Darkstone Periapt"},{"floor":48,"key":"Potion Belt"},{"floor":48,"key":"Orichalcum"}],"event_choices":[{"damage_healed":0,"gold_gain":0,"player_choice":"Leave","damage_taken":0,"max_hp_gain":0,"max_hp_loss":0,"event_name":"The Cleric","floor":3,"gold_loss":0},{"damage_healed":0,"gold_gain":0,"player_choice":"Grow","damage_taken":0,"max_hp_gain":0,"max_hp_loss":0,"event_name":"Living Wall","floor":4,"gold_loss":0,"cards_upgraded":["Corruption"]},{"damage_healed":0,"gold_gain":0,"player_choice":"Stole Relic","damage_taken":0,"relics_obtained":["Letter Opener"],"max_hp_gain":0,"max_hp_loss":0,"event_name":"Addict","floor":20,"gold_loss":0,"cards_obtained":["Shame"]},{"damage_healed":0,"gold_gain":0,"player_choice":"Cursed","damage_taken":0,"max_hp_gain":0,"max_hp_loss":0,"event_name":"Wheel of Change","floor":21,"gold_loss":0,"cards_obtained":["Decay"]},{"damage_healed":0,"gold_gain":0,"player_choice":"Paid Fearfully","damage_taken":0,"max_hp_gain":0,"max_hp_loss":0,"event_name":"Masked Bandits","floor":22,"gold_loss":35},{"damage_healed":0,"gold_gain":0,"player_choice":"Obtained Book","damage_taken":16,"max_hp_gain":0,"max_hp_loss":0,"event_name":"Cursed Tome","floor":24,"gold_loss":0},{"damage_healed":0,"gold_gain":0,"player_choice":"Embrace Madness","damage_taken":10,"max_hp_gain":0,"max_hp_loss":0,"event_name":"Winding Halls","floor":36,"gold_loss":0,"cards_obtained":["Madness","Madness"]},{"damage_healed":0,"gold_gain":0,"player_choice":"Fight","damage_taken":0,"max_hp_gain":0,"max_hp_loss":0,"event_name":"Mysterious Sphere","floor":38,"gold_loss":0},{"damage_healed":0,"gold_gain":0,"player_choice":"Ignored","damage_taken":0,"max_hp_gain":0,"max_hp_loss":0,"event_name":"Tomb of Lord Red Mask","floor":45,"gold_loss":0}],"is_beta":false,"boss_relics":[{"not_picked":["White Beast Statue","Fusion Hammer"],"picked":"Black Star"},{"not_picked":["Calling Bell","Astrolabe"],"picked":"Sozu"}],"items_purged_floors":[2],"is_endless":false,"potions_floor_spawned":[5,7,10,14,31,37,39,47],"ascension_level":10}