{"gold_per_floor":[366,378,73,148,3,3,19,46,71,101,101,276,276,293,293,365,365,385,251,251],"floor_reached":20,"playtime":1190,"items_purged":["Decay","Pain"],"score":306,"play_id":"fc25fa7f-5c27-4560-b404-b1de2543dee2","local_time":"20190812190931","is_ascension_mode":true,"campfire_choices":[{"floor":6.0,"key":"REST"},{"data":"1","floor":11.0,"key":"LIFT"},{"floor":15.0,"key":"REST"}],"neow_cost":"CURSE","seed_source_timestamp":0,"circlet_count":0,"master_deck":["AscendersBane","Strike_R","Strike_R","Strike_R","Strike_R","Strike_R","Defend_R","Defend_R","Defend_R","Defend_R","Bash","Pummel","Heavy Blade","Shockwave","Battle Trance","Burst","Blade Dance","Doubt","Cold Snap","Transmutation","Sunder","Corruption"],"special_seed":0,"relics":["Burning Blood","PrismaticShard","Strawberry","Bag of Preparation","Anchor","Girya","WarpedTongs","Philosopher\u0027s Stone"],"potions_floor_usage":[20],"damage_taken":[{"damage":13.0,"enemies":"Jaw Worm","floor":1.0,"turns":5.0},{"damage":8.0,"enemies":"2 Louse","floor":2.0,"turns":3.0},{"damage":6.0,"enemies":"Cultist","floor":7.0,"turns":4.0},{"damage":28.0,"enemies":"Gremlin Nob","floor":8.0,"turns":4.0},{"damage":35.0,"enemies":"3 Sentries","floor":10.0,"turns":8.0},{"damage":6.0,"enemies":"Looter","floor":14.0,"turns":3.0},{"damage":43.0,"enemies":"Slime Boss","floor":16.0,"turns":13.0},{"damage":50.0,"enemies":"Spheric Guardian","floor":18.0,"turns":6.0},{"damage":29,"enemies":"Shell Parasite","floor":20,"turns":3}],"seed_played":"7886654676080999277","potions_obtained":[{"floor":2.0,"key":"PowerPotion"},{"floor":8.0,"key":"SkillPotion"},{"floor":10.0,"key":"EntropicBrew"},{"floor":18.0,"key":"Energy Potion"}],"is_trial":false,"path_per_floor":["M","M","$","?","$","R","M","E","T","E","R","?","?","M","R","B",null,"M","$","M"],"character_chosen":"IRONCLAD","items_purchased":["PrismaticShard","Shockwave","Strawberry","Corruption"],"campfire_rested":2,"item_purchase_floors":[3,3,5,19],"current_hp_per_floor":[61,59,59,48,55,79,79,57,57,28,28,28,28,28,52,15,65,21,21,0],"gold":251,"neow_bonus":"TWO_FIFTY_GOLD","is_prod":false,"is_daily":false,"chose_seed":false,"campfire_upgraded":0,"win_rate":0,"timestamp":1565662171,"path_taken":["M","M","$","?","$","R","M","E","T","E","R","?","?","M","R","BOSS","M","$","M"],"build_version":"2019-07-17","purchased_purges":2,"victory":false,"max_hp_per_floor":[75,75,75,75,82,82,82,82,82,82,82,82,82,82,82,82,82,82,82,82],"card_choices":[{"not_picked":["Perfected Strike","Armaments"],"picked":"Pummel","floor":1.0},{"not_picked":["Warcry","Bloodletting"],"picked":"Heavy Blade","floor":2.0},{"not_picked":["Deflect","Carnage"],"picked":"Battle Trance","floor":7.0},{"not_picked":["Defragment","Melter"],"picked":"Burst","floor":8.0},{"not_picked":["Dodge and Roll","Poisoned Stab"],"picked":"Blade Dance","floor":10.0},{"not_picked":["Storm","Secret Technique"],"picked":"Cold Snap","floor":14.0},{"not_picked":["Meteor Strike","Tools of the Trade"],"picked":"Transmutation","floor":16.0},{"not_picked":["Warcry","Cold Snap"],"picked":"Sunder","floor":18.0}],"player_experience":668216,"relics_obtained":[{"floor":8.0,"key":"Bag of Preparation"},{"floor":9.0,"key":"Anchor"},{"floor":10.0,"key":"Girya"}],"event_choices":[{"damage_healed":0.0,"max_hp_gain":0.0,"max_hp_loss":0.0,"gold_gain":75.0,"event_name":"World of Goop","player_choice":"Gather Gold","floor":4.0,"gold_loss":0.0,"damage_taken":11.0},{"damage_healed":0.0,"max_hp_gain":0.0,"max_hp_loss":0.0,"gold_gain":175.0,"event_name":"Liars Game","player_choice":"AGREE","floor":12.0,"gold_loss":0.0,"damage_taken":0.0,"cards_obtained":["Doubt"]},{"damage_healed":0.0,"max_hp_gain":0.0,"max_hp_loss":0.0,"gold_gain":0.0,"event_name":"Accursed Blacksmith","player_choice":"Rummage","floor":13.0,"gold_loss":0.0,"damage_taken":0.0,"relics_obtained":["WarpedTongs"],"cards_obtained":["Pain"]}],"is_beta":false,"boss_relics":[{"not_picked":["Snecko Eye","Runic Pyramid"],"picked":"Philosopher\u0027s Stone"}],"items_purged_floors":[3,19],"is_endless":false,"potions_floor_spawned":[2,8,10,18],"killed_by":"Shell Parasite","ascension_level":14}