{"gold_per_floor":[111,124,134,134,134,165,188,222,258,270,321,48,68,168,168,168],"floor_reached":16,"playtime":1458,"items_purged":[],"score":180,"play_id":"b225518c-59ed-4951-8f08-54bff48565f4","local_time":"20190817103828","is_ascension_mode":true,"campfire_choices":[{"floor":10,"key":"REST"},{"floor":15,"key":"REST"}],"neow_cost":"NONE","seed_source_timestamp":137820248721000,"circlet_count":0,"master_deck":["AscendersBane","Strike_R","Strike_R","Strike_R","Defend_R","Defend_R","Defend_R","Defend_R","Bash","Barricade","Battle Trance","Sword Boomerang","Inflame","Warcry","Heavy Blade","Immolate","Disarm","Armaments","Havoc"],"relics":["Burning Blood","Golden Idol","Juzu Bracelet","MawBank","Omamori","Vajra","Self Forming Clay"],"potions_floor_usage":[6,11],"damage_taken":[{"damage":6,"enemies":"Jaw Worm","floor":1,"turns":5},{"damage":0,"enemies":"Small Slimes","floor":2,"turns":5},{"damage":6,"enemies":"Cultist","floor":3,"turns":3},{"damage":20,"enemies":"Lagavulin","floor":6,"turns":8},{"damage":7,"enemies":"Looter","floor":7,"turns":3},{"damage":32,"enemies":"Gremlin Nob","floor":8,"turns":4},{"damage":25,"enemies":"Lagavulin","floor":11,"turns":6},{"damage":13,"enemies":"Large Slime","floor":13,"turns":4},{"damage":39,"enemies":"Hexaghost","floor":16,"turns":9}],"seed_played":"-2649528539836736460","potions_obtained":[{"floor":1,"key":"LiquidBronze"},{"floor":2,"key":"Dexterity Potion"},{"floor":8,"key":"SteroidPotion"},{"floor":11,"key":"Explosive Potion"}],"is_trial":false,"path_per_floor":["M","M","M","?","?","E","M","E","T","R","E","$","M","?","R","B"],"character_chosen":"IRONCLAD","items_purchased":["Self Forming Clay","Armaments"],"campfire_rested":2,"item_purchase_floors":[12,12],"current_hp_per_floor":[72,78,78,58,58,44,43,17,17,41,22,22,15,15,39,0],"gold":168,"neow_bonus":"TRANSFORM_CARD","is_prod":false,"is_daily":false,"chose_seed":false,"campfire_upgraded":0,"win_rate":0,"timestamp":1566027508,"path_taken":["M","M","M","?","?","E","M","E","T","R","E","$","M","?","R","BOSS"],"build_version":"2019-07-17","purchased_purges":0,"victory":false,"max_hp_per_floor":[80,80,80,80,80,80,80,80,80,80,80,80,80,80,80,80],"card_choices":[{"not_picked":["Rupture","Bloodletting"],"picked":"Battle Trance","floor":1},{"not_picked":["Thunderclap","Hemokinesis"],"picked":"Sword Boomerang","floor":2},{"not_picked":["Armaments","Combust"],"picked":"Inflame","floor":3},{"not_picked":["Reckless Charge","Thunderclap"],"picked":"Warcry","floor":6},{"not_picked":["Power Through","Thunderclap"],"picked":"Heavy Blade","floor":7},{"not_picked":["Anger","Warcry"],"picked":"Immolate","floor":8},{"not_picked":["Rampage","Sentinel"],"picked":"Disarm","floor":11},{"not_picked":["Headbutt","Disarm"],"picked":"Havoc","floor":13}],"player_experience":237906,"relics_obtained":[{"floor":6,"key":"Juzu Bracelet"},{"floor":8,"key":"MawBank"},{"floor":9,"key":"Omamori"},{"floor":11,"key":"Vajra"}],"event_choices":[{"damage_healed":0,"gold_gain":0,"player_choice":"Take Damage","damage_taken":20,"relics_obtained":["Golden Idol"],"max_hp_gain":0,"max_hp_loss":0,"event_name":"Golden Idol","floor":4,"gold_loss":0},{"cards_removed":["Strike_R"],"damage_healed":0,"gold_gain":0,"player_choice":"Forget","damage_taken":0,"max_hp_gain":0,"max_hp_loss":0,"event_name":"Living Wall","floor":5,"gold_loss":0},{"damage_healed":0,"gold_gain":100,"player_choice":"Gold","damage_taken":0,"max_hp_gain":0,"max_hp_loss":0,"event_name":"Wheel of Change","floor":14,"gold_loss":0}],"is_beta":false,"boss_relics":[],"items_purged_floors":[],"is_endless":false,"potions_floor_spawned":[1,2,8,11],"killed_by":"Hexaghost","ascension_level":10}