{"gold_per_floor":[117,129,129,149,162,162,177,209,234,509,521,537,555,555,555,555],"floor_reached":16,"playtime":978,"items_purged":[],"score":186,"play_id":"d426ca10-c88e-442e-883a-5f8cfd1796ab","local_time":"20180823201232","is_ascension_mode":true,"campfire_choices":[{"data":"Neutralize","floor":6,"key":"SMITH"},{"floor":15,"key":"REST"}],"neow_cost":"NONE","seed_source_timestamp":10029094358911,"circlet_count":0,"master_deck":["Defend_G","Defend_G","Defend_G","Defend_G","Defend_G","Strike_G","Strike_G","Strike_G","Strike_G","Strike_G","Survivor","Neutralize+1","AscendersBane","Dagger Spray","Cloak And Dagger","Noxious Fumes+1","Die Die Die","Dodge and Roll","Bane","Regret","Dagger Spray","Dash","Sucker Punch"],"relics":["Velvet Choker","Sundial","Happy Flower"],"potions_floor_usage":[4,8,12,12,16],"damage_taken":[{"damage":0,"enemies":"Cultist","floor":1,"turns":4},{"damage":1,"enemies":"Small Slimes","floor":2,"turns":4},{"damage":0,"enemies":"Jaw Worm","floor":4,"turns":3},{"damage":0,"enemies":"Large Slime","floor":5,"turns":6},{"damage":1,"enemies":"Red Slaver","floor":7,"turns":4},{"damage":19,"enemies":"Lagavulin","floor":8,"turns":8},{"damage":3,"enemies":"Looter","floor":11,"turns":3},{"damage":17,"enemies":"Exordium Thugs","floor":12,"turns":4},{"damage":4,"enemies":"Exordium Wildlife","floor":13,"turns":4},{"damage":44,"enemies":"Hexaghost","floor":16,"turns":9}],"seed_played":"-6859997974220021170","potions_obtained":[{"floor":2,"key":"GamblersBrew"},{"floor":4,"key":"SpeedPotion"},{"floor":7,"key":"Explosive Potion"},{"floor":8,"key":"AttackPotion"},{"floor":13,"key":"Strength Potion"}],"is_trial":false,"path_per_floor":["M","M","?","M","M","R","M","E","T","?","M","M","M","?","R"],"character_chosen":"THE_SILENT","items_purchased":[],"campfire_rested":1,"item_purchase_floors":[],"current_hp_per_floor":[59,58,63,63,63,63,62,43,43,43,40,23,19,19,40,0],"gold":555,"neow_bonus":"BOSS_RELIC","is_prod":false,"is_daily":false,"chose_seed":false,"campfire_upgraded":1,"win_rate":0,"timestamp":1535080352,"path_taken":["M","?","?","M","M","R","M","E","T","?","?","M","M","?","R","BOSS"],"build_version":"2018-08-23","purchased_purges":0,"victory":false,"max_hp_per_floor":[66,66,71,71,71,71,71,71,71,71,71,71,71,71,71,71],"card_choices":[{"not_picked":["Dagger Throw","Dodge and Roll"],"picked":"Dagger Spray","floor":1},{"not_picked":["Heel Hook","Deadly Poison"],"picked":"Cloak And Dagger","floor":2},{"not_picked":["Slice","Underhanded Strike"],"picked":"Noxious Fumes","floor":4},{"not_picked":["Distraction","Cloak And Dagger"],"picked":"Die Die Die","floor":5},{"not_picked":["Underhanded Strike","Slice"],"picked":"Dodge and Roll","floor":7},{"not_picked":["Acrobatics","Quick Slash"],"picked":"Bane","floor":8},{"not_picked":["Cloak And Dagger","Distraction"],"picked":"Dagger Spray","floor":11},{"not_picked":["Slice","Dodge and Roll"],"picked":"Dash","floor":12},{"not_picked":["Escape Plan","Cloak And Dagger"],"picked":"Sucker Punch","floor":13}],"player_experience":598051,"relics_obtained":[{"floor":8,"key":"Sundial"},{"floor":9,"key":"Happy Flower"}],"event_choices":[{"event_name":"Big Fish","player_choice":"Donut","floor":3,"damage_taken":0},{"event_name":"Golden Shrine","player_choice":"Desecrate","floor":10,"damage_taken":0},{"event_name":"Accursed Blacksmith","player_choice":"Forge","floor":14,"damage_taken":0}],"is_beta":false,"boss_relics":[],"items_purged_floors":[],"is_endless":false,"potions_floor_spawned":[2,4,7,8,11,13],"killed_by":"Hexaghost","ascension_level":15}