{"gold_per_floor":[115,115,48,48,59,86,86,112,112,112,139,158,158,168,168,263,263,273,323,422,522,534,563,581,581,581,606,626,376,376,16,16,116,116,134,134,53,53,53],"floor_reached":40,"playtime":2338,"items_purged":["Strike_B","Strike_B"],"score":933,"play_id":"2cd04af4-dc1f-4e8a-8e13-204cd52caf21","local_time":"20180722203526","is_ascension_mode":true,"campfire_choices":[{"data":"White Noise","floor":7,"key":"SMITH"},{"data":"Defragment","floor":13,"key":"SMITH"},{"data":"Loop","floor":15,"key":"SMITH"},{"floor":25,"key":"REST"},{"floor":32,"key":"REST"}],"neow_cost":"NONE","seed_source_timestamp":1597908717307,"circlet_count":0,"master_deck":["Defend_B+1","Defend_B","Defend_B+1","Defend_B","Zap","Dualcast","White Noise+1","Loop+1","Defragment+1","Glacier","Blizzard","All For One","Storm+1","Steam","Echo Form+1","Self Repair+1","Leap","Undo","Beam Cell+1","Echo Form+1","Capacitor+1","Conserve Battery","Defragment+1","Flash of Steel","Defragment+1","Consume","Thunder Strike","Ball Lightning","Hologram+1","Stack","Static Discharge+1","Sweeping Beam+1","FTL","Static Discharge+1","Stack"],"relics":["Cracked Core","NeowsBlessing","Boot","Torii","Frozen Egg 2","Omamori","Sozu","Happy Flower","War Paint","Darkstone Periapt","Prayer Wheel","Turnip","Regal Pillow","Orrery"],"potions_floor_usage":[11,11,12,16,39],"damage_taken":[{"damage":0,"enemies":"Small Slimes","floor":1,"turns":1},{"damage":0,"enemies":"Cultist","floor":5,"turns":1},{"damage":0,"enemies":"Lagavulin","floor":6,"turns":1},{"damage":16,"enemies":"3 Sentries","floor":8,"turns":8},{"damage":8,"enemies":"Gremlin Nob","floor":11,"turns":5},{"damage":9,"enemies":"2 Louse","floor":12,"turns":3},{"damage":1,"enemies":"Looter","floor":14,"turns":3},{"damage":13,"enemies":"Hexaghost","floor":16,"turns":7},{"damage":2,"enemies":"2 Thieves","floor":18,"turns":4},{"damage":0,"enemies":"Shell Parasite","floor":22,"turns":4},{"damage":56,"enemies":"Slavers","floor":23,"turns":5},{"damage":10,"enemies":"Snecko","floor":24,"turns":4},{"damage":22,"enemies":"Gremlin Leader","floor":27,"turns":7},{"damage":19,"enemies":"3 Cultists","floor":28,"turns":5},{"damage":38,"enemies":"Collector","floor":33,"turns":6},{"damage":18,"enemies":"Flame Bruiser 1 Orb","floor":35,"turns":4},{"damage":49,"enemies":"Donu and Deca","floor":39,"turns":9}],"seed_played":"3596255942221805285","potions_obtained":[{"floor":1,"key":"Block Potion"},{"floor":5,"key":"Weak Potion"},{"floor":8,"key":"Block Potion"},{"floor":12,"key":"PowerPotion"},{"floor":16,"key":"Strength Potion"}],"is_trial":false,"path_per_floor":["M","?","$","?","M","E","R","E","T","?","E","M","R","M","R","B",null,"M","T","?","?","M","E","M","R","T","E","M","$","T","$","R","B",null,"M","?","$","?","B"],"character_chosen":"DEFECT","items_purchased":["Defragment","Defragment+1","Flash of Steel","Defragment+1","Consume","Regal Pillow","Static Discharge+1","Stack"],"campfire_rested":2,"item_purchase_floors":[3,29,29,31,31,31,37,37],"current_hp_per_floor":[68,68,68,68,68,68,68,52,52,57,49,40,40,39,39,26,67,65,65,65,65,75,29,29,53,53,51,52,52,52,52,80,42,71,53,53,53,53,4],"gold":53,"neow_bonus":"THREE_ENEMY_KILL","is_prod":false,"is_daily":false,"chose_seed":false,"campfire_upgraded":3,"win_rate":0,"timestamp":1532316926,"path_taken":["M","?","$","?","M","E","R","E","T","?","E","M","R","M","R","BOSS","M","?","?","?","?","E","M","R","T","E","M","$","?","?","R","BOSS","M","?","$","?","BOSS"],"build_version":"2018-07-19v2","purchased_purges":2,"victory":true,"max_hp_per_floor":[75,75,75,75,75,75,75,75,75,80,80,80,80,80,80,80,80,80,80,80,80,80,80,80,80,80,80,80,80,80,80,80,80,80,80,80,80,80,80],"card_choices":[{"not_picked":["Double Energy","Leap"],"picked":"White Noise","floor":1},{"not_picked":["Coolheaded","Hologram"],"picked":"Go for the Eyes","floor":5},{"not_picked":["Coolheaded","Cold Snap"],"picked":"Glacier","floor":6},{"not_picked":["Streamline","Meteor Strike"],"picked":"Blizzard","floor":8},{"not_picked":["Sunder","Beam Cell"],"picked":"All For One","floor":11},{"not_picked":["Rebound","Reinforced Body"],"picked":"Storm+1","floor":12},{"not_picked":["Hologram","Compile Driver"],"picked":"Steam","floor":14},{"not_picked":["Reboot","Electrodynamics+1"],"picked":"Echo Form+1","floor":16},{"not_picked":["Beam Cell","Streamline"],"picked":"Self Repair+1","floor":18},{"not_picked":["Lockon","Rebound+1"],"picked":"Leap","floor":22},{"not_picked":["Hologram","Melter"],"picked":"Undo","floor":23},{"not_picked":["Melter","Cold Snap"],"picked":"Beam Cell+1","floor":24},{"not_picked":["Hologram","Redo"],"picked":"Echo Form+1","floor":27},{"not_picked":["Reinforced Body","Conserve Battery"],"picked":"Capacitor+1","floor":28},{"not_picked":["Barrage+1","Compile Driver"],"picked":"Conserve Battery","floor":28},{"not_picked":["Fission","Meteor Strike"],"picked":"Thunder Strike","floor":33},{"not_picked":["Beam Cell+1","Sweeping Beam"],"picked":"Ball Lightning","floor":34},{"not_picked":["Beam Cell+1","Leap"],"picked":"Hologram+1","floor":34},{"not_picked":["Streamline","Rebound+1"],"picked":"Stack","floor":34},{"not_picked":["Chaos","Barrage"],"picked":"Static Discharge+1","floor":34},{"not_picked":["Aggregate+1","Leap"],"picked":"Sweeping Beam+1","floor":35},{"not_picked":["Darkness","Core Surge"],"picked":"FTL","floor":35}],"player_experience":557496,"relics_obtained":[{"floor":6,"key":"Boot"},{"floor":8,"key":"Torii"},{"floor":9,"key":"Frozen Egg 2"},{"floor":11,"key":"Omamori"},{"floor":19,"key":"Happy Flower"},{"floor":23,"key":"War Paint"},{"floor":26,"key":"Darkstone Periapt"},{"floor":27,"key":"Prayer Wheel"},{"floor":30,"key":"Turnip"}],"event_choices":[{"event_name":"Transmorgrifier","player_choice":"Transform","floor":2,"damage_taken":0},{"event_name":"Bonfire Elementals","player_choice":"BASIC","floor":4,"damage_taken":0},{"event_name":"Big Fish","player_choice":"Donut","floor":10,"damage_taken":0},{"event_name":"Nest","player_choice":"Stole From Cult","floor":20,"damage_taken":0},{"event_name":"Golden Shrine","player_choice":"Pray","floor":21,"damage_taken":0},{"event_name":"Falling","player_choice":"Removed Attack","floor":36,"damage_taken":0},{"event_name":"SecretPortal","player_choice":"Took Portal.","floor":38,"damage_taken":0}],"is_beta":false,"boss_relics":[{"not_picked":["Inserter","Snecko Eye"],"picked":"Sozu"},{"not_picked":["Pandora\u0027s Box","Coffee Dripper"],"picked":"Orrery"}],"items_purged_floors":[29,31],"is_endless":false,"potions_floor_spawned":[1,5,8,12,16,22,27,28],"ascension_level":8}