{"gold_per_floor":[116,116,43,56,79,110,125,169],"floor_reached":8,"playtime":1111,"items_purged":[],"score":68,"play_id":"49b44e41-53b3-4910-9415-4b95f338f4ef","local_time":"20190818124839","is_ascension_mode":false,"campfire_choices":[],"neow_cost":"NONE","seed_source_timestamp":378618681619900,"circlet_count":0,"master_deck":["Strike_G","Strike_G","Strike_G","Strike_G","Defend_G","Defend_G","Defend_G","Defend_G","Defend_G","Survivor","Neutralize","Noxious Fumes","Prepared","Underhanded Strike","Bane"],"relics":["Ring of the Snake","Golden Idol","Happy Flower","MawBank"],"potions_floor_usage":[],"damage_taken":[{"damage":0,"enemies":"Jaw Worm","floor":1,"turns":7},{"damage":4,"enemies":"Small Slimes","floor":4,"turns":5},{"damage":0,"enemies":"2 Louse","floor":5,"turns":3},{"damage":28,"enemies":"Lagavulin","floor":6,"turns":11},{"damage":0,"enemies":"2 Fungi Beasts","floor":7,"turns":3},{"damage":29,"enemies":"3 Sentries","floor":8,"turns":10}],"seed_played":"2001160277315770736","potions_obtained":[{"floor":5,"key":"Energy Potion"},{"floor":7,"key":"Energy Potion"}],"is_trial":false,"path_per_floor":["M","?","$","M","M","E","M","E"],"character_chosen":"THE_SILENT","items_purchased":["Noxious Fumes"],"campfire_rested":0,"item_purchase_floors":[3],"current_hp_per_floor":[70,65,65,61,61,33,33,4],"gold":169,"neow_bonus":"REMOVE_CARD","is_prod":false,"is_daily":false,"chose_seed":false,"campfire_upgraded":0,"win_rate":0.0,"timestamp":1566143319,"path_taken":["M","?","$","M","M","E","M","E"],"build_version":"2019-07-17","purchased_purges":0,"victory":false,"max_hp_per_floor":[70,65,65,65,65,65,65,65],"card_choices":[{"not_picked":["Flying Knee","Reflex","Skewer"],"picked":"SKIP","floor":1},{"not_picked":["Underhanded Strike","Quick Slash","Backstab"],"picked":"SKIP","floor":4},{"not_picked":["Slice","Endless Agony"],"picked":"Prepared","floor":5},{"not_picked":["A Thousand Cuts","Outmaneuver"],"picked":"Underhanded Strike","floor":6},{"not_picked":["Sucker Punch","Choke"],"picked":"Bane","floor":7}],"player_experience":105439,"relics_obtained":[{"floor":6,"key":"Happy Flower"},{"floor":8,"key":"MawBank"}],"event_choices":[{"damage_healed":0,"gold_gain":0,"player_choice":"Lose Max HP","damage_taken":0,"relics_obtained":["Golden Idol"],"max_hp_gain":0,"max_hp_loss":5,"event_name":"Golden Idol","floor":2,"gold_loss":0}],"is_beta":false,"boss_relics":[],"items_purged_floors":[],"is_endless":false,"potions_floor_spawned":[5,7],"killed_by":"3 Sentries","ascension_level":0}