{"gold_per_floor":[113,113,113,113,130,130,305,337,337,337,302,23,35,82,94,210,272,304,332,354,366,378,423,435,472,484,522,11,46,46,60,60,155,155,171,182,31,31,31,31,31],"floor_reached":41,"playtime":2638,"items_purged":[],"score":757,"play_id":"7cacf1b6-8092-4be2-b785-6df4773f6e4a","local_time":"20180725014143","is_ascension_mode":true,"campfire_choices":[{"data":"Dualcast","floor":6,"key":"SMITH"},{"floor":10,"key":"REST"},{"data":"Defragment","floor":13,"key":"SMITH"},{"data":"Glacier","floor":15,"key":"SMITH"},{"floor":24,"key":"REST"},{"data":"Electrodynamics","floor":30,"key":"SMITH"},{"floor":32,"key":"REST"},{"data":"Loop","floor":40,"key":"SMITH"}],"neow_cost":"CURSE","seed_source_timestamp":14491326523822,"circlet_count":0,"master_deck":["Strike_B+1","Defend_B","Defend_B","Defend_B","Defend_B","Zap","Dualcast+1","AscendersBane","Parasite","Barrage","Darkness+1","Cold Snap","Ball Lightning","Auto Shields","FTL","Defragment+1","Go for the Eyes","Glacier+1","Electrodynamics+1","Loop","Leap","Doom and Gloom","Conserve Battery","Cold Snap+1","Stack","Steam","Ball Lightning","Steam Power","Stack","Heatsinks","Auto Shields+1","Creative AI","Loop+1"],"relics":["Cracked Core","Dream Catcher","Calipers","Ice Cream","MawBank","Mercury Hourglass","Tiny House","DataDisk","Ancient Tea Set","Centennial Puzzle","Meat on the Bone","HandDrill","Gremlin Horn","Lantern","Velvet Choker","Orichalcum"],"potions_floor_usage":[18,21,27,29,33,41],"damage_taken":[{"damage":1,"enemies":"2 Louse","floor":1,"turns":2},{"damage":1,"enemies":"Cultist","floor":5,"turns":3},{"damage":34,"enemies":"Gremlin Nob","floor":8,"turns":4},{"damage":17,"enemies":"Lagavulin","floor":14,"turns":4},{"damage":24,"enemies":"The Guardian","floor":16,"turns":9},{"damage":6,"enemies":"Spheric Guardian","floor":18,"turns":3},{"damage":0,"enemies":"Shell Parasite","floor":19,"turns":6},{"damage":7,"enemies":"Cultist and Chosen","floor":20,"turns":4},{"damage":0,"enemies":"Snake Plant","floor":21,"turns":2},{"damage":36,"enemies":"Book of Stabbing","floor":23,"turns":6},{"damage":9,"enemies":"Gremlin Leader","floor":25,"turns":7},{"damage":30,"enemies":"Slavers","floor":27,"turns":5},{"damage":6,"enemies":"Book of Stabbing","floor":29,"turns":4},{"damage":10,"enemies":"Slaver and Parasite","floor":31,"turns":4},{"damage":17,"enemies":"Automaton","floor":33,"turns":9},{"damage":16,"enemies":"3 Darklings","floor":35,"turns":3},{"damage":11,"enemies":"Orb Walker","floor":36,"turns":3},{"damage":44,"enemies":"Giant Head","floor":41,"turns":12}],"seed_played":"-5189414696996945657","potions_obtained":[{"floor":14,"key":"SpeedPotion"},{"floor":16,"key":"Fire Potion"},{"floor":18,"key":"EssenceOfSteel"},{"floor":19,"key":"SmokeBomb"},{"floor":25,"key":"Block Potion"},{"floor":29,"key":"GamblersBrew"},{"floor":36,"key":"Dexterity Potion"}],"is_trial":false,"path_per_floor":["M","?","?","?","M","R","?","E","T","R","?","$","R","E","R","B",null,"M","M","M","M","?","E","R","E","T","E","$","E","R","M","R","B",null,"M","M","$","?","?","R"],"character_chosen":"DEFECT","items_purchased":["Defragment","Go for the Eyes","MawBank","HandDrill","Gremlin Horn","Steam Power","Orichalcum"],"campfire_rested":3,"item_purchase_floors":[12,12,12,28,28,28,37],"current_hp_per_floor":[67,67,60,60,59,59,59,25,25,47,65,65,65,48,48,24,67,61,61,54,54,80,44,68,59,59,29,29,35,35,37,61,44,71,55,44,44,44,44,44,0],"gold":31,"neow_bonus":"TRANSFORM_TWO_CARDS","is_prod":false,"is_daily":false,"chose_seed":false,"campfire_upgraded":5,"win_rate":0,"timestamp":1532508103,"path_taken":["M","?","?","?","?","R","?","E","T","R","?","$","R","E","R","BOSS","M","?","M","M","?","E","R","E","T","E","$","E","R","M","R","BOSS","M","M","?","?","?","R","E"],"build_version":"2018-07-19v2","purchased_purges":0,"victory":false,"max_hp_per_floor":[75,75,75,75,75,75,75,75,75,75,75,75,75,75,75,75,80,80,80,80,80,80,80,80,80,80,80,80,80,80,80,80,80,80,80,80,80,80,80,80,80],"card_choices":[{"not_picked":["Redo","Beam Cell"],"picked":"Cold Snap","floor":1},{"not_picked":["Rip and Tear","Streamline"],"picked":"Ball Lightning","floor":5},{"not_picked":["Streamline","Coolheaded"],"picked":"Auto Shields","floor":8},{"not_picked":["Static Discharge","Hologram"],"picked":"FTL","floor":10},{"not_picked":["Compile Driver","Rebound"],"picked":"Glacier","floor":14},{"not_picked":["Multi-Cast","Buffer"],"picked":"Electrodynamics","floor":16},{"not_picked":["Undo","Beam Cell"],"picked":"Loop","floor":17},{"not_picked":["Turbo","Streamline+1"],"picked":"Leap","floor":18},{"not_picked":["Leap","Barrage"],"picked":"Doom and Gloom","floor":19},{"not_picked":["Skim+1","Cold Snap"],"picked":"Conserve Battery","floor":20},{"not_picked":["Undo","Amplify"],"picked":"Cold Snap+1","floor":23},{"not_picked":["Undo","Conserve Battery"],"picked":"Stack","floor":24},{"not_picked":["Gash","Turbo"],"picked":"Steam","floor":25},{"not_picked":["Leap","Turbo+1"],"picked":"Ball Lightning","floor":27},{"not_picked":["Recycle","Turbo"],"picked":"Stack","floor":29},{"not_picked":["Coolheaded","Rebound"],"picked":"Heatsinks","floor":31},{"not_picked":["Cold Snap","Stack"],"picked":"Auto Shields+1","floor":32},{"not_picked":["Electrodynamics","Hyperbeam"],"picked":"Creative AI","floor":33},{"not_picked":["Gash","Reprogram+1","Scrape"],"picked":"SKIP","floor":35},{"not_picked":["Steam+1","Rebound"],"picked":"Loop","floor":36}],"player_experience":569840,"relics_obtained":[{"floor":8,"key":"Calipers"},{"floor":9,"key":"Ice Cream"},{"floor":14,"key":"Mercury Hourglass"},{"floor":23,"key":"DataDisk"},{"floor":25,"key":"Ancient Tea Set"},{"floor":26,"key":"Centennial Puzzle"},{"floor":27,"key":"Meat on the Bone"},{"floor":29,"key":"Lantern"}],"event_choices":[{"event_name":"Accursed Blacksmith","player_choice":"Rummage","floor":2,"damage_taken":0},{"event_name":"Golden Wing","player_choice":"Card Removal","floor":3,"damage_taken":0},{"event_name":"Living Wall","player_choice":"Grow","floor":4,"damage_taken":0},{"event_name":"Liars Game","player_choice":"agreed","floor":7,"damage_taken":0},{"event_name":"The Cleric","player_choice":"Healed","floor":11,"damage_taken":0},{"event_name":"The Library","player_choice":"Heal","floor":22,"damage_taken":0},{"event_name":"Falling","player_choice":"Removed Attack","floor":38,"damage_taken":0},{"event_name":"Purifier","player_choice":"One Purge","floor":39,"damage_taken":0}],"is_beta":false,"boss_relics":[{"not_picked":["Astrolabe","Empty Cage"],"picked":"Tiny House"},{"not_picked":["Orrery","Calling Bell"],"picked":"Velvet Choker"}],"items_purged_floors":[],"is_endless":false,"potions_floor_spawned":[14,16,18,19,25,29,36],"killed_by":"Giant Head","ascension_level":12}