{"gold_per_floor":[114,114,114,36,50,89,89,124,151,171,171,212,232,232,232,358,358,378,372,372,372,389,415,38,38,38,68,87,112,126,140,140,238,238,252,252,263,275,375,402,455,489,489,489,508,508,533,548,548,548],"floor_reached":51,"playtime":4660,"items_purged":["Strike_R"],"score":1310,"play_id":"2dfa7528-b975-4aee-9673-bd75493ba834","local_time":"20190818100632","is_ascension_mode":true,"campfire_choices":[{"data":"Shockwave","floor":7.0,"key":"SMITH"},{"data":"Berserk","floor":11.0,"key":"SMITH"},{"data":"Armaments","floor":15.0,"key":"SMITH"},{"data":"Feed","floor":25.0,"key":"SMITH"},{"data":"Sword Boomerang","floor":32.0,"key":"SMITH"},{"data":"Demon Form","floor":44.0,"key":"SMITH"},{"data":"Limit Break","floor":46.0,"key":"SMITH"},{"data":"Feel No Pain","floor":49.0,"key":"SMITH"}],"neow_cost":"NONE","seed_source_timestamp":0,"circlet_count":0,"master_deck":["AscendersBane","Strike_R","Strike_R","Defend_R","Defend_R","Defend_R","Defend_R","Bash+1","Shockwave+1","Feel No Pain+1","Pummel","Berserk+1","Armaments+1","Feed+1","Dropkick+1","Corruption+1","Ghostly Armor+1","Warcry","Demon Form+1","Seeing Red","Shockwave","Sword Boomerang+1","Limit Break+1","Heavy Blade+1"],"special_seed":0,"relics":["Burning Blood","Bloody Idol","Oddly Smooth Stone","Lantern","Omamori","Bird Faced Urn","Self Forming Clay","Astrolabe","Nloth\u0027s Gift","Bottled Tornado","Vajra","Ancient Tea Set","Matryoshka","Blue Candle","PreservedInsect","Busted Crown","Charon\u0027s Ashes","Nunchaku","Blood Vial","Mummified Hand","Potion Belt"],"potions_floor_usage":[],"damage_taken":[{"damage":0.0,"enemies":"Small Slimes","floor":1.0,"turns":1.0},{"damage":0.0,"enemies":"Jaw Worm","floor":5.0,"turns":1.0},{"damage":0.0,"enemies":"Gremlin Nob","floor":6.0,"turns":1.0},{"damage":24.0,"enemies":"Lagavulin","floor":8.0,"turns":6.0},{"damage":0.0,"enemies":"2 Louse","floor":10.0,"turns":3.0},{"damage":30.0,"enemies":"Gremlin Nob","floor":12.0,"turns":4.0},{"damage":18.0,"enemies":"Exordium Wildlife","floor":13.0,"turns":6.0},{"damage":20.0,"enemies":"Slime Boss","floor":16.0,"turns":8.0},{"damage":6.0,"enemies":"Chosen","floor":18.0,"turns":10.0},{"damage":4.0,"enemies":"2 Thieves","floor":19.0,"turns":5.0},{"damage":4.0,"enemies":"Chosen and Byrds","floor":22.0,"turns":8.0},{"damage":7.0,"enemies":"Gremlin Leader","floor":23.0,"turns":7.0},{"damage":21.0,"enemies":"Book of Stabbing","floor":27.0,"turns":6.0},{"damage":3.0,"enemies":"3 Cultists","floor":28.0,"turns":5.0},{"damage":31.0,"enemies":"Gremlin Leader","floor":29.0,"turns":7.0},{"damage":20.0,"enemies":"Centurion and Healer","floor":30.0,"turns":6.0},{"damage":20.0,"enemies":"Cultist and Chosen","floor":31.0,"turns":7.0},{"damage":21.0,"enemies":"Collector","floor":33.0,"turns":7.0},{"damage":10.0,"enemies":"3 Shapes","floor":35.0,"turns":7.0},{"damage":24.0,"enemies":"3 Darklings","floor":37.0,"turns":5.0},{"damage":68.0,"enemies":"Writhing Mass","floor":38.0,"turns":5.0},{"damage":2.0,"enemies":"Mind Bloom Boss Battle","floor":39.0,"turns":7.0},{"damage":38.0,"enemies":"Reptomancer","floor":40.0,"turns":4.0},{"damage":50.0,"enemies":"2 Orb Walkers","floor":41.0,"turns":5.0},{"damage":0.0,"enemies":"Giant Head","floor":42.0,"turns":6.0},{"damage":23.0,"enemies":"Transient","floor":45.0,"turns":5.0},{"damage":35.0,"enemies":"Reptomancer","floor":47.0,"turns":4.0},{"damage":32.0,"enemies":"Spire Growth","floor":48.0,"turns":4.0},{"damage":66,"enemies":"Awakened One","floor":50,"turns":7}],"seed_played":"-5927278151752686112","potions_obtained":[{"floor":5.0,"key":"BloodPotion"},{"floor":8.0,"key":"Swift Potion"},{"floor":12.0,"key":"Fire Potion"},{"floor":18.0,"key":"SmokeBomb"},{"floor":19.0,"key":"Block Potion"},{"floor":23.0,"key":"Explosive Potion"},{"floor":37.0,"key":"BloodPotion"},{"floor":38.0,"key":"SneckoOil"},{"floor":45.0,"key":"Strength Potion"},{"floor":47.0,"key":"Ancient Potion"},{"floor":48.0,"key":"Weak Potion"}],"is_trial":false,"path_per_floor":["M","?","?","$","M","E","R","E","T","M","R","E","M","T","R","B",null,"M","M","?","?","M","E","$","R","T","E","M","E","M","M","R","B",null,"M","?","M","M","?","E","?","E","T","R","M","R","E","M","R","B",null],"character_chosen":"IRONCLAD","items_purchased":["Shockwave","Vajra","Ancient Tea Set"],"campfire_rested":0,"item_purchase_floors":[4,24,24],"current_hp_per_floor":[78,58,58,58,64,70,70,52,52,58,58,34,26,26,26,16,64,71,79,79,79,86,86,86,86,86,84,94,82,83,84,84,82,100,110,104,95,46,63,68,61,84,84,84,80,80,64,55,55,7],"gold":548,"neow_bonus":"THREE_ENEMY_KILL","is_prod":false,"is_daily":false,"chose_seed":false,"campfire_upgraded":8,"win_rate":0,"timestamp":1566111992,"path_taken":["M","?","?","$","M","E","R","E","T","M","R","E","M","?","R","BOSS","M","M","?","?","?","E","$","R","T","E","M","E","M","M","R","BOSS","M","?","M","M","?","E","?","E","T","R","M","R","E","M","R","BOSS"],"build_version":"2019-07-17","purchased_purges":1,"victory":true,"max_hp_per_floor":[80,80,80,80,80,80,80,80,80,80,80,80,80,80,80,80,80,83,83,83,83,86,86,86,86,86,90,94,98,102,106,106,106,106,110,104,104,104,104,104,104,108,108,108,108,108,108,112,112,116],"card_choices":[{"not_picked":["Body Slam","Bloodletting"],"picked":"Perfected Strike","floor":1.0},{"not_picked":["Body Slam","Pommel Strike","True Grit"],"picked":"SKIP","floor":5.0},{"not_picked":["Clash","Dual Wield"],"picked":"Feel No Pain","floor":6.0},{"not_picked":["Iron Wave","Clash"],"picked":"Pummel","floor":8.0},{"not_picked":["Armaments","Sword Boomerang"],"picked":"Berserk","floor":10.0},{"not_picked":["Havoc","Clothesline"],"picked":"Armaments","floor":12.0},{"not_picked":["Bloodletting","Shockwave","Body Slam"],"picked":"SKIP","floor":13.0},{"not_picked":["Offering","Exhume"],"picked":"Feed","floor":16.0},{"not_picked":["Wild Strike","Thunderclap","Blood for Blood"],"picked":"SKIP","floor":18.0},{"not_picked":["Havoc","Anger"],"picked":"Warcry","floor":19.0},{"not_picked":["Uppercut","Whirlwind"],"picked":"Demon Form","floor":22.0},{"not_picked":["Pommel Strike+1","Blood for Blood"],"picked":"Seeing Red","floor":23.0},{"not_picked":["Uppercut","Exhume","Anger"],"picked":"SKIP","floor":27.0},{"not_picked":["Cleave","Whirlwind","Perfected Strike"],"picked":"SKIP","floor":28.0},{"not_picked":["Corruption+1","Exhume"],"picked":"Shockwave","floor":29.0},{"not_picked":["Body Slam+1","Feed","Fire Breathing"],"picked":"SKIP","floor":30.0},{"not_picked":["Perfected Strike","Anger"],"picked":"Sword Boomerang","floor":31.0},{"not_picked":["Barricade","Berserk"],"picked":"Limit Break","floor":33.0},{"not_picked":["True Grit"],"picked":"SKIP","floor":35.0},{"not_picked":["Sever Soul+1"],"picked":"SKIP","floor":37.0},{"not_picked":["Reckless Charge"],"picked":"SKIP","floor":38.0},{"not_picked":["Dual Wield"],"picked":"SKIP","floor":40.0},{"not_picked":[],"picked":"Heavy Blade+1","floor":42.0},{"not_picked":["Flex+1"],"picked":"SKIP","floor":45.0},{"not_picked":["Anger"],"picked":"SKIP","floor":47.0},{"not_picked":["Carnage"],"picked":"SKIP","floor":48.0}],"player_experience":239364,"relics_obtained":[{"floor":6.0,"key":"Oddly Smooth Stone"},{"floor":8.0,"key":"Lantern"},{"floor":9.0,"key":"Omamori"},{"floor":12.0,"key":"Bird Faced Urn"},{"floor":14.0,"key":"Self Forming Clay"},{"floor":23.0,"key":"Bottled Tornado"},{"floor":26.0,"key":"Matryoshka"},{"floor":27.0,"key":"Blue Candle"},{"floor":29.0,"key":"PreservedInsect"},{"floor":39.0,"key":"Charon\u0027s Ashes"},{"floor":41.0,"key":"Nunchaku"},{"floor":42.0,"key":"Blood Vial"},{"floor":43.0,"key":"Mummified Hand"},{"floor":47.0,"key":"Potion Belt"}],"event_choices":[{"damage_healed":0.0,"max_hp_gain":0.0,"max_hp_loss":0.0,"gold_gain":0.0,"event_name":"Golden Idol","player_choice":"Take Damage","floor":2.0,"gold_loss":0.0,"damage_taken":20.0,"relics_obtained":["Golden Idol"]},{"damage_healed":0.0,"max_hp_gain":0.0,"max_hp_loss":0.0,"gold_gain":0.0,"event_name":"Living Wall","player_choice":"Grow","floor":3.0,"gold_loss":0.0,"damage_taken":0.0,"cards_upgraded":["Bash"]},{"damage_healed":0.0,"max_hp_gain":0.0,"max_hp_loss":0.0,"gold_gain":0.0,"event_name":"Forgotten Altar","player_choice":"Gave Idol","floor":20.0,"relics_lost":["Golden Idol"],"gold_loss":0.0,"damage_taken":0.0,"relics_obtained":["Bloody Idol"]},{"damage_healed":0.0,"max_hp_gain":0.0,"max_hp_loss":0.0,"gold_gain":0.0,"event_name":"N\u0027loth","player_choice":"Traded Relic","floor":21.0,"relics_lost":["NeowsBlessing"],"gold_loss":0.0,"damage_taken":0.0,"relics_obtained":["Nloth\u0027s Gift"]},{"damage_healed":0.0,"max_hp_gain":0.0,"max_hp_loss":6.0,"gold_gain":0.0,"event_name":"Winding Halls","player_choice":"Max HP","floor":36.0,"gold_loss":0.0,"damage_taken":0.0},{"damage_healed":0.0,"max_hp_gain":0.0,"max_hp_loss":0.0,"gold_gain":0.0,"event_name":"MindBloom","player_choice":"Fight","floor":39.0,"gold_loss":0.0,"damage_taken":0.0},{"damage_healed":0.0,"max_hp_gain":0.0,"max_hp_loss":0.0,"gold_gain":0.0,"event_name":"Mysterious Sphere","player_choice":"Fight","floor":41.0,"gold_loss":0.0,"damage_taken":0.0}],"is_beta":false,"boss_relics":[{"not_picked":["Runic Cube","Coffee Dripper"],"picked":"Astrolabe"},{"not_picked":["White Beast Statue","Lizard Tail"],"picked":"Busted Crown"}],"items_purged_floors":[24],"is_endless":false,"potions_floor_spawned":[5,8,12,18,19,23,29,31,37,38,45,47,48],"ascension_level":10}