{"gold_per_floor":[115,32,42,42,42,42,7,25,25,25,25,25,48,63,63,184,184,204,222,270,270,13,13,13,13,13,13,33,57,92,24,24,153,153,178,178,202,215,215,215,256,256,279,35,35,50,75,75,75,75],"floor_reached":50,"playtime":5192,"items_purged":["Defend_B","Strike_B"],"score":481,"play_id":"e248e3dc-f528-43fc-a668-4fa6da49466c","local_time":"20190817023019","is_ascension_mode":false,"campfire_choices":[{"data":"Scrape","floor":6,"key":"SMITH"},{"data":"Zap","floor":10,"key":"SMITH"},{"data":"Rebound","floor":12,"key":"SMITH"},{"data":"Beam Cell","floor":15,"key":"SMITH"},{"data":"Beam Cell","floor":23,"key":"SMITH"},{"data":"Streamline","floor":25,"key":"SMITH"},{"data":"Streamline","floor":27,"key":"SMITH"},{"data":"Capacitor","floor":32,"key":"SMITH"},{"data":"Madness","floor":40,"key":"SMITH"},{"floor":42,"key":"REST"},{"floor":49,"key":"REST"}],"neow_cost":"NONE","seed_source_timestamp":251030839807600,"circlet_count":0,"master_deck":["Strike_B+1","Strike_B+1","Strike_B+1","Defend_B","Defend_B+1","Defend_B","Zap+1","Dualcast+1","Streamline+1","Beam Cell+1","Scrape+1","Beam Cell+1","Rebound+1","Streamline+1","Capacitor+1","Bandage Up","Redo+1","All For One","Streamline","Hologram+1","Defragment+1","Madness+1","Madness","Redo+1","Chill","Parasite","Blizzard+1"],"relics":["FrozenCore","Golden Idol","Pantograph","Happy Flower","Vajra","Potion Belt","Question Card","MawBank","White Beast Statue","Whetstone","Bronze Scales"],"potions_floor_usage":[14,16,30,33,33,37,41,41,47,50,50,50],"damage_taken":[{"damage":1,"enemies":"Cultist","floor":1,"turns":3},{"damage":1,"enemies":"Jaw Worm","floor":3,"turns":2},{"damage":0,"enemies":"2 Louse","floor":8,"turns":2},{"damage":9,"enemies":"2 Fungi Beasts","floor":14,"turns":2},{"damage":33,"enemies":"Slime Boss","floor":16,"turns":9},{"damage":24,"enemies":"3 Byrds","floor":18,"turns":4},{"damage":0,"enemies":"Chosen","floor":19,"turns":4},{"damage":3,"enemies":"Snake Plant","floor":28,"turns":4},{"damage":4,"enemies":"Centurion and Healer","floor":30,"turns":4},{"damage":28,"enemies":"Automaton","floor":33,"turns":9},{"damage":11,"enemies":"3 Shapes","floor":35,"turns":3},{"damage":4,"enemies":"3 Darklings","floor":37,"turns":6},{"damage":8,"enemies":"Sphere and 2 Shapes","floor":38,"turns":9},{"damage":32,"enemies":"Reptomancer","floor":41,"turns":7},{"damage":23,"enemies":"Spire Growth","floor":46,"turns":6},{"damage":33,"enemies":"Writhing Mass","floor":47,"turns":6},{"damage":65,"enemies":"Time Eater","floor":50,"turns":8}],"seed_played":"593832145672887232","potions_obtained":[{"floor":1,"key":"AttackPotion"},{"floor":14,"key":"Weak Potion"},{"floor":30,"key":"Strength Potion"},{"floor":35,"key":"SteroidPotion"},{"floor":37,"key":"SpeedPotion"},{"floor":38,"key":"Ancient Potion"},{"floor":41,"key":"FearPotion"},{"floor":46,"key":"Strength Potion"},{"floor":47,"key":"SpeedPotion"}],"is_trial":false,"path_per_floor":["M","$","M","?","?","R","?","M","T","R","?","R","T","M","R","B",null,"M","M","T","?","$","R","?","R","T","R","M","T","M","$","R","B",null,"M","?","M","M","?","R","E","R","T","$","?","M","M","?","R","B"],"character_chosen":"DEFECT","items_purchased":["Scrape","Beam Cell","Bandage Up","Dexterity Potion","SkillPotion","All For One","Chill","GamblersBrew"],"campfire_rested":2,"item_purchase_floors":[2,2,22,22,22,31,44,44],"current_hp_per_floor":[74,74,73,58,58,58,69,69,69,69,69,69,69,60,60,36,69,45,45,45,45,45,45,45,45,45,45,46,46,46,46,46,41,69,62,79,79,75,65,65,37,60,60,60,60,41,12,12,35,0],"gold":75,"neow_bonus":"THREE_CARDS","is_prod":false,"is_daily":false,"chose_seed":false,"campfire_upgraded":9,"win_rate":0.0,"timestamp":1566019819,"path_taken":["M","$","?","?","?","R","?","M","T","R","?","R","?","M","R","BOSS","M","?","?","?","$","R","?","R","T","R","M","?","M","$","R","BOSS","M","?","?","M","?","R","E","R","T","$","?","?","M","?","R","BOSS"],"build_version":"2019-07-17","purchased_purges":2,"victory":false,"max_hp_per_floor":[75,75,75,75,69,69,69,69,69,69,69,69,69,69,69,69,69,69,69,69,69,69,69,69,69,69,69,69,69,69,69,69,69,69,69,79,79,79,79,79,79,79,79,79,79,79,79,79,79,79],"card_choices":[{"not_picked":["Double Energy","Redo"],"picked":"Streamline","floor":0},{"not_picked":["Defragment","Steam"],"picked":"Beam Cell","floor":1},{"not_picked":["Steam","Reprogram"],"picked":"Rebound","floor":3},{"not_picked":["Conserve Battery","Cold Snap","Steam Power"],"picked":"SKIP","floor":8},{"not_picked":["Redo","Ball Lightning"],"picked":"Streamline","floor":14},{"not_picked":["Cold Snap","Storm","Conserve Battery"],"picked":"SKIP","floor":18},{"not_picked":["Leap","Cold Snap"],"picked":"Capacitor","floor":19},{"not_picked":["Ball Lightning","Leap","Steam+1","Reinforced Body"],"picked":"SKIP","floor":28},{"not_picked":["Consume+1","Hologram+1","Cold Snap"],"picked":"Redo+1","floor":30},{"not_picked":["Seek","Multi-Cast","Biased Cognition"],"picked":"Machine Learning","floor":33},{"not_picked":["Barrage","Coolheaded+1","Aggregate"],"picked":"Streamline","floor":35},{"not_picked":["Go for the Eyes+1","Heatsinks","Ball Lightning+1"],"picked":"Hologram+1","floor":37},{"not_picked":["Streamline+1","Auto Shields","Stack"],"picked":"Defragment","floor":38},{"not_picked":["Compile Driver+1","Conserve Battery+1","Doom and Gloom"],"picked":"Redo+1","floor":41},{"not_picked":["Chill+1","Steam+1","Streamline+1","Reinforced Body+1"],"picked":"SKIP","floor":46},{"not_picked":["Sweeping Beam+1","Barrage","Cold Snap"],"picked":"Blizzard+1","floor":47}],"player_experience":43193,"relics_obtained":[{"floor":9,"key":"Pantograph"},{"floor":13,"key":"Happy Flower"},{"floor":20,"key":"Vajra"},{"floor":26,"key":"Question Card"},{"floor":29,"key":"MawBank"},{"floor":41,"key":"Whetstone"},{"floor":43,"key":"Bronze Scales"}],"event_choices":[{"damage_healed":0,"gold_gain":0,"player_choice":"Entered Light","damage_taken":15,"max_hp_gain":0,"max_hp_loss":0,"event_name":"Shining Light","floor":4,"gold_loss":0,"cards_upgraded":["Strike_B","Defend_B"]},{"damage_healed":0,"gold_gain":0,"player_choice":"Lose Max HP","damage_taken":0,"relics_obtained":["Golden Idol"],"max_hp_gain":0,"max_hp_loss":6,"event_name":"Golden Idol","floor":5,"gold_loss":0},{"damage_healed":17,"gold_gain":0,"player_choice":"Healed","damage_taken":0,"max_hp_gain":0,"max_hp_loss":0,"event_name":"The Cleric","floor":7,"gold_loss":35},{"damage_healed":0,"gold_gain":0,"player_choice":"Grow","damage_taken":0,"max_hp_gain":0,"max_hp_loss":0,"event_name":"Living Wall","floor":11,"gold_loss":0,"cards_upgraded":["Dualcast"]},{"damage_healed":0,"gold_gain":0,"player_choice":"Opened","damage_taken":0,"relics_obtained":["Potion Belt"],"max_hp_gain":0,"max_hp_loss":0,"event_name":"The Mausoleum","floor":21,"gold_loss":0},{"damage_healed":0,"gold_gain":0,"player_choice":"Ignored","damage_taken":0,"max_hp_gain":0,"max_hp_loss":0,"event_name":"Ghosts","floor":24,"gold_loss":0},{"cards_removed":["Machine Learning"],"damage_healed":7,"gold_gain":0,"player_choice":"Offered Rare","damage_taken":0,"max_hp_gain":10,"max_hp_loss":0,"event_name":"Bonfire Elementals","floor":36,"gold_loss":0},{"damage_healed":0,"gold_gain":0,"player_choice":"Embrace Madness","damage_taken":10,"max_hp_gain":0,"max_hp_loss":0,"event_name":"Winding Halls","floor":39,"gold_loss":0,"cards_obtained":["Madness","Madness"]},{"damage_healed":0,"gold_gain":0,"player_choice":"Forge","damage_taken":0,"max_hp_gain":0,"max_hp_loss":0,"event_name":"Accursed Blacksmith","floor":45,"gold_loss":0,"cards_upgraded":["Defragment"]},{"damage_healed":0,"gold_gain":0,"player_choice":"Memory 1","damage_taken":0,"max_hp_gain":0,"max_hp_loss":0,"event_name":"SensoryStone","floor":48,"gold_loss":0}],"is_beta":false,"boss_relics":[{"not_picked":["Runic Pyramid","Cursed Key"],"picked":"FrozenCore"},{"not_picked":["Inserter","Runic Dome"],"picked":"White Beast Statue"}],"items_purged_floors":[22,44],"is_endless":false,"potions_floor_spawned":[1,14,30,35,37,38,41,46,47],"killed_by":"Time Eater","ascension_level":0}