{"gold_per_floor":[209,219,171,191,112,112,112,145,219,187,214,214,224,242,242,344,344,358,19,19,31,49,49,81,92,92,92,107,122,136,152,152,256,256,275,291,216,236,236,236,263,263,263,291,301,319,319,354,354,354],"floor_reached":51,"playtime":6547,"items_purged":["Strike_B"],"score":793,"play_id":"1b9bac3d-9f92-49d0-b764-07b8a80ee007","local_time":"20190814014729","is_ascension_mode":true,"campfire_choices":[{"data":"Zap","floor":6,"key":"SMITH"},{"floor":12,"key":"REST"},{"data":"Static Discharge","floor":15,"key":"SMITH"},{"data":"Dualcast","floor":23,"key":"SMITH"},{"data":"Defragment","floor":27,"key":"SMITH"},{"data":"Chill","floor":32,"key":"SMITH"},{"floor":40,"key":"REST"},{"floor":42,"key":"REST"},{"floor":47,"key":"REST"},{"floor":49,"key":"REST"}],"neow_cost":"NONE","seed_source_timestamp":0,"circlet_count":0,"master_deck":["Strike_B+1","Strike_B","Defend_B","Defend_B","Defend_B+1","Defend_B","Zap+1","Dualcast+1","Self Repair","Barrage","Sweeping Beam","Reinforced Body","Static Discharge+1","Amplify","Capacitor","Melter+1","Ball Lightning+1","Electrodynamics","Conserve Battery","Ball Lightning+1","Leap","Chill+1","Defragment+1","Barrage+1","Cold Snap+1","Parasite","Redo+1","Conserve Battery+1","Barrage+1","Cold Snap+1","Stack+1"],"special_seed":0,"relics":["FrozenCore","Strawberry","Gremlin Horn","Molten Egg 2","DataDisk","Runic Capacitor","Art of War","Regal Pillow","Fusion Hammer","Happy Flower","StoneCalendar","Emotion Chip","Nunchaku"],"potions_floor_usage":[24,33,50,50],"damage_taken":[{"damage":9.0,"enemies":"Jaw Worm","floor":1.0,"turns":3.0},{"damage":16,"enemies":"Small Slimes","floor":2,"turns":3},{"damage":1,"enemies":"Cultist","floor":4,"turns":3},{"damage":19,"enemies":"3 Sentries","floor":8,"turns":7},{"damage":23,"enemies":"Lagavulin","floor":11,"turns":7},{"damage":4,"enemies":"Gremlin Gang","floor":13,"turns":4},{"damage":9,"enemies":"3 Louse","floor":14,"turns":2},{"damage":15,"enemies":"The Guardian","floor":16,"turns":8},{"damage":0,"enemies":"Spheric Guardian","floor":18,"turns":1},{"damage":4,"enemies":"Chosen","floor":21,"turns":4},{"damage":0,"enemies":"3 Cultists","floor":22,"turns":3},{"damage":21,"enemies":"Gremlin Leader","floor":24,"turns":6},{"damage":13,"enemies":"Snake Plant","floor":25,"turns":4},{"damage":16,"enemies":"Shelled Parasite and Fungi","floor":28,"turns":5},{"damage":6,"enemies":"Chosen and Byrds","floor":29,"turns":3},{"damage":1,"enemies":"Snecko","floor":30,"turns":4},{"damage":4,"enemies":"Centurion and Healer","floor":31,"turns":3},{"damage":12,"enemies":"Champ","floor":33,"turns":10},{"damage":0,"enemies":"Orb Walker","floor":35,"turns":5},{"damage":2,"enemies":"3 Darklings","floor":36,"turns":3},{"damage":10,"enemies":"Writhing Mass","floor":38,"turns":7},{"damage":62,"enemies":"Giant Head","floor":41,"turns":11},{"damage":29,"enemies":"Nemesis","floor":44,"turns":7},{"damage":0,"enemies":"Sphere and 2 Shapes","floor":45,"turns":4},{"damage":14,"enemies":"3 Darklings","floor":46,"turns":5},{"damage":3,"enemies":"Giant Head","floor":48,"turns":9},{"damage":23,"enemies":"Awakened One","floor":50,"turns":12}],"seed_played":"-1411287310056217100","potions_obtained":[{"floor":1,"key":"Energy Potion"},{"floor":8,"key":"EssenceOfSteel"},{"floor":14,"key":"PowerPotion"},{"floor":25,"key":"Regen Potion"},{"floor":33,"key":"Ancient Potion"}],"is_trial":false,"path_per_floor":["M","M","$","M","$","R","?","E","T","?","E","R","M","M","R","B",null,"M","$","?","M","M","R","E","M","T","R","M","M","M","M","R","B",null,"M","M","$","M","?","R","E","R","T","E","M","M","R","E","R","B",null],"character_chosen":"DEFECT","items_purchased":["Sweeping Beam","Static Discharge","DataDisk","Runic Capacitor"],"campfire_rested":5,"item_purchase_floors":[3,5,19,19],"current_hp_per_floor":[66,57,57,63,63,63,48,43,43,43,27,51,61,52,52,44,82,82,82,82,82,82,82,68,62,62,62,53,54,60,63,63,73,82,82,80,80,77,77,82,27,66,66,44,51,44,82,82,82,59],"gold":354,"neow_bonus":"HUNDRED_GOLD","is_prod":false,"is_daily":false,"chose_seed":false,"campfire_upgraded":5,"win_rate":0,"timestamp":1565714849,"path_taken":["M","M","$","M","$","R","?","E","T","?","E","R","M","M","R","BOSS","M","$","?","?","M","R","E","M","T","R","M","M","?","M","R","BOSS","M","M","$","M","?","R","E","R","T","E","M","M","R","E","R","BOSS"],"build_version":"2019-07-17","purchased_purges":1,"victory":true,"max_hp_per_floor":[75,75,75,75,75,75,75,82,82,82,82,82,82,82,82,82,82,82,82,82,82,82,82,82,82,82,82,82,82,82,82,82,82,82,82,82,82,82,82,82,82,82,82,82,82,82,82,82,82,82],"card_choices":[{"not_picked":["Redo","Go for the Eyes"],"picked":"Self Repair","floor":1},{"not_picked":["Cold Snap","Coolheaded"],"picked":"Barrage","floor":2},{"not_picked":["Fusion","Doom and Gloom"],"picked":"Reinforced Body","floor":4},{"not_picked":["Beam Cell","Rip and Tear"],"picked":"Amplify","floor":8},{"not_picked":["Steam","Barrage"],"picked":"Capacitor","floor":11},{"not_picked":["Genetic Algorithm","Gash+1"],"picked":"Melter+1","floor":13},{"not_picked":["Coolheaded","Amplify"],"picked":"Ball Lightning+1","floor":14},{"not_picked":["Buffer","Reboot"],"picked":"Electrodynamics","floor":16},{"not_picked":["Stack","Beam Cell+1"],"picked":"Conserve Battery","floor":18},{"not_picked":["Sweeping Beam+1","Rebound+1"],"picked":"Ball Lightning+1","floor":21},{"not_picked":["Hologram+1","Gash+1"],"picked":"Leap","floor":22},{"not_picked":["Melter+1","Sweeping Beam+1"],"picked":"Chill","floor":24},{"not_picked":["Capacitor+1","Streamline+1"],"picked":"Defragment","floor":25},{"not_picked":["Chaos+1","Compile Driver+1"],"picked":"Barrage+1","floor":28},{"not_picked":["Hologram","Coolheaded","Rainbow"],"picked":"SKIP","floor":29},{"not_picked":["Hello World","Beam Cell+1","Turbo"],"picked":"SKIP","floor":30},{"not_picked":["Cold Snap+1","Beam Cell+1","Heatsinks"],"picked":"SKIP","floor":31},{"not_picked":["Compile Driver+1","Gash+1"],"picked":"Cold Snap+1","floor":35},{"not_picked":["Scrape+1","Ball Lightning+1","Gash+1"],"picked":"SKIP","floor":36},{"not_picked":["Gash+1","Consume+1"],"picked":"Redo+1","floor":38},{"not_picked":["Leap","Genetic Algorithm+1"],"picked":"Conserve Battery+1","floor":41},{"not_picked":["Sweeping Beam+1","Conserve Battery+1"],"picked":"Barrage+1","floor":44},{"not_picked":["Leap+1","Turbo+1"],"picked":"Cold Snap+1","floor":45},{"not_picked":["Gash+1","Sunder+1"],"picked":"Stack+1","floor":46},{"not_picked":["Capacitor+1","Barrage+1","Turbo+1"],"picked":"SKIP","floor":48}],"player_experience":297956,"relics_obtained":[{"floor":8,"key":"Strawberry"},{"floor":9,"key":"Gremlin Horn"},{"floor":11,"key":"Molten Egg 2"},{"floor":24,"key":"Art of War"},{"floor":26,"key":"Regal Pillow"},{"floor":41,"key":"Happy Flower"},{"floor":43,"key":"StoneCalendar"},{"floor":44,"key":"Emotion Chip"},{"floor":48,"key":"Nunchaku"}],"event_choices":[{"damage_healed":0,"gold_gain":0,"player_choice":"Entered Light","damage_taken":15,"max_hp_gain":0,"max_hp_loss":0,"event_name":"Shining Light","floor":7,"gold_loss":0,"cards_upgraded":["Strike_B","Defend_B"]},{"damage_healed":0,"gold_gain":0,"player_choice":"Left Gold","damage_taken":0,"max_hp_gain":0,"max_hp_loss":0,"event_name":"World of Goop","floor":10,"gold_loss":32},{"cards_removed":["Strike_B"],"damage_healed":0,"gold_gain":0,"player_choice":"Offered Basic","damage_taken":0,"max_hp_gain":0,"max_hp_loss":0,"event_name":"Bonfire Elementals","floor":20,"gold_loss":0},{"damage_healed":0,"gold_gain":0,"player_choice":"Ignored","damage_taken":0,"max_hp_gain":0,"max_hp_loss":0,"event_name":"Tomb of Lord Red Mask","floor":39,"gold_loss":0}],"is_beta":false,"boss_relics":[{"not_picked":["Nuclear Battery","Busted Crown"],"picked":"FrozenCore"},{"not_picked":["Orrery","Black Star"],"picked":"Fusion Hammer"}],"items_purged_floors":[37],"is_endless":false,"potions_floor_spawned":[1,8,14,16,25,29,33,35,36,45,48],"ascension_level":2}