{"gold_per_floor":[361,82,99,113,131,131,156,156,181,259,276,276,306,326,326,404,404,404,404,404,99,99,99,99,99,99,99,99,99,99,99,99,99,99,99,99,99,99,0,0,0,0,0,0,0,0,0,0,0,0],"floor_reached":51,"playtime":3216,"items_purged":[],"score":1255,"play_id":"aa80c192-2e6e-40be-aa1c-827f2c0036a3","local_time":"20180725125448","is_ascension_mode":true,"campfire_choices":[{"data":"Apotheosis","floor":6.0,"key":"SMITH"},{"data":"Self Repair","floor":8.0,"key":"SMITH"},{"data":"Sunder","floor":15.0,"key":"SMITH"},{"data":"Seek","floor":24.0,"key":"SMITH"},{"floor":32.0,"key":"REST"},{"data":"Storm","floor":40.0,"key":"SMITH"},{"data":"Force Field","floor":42.0,"key":"SMITH"},{"data":"Finesse","floor":49.0,"key":"SMITH"}],"neow_cost":"TEN_PERCENT_HP_LOSS","seed_source_timestamp":0,"circlet_count":0,"master_deck":["Strike_B","Strike_B","Strike_B","Strike_B","Defend_B","Defend_B","Defend_B","Defend_B","Zap","Dualcast","AscendersBane","Ball Lightning","Apotheosis+1","Self Repair+1","Conserve Battery","Go for the Eyes","Sunder+1","Heatsinks","Doom and Gloom","Auto Shields","Leap","Echo Form","Rip and Tear","Storm+1","Seek+1","Barrage+1","Reinforced Body","Biased Cognition+1","Stack","Conserve Battery+1","Thunder Strike","Force Field+1","Double Energy","Steam","Madness","Core Surge","Finesse+1"],"special_seed":0,"relics":["Cracked Core","Blood Vial","Happy Flower","Singing Bowl","Omamori","Ectoplasm","Boot","Bronze Scales","Juzu Bracelet","Frozen Egg 2","Mercury Hourglass","Eternal Feather","Red Mask","DataDisk","Anchor","Bottled Lightning"],"potions_floor_usage":[50,50],"damage_taken":[{"damage":0.0,"enemies":"Small Slimes","floor":1.0,"turns":3.0},{"damage":4.0,"enemies":"Jaw Worm","floor":3.0,"turns":3.0},{"damage":6.0,"enemies":"2 Louse","floor":4.0,"turns":3.0},{"damage":0.0,"enemies":"Lots of Slimes","floor":5.0,"turns":2.0},{"damage":20.0,"enemies":"Lagavulin","floor":7.0,"turns":4.0},{"damage":8.0,"enemies":"Exordium Thugs","floor":11.0,"turns":3.0},{"damage":19.0,"enemies":"3 Sentries","floor":13.0,"turns":5.0},{"damage":0.0,"enemies":"2 Fungi Beasts","floor":14.0,"turns":3.0},{"damage":23.0,"enemies":"Hexaghost","floor":16.0,"turns":9.0},{"damage":4.0,"enemies":"Shell Parasite","floor":18.0,"turns":3.0},{"damage":1.0,"enemies":"Chosen","floor":22.0,"turns":3.0},{"damage":4.0,"enemies":"Book of Stabbing","floor":23.0,"turns":4.0},{"damage":31.0,"enemies":"Slavers","floor":25.0,"turns":4.0},{"damage":8.0,"enemies":"Centurion and Healer","floor":27.0,"turns":7.0},{"damage":13.0,"enemies":"Snake Plant","floor":28.0,"turns":3.0},{"damage":6.0,"enemies":"Sentry and Sphere","floor":31.0,"turns":3.0},{"damage":26.0,"enemies":"Champ","floor":33.0,"turns":7.0},{"damage":17.0,"enemies":"Flame Bruiser 1 Orb","floor":35.0,"turns":4.0},{"damage":14.0,"enemies":"Orb Walker","floor":36.0,"turns":4.0},{"damage":0.0,"enemies":"Maw","floor":37.0,"turns":6.0},{"damage":43.0,"enemies":"2 Orb Walkers","floor":41.0,"turns":4.0},{"damage":49.0,"enemies":"Giant Head","floor":44.0,"turns":7.0},{"damage":0.0,"enemies":"Flame Bruiser 2 Orb","floor":48.0,"turns":5.0},{"damage":68,"enemies":"Awakened One","floor":50,"turns":13}],"seed_played":"6359459376182984405","potions_obtained":[{"floor":3.0,"key":"PowerPotion"},{"floor":4.0,"key":"PowerPotion"},{"floor":14.0,"key":"SteroidPotion"},{"floor":18.0,"key":"Strength Potion"},{"floor":25.0,"key":"Regen Potion"},{"floor":33.0,"key":"AttackPotion"},{"floor":37.0,"key":"Strength Potion"},{"floor":44.0,"key":"Strength Potion"}],"is_trial":false,"path_per_floor":["M","$","M","M","M","R","E","R","T","?","M","T","E","M","R","B",null,"M","?","T","$","M","E","R","E","T","M","M","?","?","M","R","B",null,"M","M","M","?","?","R","E","R","T","E","?","?","?","M","R","B"],"character_chosen":"DEFECT","items_purchased":["Apotheosis","Self Repair","Bronze Scales","Seek"],"campfire_rested":1,"item_purchase_floors":[2,2,21,21],"current_hp_per_floor":[68,68,68,68,68,68,58,58,58,58,62,62,55,67,67,55,65,63,63,63,63,64,68,68,39,39,43,42,42,42,48,69,68,70,63,61,70,61,61,70,49,70,70,33,33,33,72,74,74,16],"gold":0,"neow_bonus":"TWO_FIFTY_GOLD","is_prod":false,"is_daily":false,"chose_seed":false,"campfire_upgraded":7,"win_rate":0,"timestamp":1532548488,"path_taken":["M","$","M","M","M","R","E","R","T","?","?","?","E","M","R","BOSS","M","?","?","?","M","E","R","E","T","M","M","?","?","M","R","BOSS","M","M","M","?","?","R","E","R","T","E","?","?","?","M","R","BOSS"],"build_version":"2018-07-19v2","purchased_purges":0,"victory":true,"max_hp_per_floor":[68,68,68,68,68,68,68,68,68,68,68,68,68,68,68,68,68,68,68,68,68,68,68,68,70,70,70,70,70,70,70,70,70,70,70,70,70,70,70,70,72,72,72,72,72,72,72,74,74,74],"card_choices":[{"not_picked":["Rebound","Coolheaded"],"picked":"Ball Lightning","floor":1.0},{"not_picked":["Turbo","Doom and Gloom"],"picked":"Conserve Battery","floor":3.0},{"not_picked":["Hologram","Steam"],"picked":"Go for the Eyes","floor":4.0},{"not_picked":["Hologram","Cold Snap"],"picked":"Sunder","floor":5.0},{"not_picked":["Undo","Go for the Eyes"],"picked":"Heatsinks","floor":7.0},{"not_picked":["Self Repair","Turbo"],"picked":"Doom and Gloom","floor":11.0},{"not_picked":["Steam","Beam Cell"],"picked":"Auto Shields","floor":13.0},{"not_picked":["Multi-Cast","Reprogram"],"picked":"Leap","floor":14.0},{"not_picked":["All For One","Core Surge"],"picked":"Echo Form","floor":16.0},{"not_picked":["Coolheaded","Gash"],"picked":"Rip and Tear","floor":18.0},{"not_picked":["Steam","Cold Snap"],"picked":"Barrage+1","floor":22.0},{"not_picked":["Sunder","Redo"],"picked":"Reinforced Body","floor":23.0},{"not_picked":["Barrage","Genetic Algorithm","Cold Snap"],"picked":"Singing Bowl","floor":25.0},{"not_picked":["Hologram","Chill"],"picked":"Biased Cognition+1","floor":27.0},{"not_picked":["Genetic Algorithm","Double Energy"],"picked":"Stack","floor":28.0},{"not_picked":["Ball Lightning","FTL"],"picked":"Conserve Battery+1","floor":31.0},{"not_picked":["Electrodynamics+1","Creative AI+1"],"picked":"Thunder Strike","floor":33.0},{"not_picked":["Rip and Tear","Conserve Battery"],"picked":"Force Field","floor":35.0},{"not_picked":["Sunder+1","Darkness+1"],"picked":"Double Energy","floor":36.0},{"not_picked":["Streamline+1","Beam Cell"],"picked":"Steam","floor":37.0},{"not_picked":["Gash","Compile Driver","Turbo+1"],"picked":"Singing Bowl","floor":41.0},{"not_picked":["Steam","Rebound"],"picked":"Core Surge","floor":44.0},{"not_picked":["Swift Strike","Madness"],"picked":"Finesse","floor":45.0},{"not_picked":["Hello World+1","Gash","Heatsinks+1"],"picked":"Singing Bowl","floor":48.0}],"player_experience":577031,"relics_obtained":[{"floor":7.0,"key":"Blood Vial"},{"floor":9.0,"key":"Happy Flower"},{"floor":12.0,"key":"Singing Bowl"},{"floor":13.0,"key":"Omamori"},{"floor":20.0,"key":"Boot"},{"floor":23.0,"key":"Juzu Bracelet"},{"floor":25.0,"key":"Frozen Egg 2"},{"floor":26.0,"key":"Mercury Hourglass"},{"floor":41.0,"key":"DataDisk"},{"floor":43.0,"key":"Anchor"},{"floor":44.0,"key":"Bottled Lightning"}],"event_choices":[{"event_name":"Golden Wing","player_choice":"Gained Gold","floor":10.0,"damage_taken":0.0},{"event_name":"The Library","player_choice":"Read","floor":19.0,"damage_taken":0.0},{"event_name":"Forgotten Altar","player_choice":"Smashed Altar","floor":29.0,"damage_taken":0.0},{"event_name":"Ghosts","player_choice":"Ignored","floor":30.0,"damage_taken":0.0},{"event_name":"Winding Halls","player_choice":"Embrace Madness","floor":38.0,"damage_taken":0.0},{"event_name":"Tomb of Lord Red Mask","player_choice":"Paid","floor":39.0,"damage_taken":0.0},{"event_name":"SensoryStone","player_choice":"Memory 1","floor":45.0,"damage_taken":0.0},{"event_name":"The Moai Head","player_choice":"Ignored","floor":46.0,"damage_taken":0.0},{"event_name":"Bonfire Elementals","player_choice":"UNCOMMON","floor":47.0,"damage_taken":0.0}],"is_beta":false,"boss_relics":[{"not_picked":["Pandora\u0027s Box","Empty Cage"],"picked":"Ectoplasm"},{"not_picked":["Cursed Key","Calling Bell"],"picked":"Eternal Feather"}],"items_purged_floors":[],"is_endless":false,"potions_floor_spawned":[3,4,14,18,25,31,33,37,44],"ascension_level":13}