{"gold_per_floor":[365,540,556,569,583,583,543,574,574,29,44,44,64,64,64,165,165,180,180,270,270,270,270,302,312,312,0,10,10,28,28,28,28],"floor_reached":33,"playtime":1536,"items_purged":[],"score":331,"play_id":"065af9c8-fd19-49bd-b0cb-d7e4ff7dd0d4","local_time":"20180708114518","is_ascension_mode":true,"campfire_choices":[{"data":"Zap","floor":6,"key":"SMITH"},{"floor":12,"key":"REST"},{"data":"Storm","floor":15,"key":"SMITH"},{"floor":23,"key":"REST"},{"floor":29,"key":"REST"},{"floor":32,"key":"REST"}],"neow_cost":"CURSE","seed_source_timestamp":45270369025543,"circlet_count":0,"master_deck":["Strike_B+1","Strike_B+1","Strike_B+1","Strike_B+1","Defend_B+1","Defend_B+1","Defend_B+1","Defend_B+1","Zap+1","Dualcast","Parasite","Storm+1","Doubt","Sweeping Beam","Barrage","Compile Driver","Chill","Loop","Beam Cell","Ball Lightning","Amplify","Sweeping Beam+1","Storm+1","Static Discharge","Barrage","Heatsinks"],"relics":["Cracked Core","Juzu Bracelet","Regal Pillow","Thread and Needle","DataDisk","Symbiotic Virus","Sozu","Bag of Preparation","Question Card","Gremlin Horn"],"potions_floor_usage":[5,8,8,18,33],"damage_taken":[{"damage":7,"enemies":"Jaw Worm","floor":1,"turns":3},{"damage":3,"enemies":"2 Louse","floor":3,"turns":2},{"damage":1,"enemies":"Cultist","floor":4,"turns":3},{"damage":1,"enemies":"2 Fungi Beasts","floor":5,"turns":2},{"damage":33,"enemies":"Lagavulin","floor":8,"turns":6},{"damage":1,"enemies":"Red Slaver","floor":11,"turns":3},{"damage":4,"enemies":"3 Louse","floor":13,"turns":2},{"damage":53,"enemies":"The Guardian","floor":16,"turns":9},{"damage":11,"enemies":"2 Thieves","floor":18,"turns":4},{"damage":57,"enemies":"Slavers","floor":24,"turns":4},{"damage":0,"enemies":"3 Byrds","floor":25,"turns":3},{"damage":4,"enemies":"Centurion and Healer","floor":28,"turns":3},{"damage":18,"enemies":"Slaver and Parasite","floor":30,"turns":3},{"damage":76,"enemies":"Champ","floor":33,"turns":8}],"seed_played":"-655611523004114956","potions_obtained":[{"floor":3,"key":"Explosive Potion"},{"floor":4,"key":"SpeedPotion"},{"floor":7,"key":"SkillPotion"},{"floor":7,"key":"LiquidBronze"},{"floor":7,"key":"Poison Potion"},{"floor":16,"key":"GamblersBrew"}],"is_trial":false,"path_per_floor":["M","?","M","M","M","R","?","E","T","$","M","R","M","?","R","B",null,"M","?","?","?","?","R","E","M","T","?","M","R","M","T","R"],"character_chosen":"DEFECT","items_purchased":["Thread and Needle","DataDisk","Loop"],"campfire_rested":4,"item_purchase_floors":[10,10,10],"current_hp_per_floor":[68,68,65,64,63,63,63,30,30,30,29,66,62,59,59,6,58,47,47,33,33,33,70,13,13,13,13,9,46,28,28,65,0],"gold":28,"neow_bonus":"TWO_FIFTY_GOLD","is_prod":false,"is_daily":false,"chose_seed":false,"campfire_upgraded":2,"win_rate":0,"timestamp":1531075518,"path_taken":["M","?","M","M","?","R","?","E","T","?","M","R","M","?","R","BOSS","M","?","?","?","?","R","E","M","T","?","M","R","M","?","R","BOSS"],"build_version":"2018-07-05","purchased_purges":0,"victory":false,"max_hp_per_floor":[75,75,75,75,75,75,75,75,75,75,75,75,75,75,75,75,75,75,75,75,75,75,75,75,75,75,75,75,75,75,75,75,75],"card_choices":[{"not_picked":["Ball Lightning","Steam"],"picked":"Storm","floor":1},{"not_picked":["Go for the Eyes","Scrape"],"picked":"Sweeping Beam","floor":3},{"not_picked":["Turbo","Coolheaded"],"picked":"Barrage","floor":4},{"not_picked":["Turbo","Redo"],"picked":"Compile Driver","floor":5},{"not_picked":["Capacitor","Hologram"],"picked":"Chill","floor":8},{"not_picked":["Multi-Cast","Steam"],"picked":"Beam Cell","floor":11},{"not_picked":["Undo","Rebound"],"picked":"Ball Lightning","floor":13},{"not_picked":["All For One","Multi-Cast"],"picked":"Amplify","floor":16},{"not_picked":["Cold Snap","Gash"],"picked":"Sweeping Beam+1","floor":18},{"not_picked":["Hyperbeam","Ball Lightning"],"picked":"Storm+1","floor":24},{"not_picked":["Cold Snap","Doom and Gloom"],"picked":"Static Discharge","floor":25},{"not_picked":["Turbo","Coolheaded","Gash+1"],"picked":"Barrage","floor":28},{"not_picked":["Conserve Battery","Sweeping Beam","Hologram"],"picked":"Heatsinks","floor":30}],"player_experience":493249,"relics_obtained":[{"floor":8,"key":"Juzu Bracelet"},{"floor":9,"key":"Regal Pillow"},{"floor":24,"key":"Bag of Preparation"},{"floor":26,"key":"Question Card"},{"floor":31,"key":"Gremlin Horn"}],"event_choices":[{"event_name":"Liars Game","player_choice":"agreed","floor":2,"damage_taken":0},{"event_name":"The Woman in Blue","player_choice":"Bought 3 Potions","floor":7,"damage_taken":0},{"event_name":"Scrap Ooze","player_choice":"success","floor":14,"damage_taken":3},{"event_name":"N\u0027loth","player_choice":"Ignored","floor":19,"damage_taken":0},{"event_name":"Knowing Skull","player_choice":"GOLD ","floor":20,"damage_taken":0},{"event_name":"Back to Basics","player_choice":"Simplicity","floor":21,"damage_taken":0},{"event_name":"Ghosts","player_choice":"Ignored","floor":22,"damage_taken":0},{"event_name":"Masked Bandits","player_choice":"Paid Bandits 312 gold","floor":27,"damage_taken":0}],"boss_relics":[{"not_picked":["Empty Cage","Ectoplasm"],"picked":"Sozu"}],"items_purged_floors":[],"is_endless":false,"potions_floor_spawned":[3,4,16,24,25],"killed_by":"Champ","ascension_level":5}