{"gold_per_floor":[113,133,145,95,95,121,121,24,24,199,218,234,234,234],"floor_reached":14,"playtime":809,"items_purged":["Regret"],"score":144,"play_id":"e63aabf3-399c-4a6a-a7cd-671cd8681528","local_time":"20180725015921","is_ascension_mode":true,"campfire_choices":[{"floor":7,"key":"REST"},{"floor":13,"key":"REST"}],"neow_cost":"CURSE","seed_source_timestamp":17511074790418,"circlet_count":0,"master_deck":["Strike_B","Strike_B","Strike_B","Defend_B","Defend_B","Defend_B","Defend_B","Zap","Dualcast","AscendersBane","Parasite","Steam","Conserve Battery","Go for the Eyes","Loop","Go for the Eyes","Doubt","Stack","Rip and Tear"],"relics":["Cracked Core","Turnip","Bird Faced Urn","Question Card","Calipers"],"potions_floor_usage":[2,14],"damage_taken":[{"damage":1,"enemies":"Cultist","floor":1,"turns":3},{"damage":0,"enemies":"Jaw Worm","floor":2,"turns":3},{"damage":0,"enemies":"2 Louse","floor":3,"turns":1},{"damage":59,"enemies":"Lagavulin","floor":6,"turns":10},{"damage":2,"enemies":"2 Fungi Beasts","floor":11,"turns":4},{"damage":12,"enemies":"Red Slaver","floor":12,"turns":5},{"damage":76,"enemies":"Gremlin Nob","floor":14,"turns":7}],"seed_played":"7716598437423144110","potions_obtained":[{"floor":1,"key":"Energy Potion"},{"floor":12,"key":"Fruit Juice"}],"is_trial":false,"path_per_floor":["M","M","M","?","?","E","R","$","T","?","M","M","R"],"character_chosen":"DEFECT","items_purchased":["Go for the Eyes"],"campfire_rested":2,"item_purchase_floors":[8],"current_hp_per_floor":[67,67,67,67,67,8,30,30,30,30,30,20,42,0],"gold":234,"neow_bonus":"ONE_RARE_RELIC","is_prod":false,"is_daily":false,"chose_seed":false,"campfire_upgraded":0,"win_rate":0,"timestamp":1532509161,"path_taken":["M","?","M","?","?","E","R","?","T","?","?","?","R","E"],"build_version":"2018-07-19v2","purchased_purges":1,"victory":false,"max_hp_per_floor":[75,75,75,75,75,75,75,75,75,75,75,75,75,80],"card_choices":[{"not_picked":["Turbo","Gash"],"picked":"Steam","floor":1},{"not_picked":["Steam","Go for the Eyes"],"picked":"Conserve Battery","floor":2},{"not_picked":["Beam Cell","Hologram"],"picked":"Go for the Eyes","floor":3},{"not_picked":["Reprogram","Darkness"],"picked":"Loop","floor":6},{"not_picked":["Sunder","Gash","Undo"],"picked":"Stack","floor":11},{"not_picked":["Turbo","Coolheaded","Aggregate"],"picked":"Rip and Tear","floor":12}],"player_experience":572478,"relics_obtained":[{"floor":6,"key":"Question Card"},{"floor":9,"key":"Calipers"}],"event_choices":[{"event_name":"The Cleric","player_choice":"Card Removal","floor":4,"damage_taken":0},{"event_name":"Big Fish","player_choice":"Box","floor":5,"damage_taken":0},{"event_name":"Liars Game","player_choice":"agreed","floor":10,"damage_taken":0}],"is_beta":false,"boss_relics":[],"items_purged_floors":[8],"is_endless":false,"potions_floor_spawned":[1,12],"killed_by":"Gremlin Nob","ascension_level":12}