{"gold_per_floor":[214,214,10,85,85,123,144,144,144,168,168,2,23,59,59,184,184,209,209,284,297,317,358,371,371,401,401,440,440,25,50,50,173,173,196,196,196,221,235,235,249,287,339,339,339,339,357,396,396,396],"floor_reached":51,"playtime":3223,"items_purged":["Injury"],"score":1225,"play_id":"074b05df-f30b-4c81-b64a-97e6b5b3c0f6","local_time":"20181031150527","is_ascension_mode":true,"campfire_choices":[{"floor":8.0,"key":"REST"},{"data":"Inflame","floor":15.0,"key":"SMITH"},{"floor":25.0,"key":"REST"},{"data":"Demon Form","floor":29.0,"key":"SMITH"},{"floor":32.0,"key":"REST"},{"data":"1","floor":40.0,"key":"LIFT"},{"data":"2","floor":44.0,"key":"LIFT"},{"data":"3","floor":46.0,"key":"LIFT"},{"floor":49.0,"key":"REST"}],"neow_cost":"NONE","seed_source_timestamp":0,"circlet_count":0,"master_deck":["Strike_R","Strike_R","Defend_R","Defend_R","Defend_R","Bash","AscendersBane","Armaments+1","Inflame+1","Whirlwind","Sword Boomerang","Twin Strike","Flex","Shrug It Off","Heavy Blade","Shrug It Off","Ghostly Armor","Headbutt","Dropkick","Berserk","Sentinel+1","Shockwave+1","Rage+1","Sword Boomerang","Disarm","Cleave","Flex","Searing Blow+1","Demon Form+1","Reaper","Flame Barrier","Panacea","Shrug It Off","Cleave","Offering","Injury","Seeing Red","Power Through+1","Infernal Blade","Pommel Strike+1","Rage+1","Doubt","Power Through+1"],"special_seed":0,"relics":["Burning Blood","Golden Idol","Thread and Needle","Matryoshka","Art of War","The Courier","Charon\u0027s Ashes","Astrolabe","MutagenicStrength","Blue Candle","Tiny Chest","Omamori","Torii","Girya","Calling Bell","Dream Catcher","Letter Opener","Mango","Centennial Puzzle","Singing Bowl","Ancient Tea Set","PreservedInsect"],"potions_floor_usage":[],"damage_taken":[{"damage":8.0,"enemies":"Jaw Worm","floor":1.0,"turns":4.0},{"damage":45.0,"enemies":"Gremlin Nob","floor":6.0,"turns":5.0},{"damage":0.0,"enemies":"Small Slimes","floor":7.0,"turns":3.0},{"damage":2.0,"enemies":"2 Louse","floor":10.0,"turns":3.0},{"damage":3.0,"enemies":"2 Fungi Beasts","floor":13.0,"turns":3.0},{"damage":3.0,"enemies":"3 Sentries","floor":14.0,"turns":5.0},{"damage":13.0,"enemies":"Slime Boss","floor":16.0,"turns":9.0},{"damage":0.0,"enemies":"Chosen","floor":18.0,"turns":4.0},{"damage":4.0,"enemies":"Spheric Guardian","floor":21.0,"turns":4.0},{"damage":0.0,"enemies":"Snake Plant","floor":22.0,"turns":2.0},{"damage":46.0,"enemies":"Slavers","floor":23.0,"turns":6.0},{"damage":8.0,"enemies":"Snecko","floor":24.0,"turns":5.0},{"damage":22.0,"enemies":"Book of Stabbing","floor":28.0,"turns":5.0},{"damage":34.0,"enemies":"3 Cultists","floor":31.0,"turns":6.0},{"damage":31.0,"enemies":"Champ","floor":33.0,"turns":9.0},{"damage":23.0,"enemies":"Orb Walker","floor":35.0,"turns":5.0},{"damage":19.0,"enemies":"3 Shapes","floor":38.0,"turns":5.0},{"damage":16.0,"enemies":"Spire Growth","floor":39.0,"turns":6.0},{"damage":15.0,"enemies":"Jaw Worm Horde","floor":41.0,"turns":3.0},{"damage":22.0,"enemies":"Nemesis","floor":42.0,"turns":7.0},{"damage":71.0,"enemies":"Transient","floor":47.0,"turns":5.0},{"damage":44.0,"enemies":"Giant Head","floor":48.0,"turns":7.0},{"damage":44,"enemies":"Awakened One","floor":50,"turns":9}],"seed_played":"7704115121642626514","potions_obtained":[{"floor":7.0,"key":"Swift Potion"},{"floor":16.0,"key":"Fire Potion"},{"floor":21.0,"key":"EntropicBrew"},{"floor":23.0,"key":"Weak Potion"},{"floor":28.0,"key":"Dexterity Potion"},{"floor":33.0,"key":"Ancient Potion"},{"floor":35.0,"key":"EssenceOfSteel"}],"is_trial":false,"path_per_floor":["M","?","$","?","?","E","M","R","T","M","T","$","M","E","R","B",null,"M","?","?","M","M","E","M","R","T","?","E","R","$","M","R","B",null,"M","T","?","M","M","R","M","E","T","R","?","R","M","E","R","B"],"character_chosen":"IRONCLAD","items_purchased":["Inflame","Whirlwind","Sword Boomerang","Heavy Blade","Shrug It Off","Ghostly Armor","Girya","Flame Barrier","Panacea","Shrug It Off"],"campfire_rested":4,"item_purchase_floors":[3,3,3,12,12,12,30,30,30,30],"current_hp_per_floor":[70,70,70,59,59,20,26,50,50,54,54,54,57,60,60,53,73,79,79,71,73,79,39,37,61,61,61,45,45,45,31,55,30,82,65,65,65,66,56,56,47,36,36,36,94,94,29,35,65,53],"gold":396,"neow_bonus":"HUNDRED_GOLD","is_prod":false,"is_daily":false,"chose_seed":false,"campfire_upgraded":2,"win_rate":0,"timestamp":1541023527,"path_taken":["M","?","$","?","?","E","M","R","T","M","?","$","M","E","R","BOSS","M","?","?","M","M","E","M","R","T","?","E","R","$","?","R","BOSS","M","?","?","?","M","R","M","E","T","R","?","R","?","E","R","BOSS"],"build_version":"2018-10-25v2","purchased_purges":1,"victory":true,"max_hp_per_floor":[80,80,80,80,80,80,80,80,80,80,80,80,80,80,80,80,80,80,80,80,80,80,80,80,80,80,80,80,80,80,80,80,80,94,94,94,94,94,94,94,94,94,94,94,94,94,94,96,98,98],"card_choices":[{"not_picked":["Thunderclap","Headbutt"],"picked":"Armaments","floor":1.0},{"not_picked":["Clothesline","Pommel Strike"],"picked":"Twin Strike","floor":6.0},{"not_picked":["Pommel Strike","Body Slam"],"picked":"Flex","floor":7.0},{"not_picked":["Sword Boomerang","Perfected Strike"],"picked":"Shrug It Off","floor":10.0},{"not_picked":["Clash","Havoc"],"picked":"Headbutt","floor":13.0},{"not_picked":["Rupture","Second Wind"],"picked":"Dropkick","floor":14.0},{"not_picked":["Dark Embrace","Immolate"],"picked":"Berserk","floor":16.0},{"not_picked":["Flame Barrier","Heavy Blade"],"picked":"Sword Boomerang","floor":18.0},{"not_picked":["Ghostly Armor","Combust"],"picked":"Disarm","floor":21.0},{"not_picked":["Twin Strike","Burning Pact"],"picked":"Cleave","floor":22.0},{"not_picked":["Warcry","Iron Wave"],"picked":"Flex","floor":23.0},{"not_picked":["Clash","Feel No Pain"],"picked":"Searing Blow+1","floor":24.0},{"not_picked":["Burning Pact","Havoc"],"picked":"Reaper","floor":28.0},{"not_picked":["Clothesline","Evolve"],"picked":"Cleave","floor":31.0},{"not_picked":["Double Tap","Fiend Fire"],"picked":"Offering","floor":33.0},{"not_picked":["Warcry","Heavy Blade"],"picked":"Seeing Red","floor":35.0},{"not_picked":["Warcry","Iron Wave"],"picked":"Power Through+1","floor":38.0},{"not_picked":["Rampage","Brutality"],"picked":"Infernal Blade","floor":39.0},{"not_picked":["Battle Trance","Wild Strike"],"picked":"Pommel Strike+1","floor":41.0},{"not_picked":["Cleave","Clash+1"],"picked":"Rage+1","floor":42.0},{"not_picked":["Sword Boomerang+1","Flex"],"picked":"Power Through+1","floor":47.0},{"not_picked":["Fire Breathing","Warcry+1","Anger"],"picked":"Singing Bowl","floor":48.0},{"not_picked":["Body Slam","Iron Wave","Fiend Fire"],"picked":"Singing Bowl","floor":49.0}],"player_experience":617911,"relics_obtained":[{"floor":6.0,"key":"Thread and Needle"},{"floor":9.0,"key":"Matryoshka"},{"floor":11.0,"key":"Art of War"},{"floor":11.0,"key":"The Courier"},{"floor":14.0,"key":"Charon\u0027s Ashes"},{"floor":23.0,"key":"Blue Candle"},{"floor":26.0,"key":"Tiny Chest"},{"floor":26.0,"key":"Omamori"},{"floor":28.0,"key":"Torii"},{"floor":34.0,"key":"Dream Catcher"},{"floor":34.0,"key":"Letter Opener"},{"floor":34.0,"key":"Mango"},{"floor":36.0,"key":"Centennial Puzzle"},{"floor":42.0,"key":"Singing Bowl"},{"floor":43.0,"key":"Ancient Tea Set"},{"floor":48.0,"key":"PreservedInsect"}],"event_choices":[{"damage_healed":0.0,"max_hp_gain":0.0,"max_hp_loss":0.0,"gold_gain":0.0,"event_name":"Golden Idol","player_choice":"Take Wound","floor":2.0,"gold_loss":0.0,"damage_taken":0.0,"relics_obtained":["Golden Idol"],"cards_obtained":["Injury"]},{"damage_healed":0.0,"max_hp_gain":0.0,"max_hp_loss":0.0,"gold_gain":75.0,"event_name":"World of Goop","player_choice":"Gather Gold","floor":4.0,"gold_loss":0.0,"damage_taken":11.0},{"damage_healed":0.0,"max_hp_gain":0.0,"max_hp_loss":0.0,"gold_gain":0.0,"event_name":"Living Wall","player_choice":"Grow","floor":5.0,"gold_loss":0.0,"damage_taken":0.0,"cards_upgraded":["Armaments"]},{"damage_healed":0.0,"max_hp_gain":0.0,"max_hp_loss":0.0,"gold_gain":0.0,"event_name":"Drug Dealer","player_choice":"Inject Mutagens","floor":19.0,"gold_loss":0.0,"damage_taken":0.0,"relics_obtained":["MutagenicStrength"]},{"damage_healed":0.0,"max_hp_gain":0.0,"max_hp_loss":0.0,"gold_gain":75.0,"event_name":"FaceTrader","player_choice":"Touch","floor":20.0,"gold_loss":0.0,"damage_taken":8.0},{"damage_healed":0.0,"max_hp_gain":0.0,"max_hp_loss":0.0,"gold_gain":0.0,"event_name":"The Library","player_choice":"Read","floor":27.0,"gold_loss":0.0,"damage_taken":0.0,"cards_obtained":["Demon Form"]},{"cards_removed":["Defend_R"],"damage_healed":0.0,"max_hp_gain":0.0,"max_hp_loss":0.0,"gold_gain":0.0,"event_name":"Falling","player_choice":"Removed Skill","floor":37.0,"gold_loss":0.0,"damage_taken":0.0},{"damage_healed":58.0,"max_hp_gain":0.0,"max_hp_loss":0.0,"gold_gain":0.0,"event_name":"MindBloom","player_choice":"Heal","floor":45.0,"gold_loss":0.0,"damage_taken":0.0,"cards_obtained":["Doubt"]}],"is_beta":false,"boss_relics":[{"not_picked":["Lizard Tail","Runic Dome"],"picked":"Astrolabe"},{"not_picked":["Runic Pyramid","Philosopher\u0027s Stone"],"picked":"Calling Bell"}],"items_purged_floors":[12],"is_endless":false,"potions_floor_spawned":[7,16,21,23,28,33,35,39],"ascension_level":12}