{"gold_per_floor":[116,116,191,191,366,407,407,427,427,447,301,324,368,368,368,494,494,515,515],"floor_reached":19,"playtime":1239,"items_purged":["Doubt"],"score":175,"play_id":"745d9d2d-9141-460c-8861-39c89c761a1c","local_time":"20190806191908","is_ascension_mode":false,"campfire_choices":[{"data":"Rampage","floor":7,"key":"SMITH"},{"floor":15,"key":"REST"}],"neow_cost":"NONE","seed_source_timestamp":419883825311245,"circlet_count":0,"master_deck":["Strike_R","Strike_R","Strike_R","Strike_R","Defend_R","Defend_R","Defend_R","Defend_R","Bash","Thunderclap","Rampage+1","Corruption","Infernal Blade","Feel No Pain","Rampage","Cleave","Demon Form","Entrench+1"],"relics":["Burning Blood","Golden Idol","Anchor","Orichalcum","Boot","Pen Nib","Mark of Pain"],"potions_floor_usage":[6,16,16],"damage_taken":[{"damage":0,"enemies":"Small Slimes","floor":1,"turns":3},{"damage":30,"enemies":"3 Sentries","floor":6,"turns":8},{"damage":5,"enemies":"Jaw Worm","floor":8,"turns":6},{"damage":4,"enemies":"2 Louse","floor":10,"turns":5},{"damage":2,"enemies":"Large Slime","floor":12,"turns":5},{"damage":20,"enemies":"Lagavulin","floor":13,"turns":7},{"damage":29,"enemies":"Slime Boss","floor":16,"turns":12},{"damage":37,"enemies":"3 Byrds","floor":18,"turns":5},{"damage":62,"enemies":"Masked Bandits","floor":19,"turns":4}],"seed_played":"-2317161216226512147","potions_obtained":[{"floor":1,"key":"Explosive Potion"},{"floor":6,"key":"Fire Potion"},{"floor":10,"key":"Fire Potion"},{"floor":18,"key":"EssenceOfSteel"}],"is_trial":false,"path_per_floor":["M","?","?","?","?","E","R","M","T","M","$","M","E","?","R","B",null,"M","?"],"character_chosen":"IRONCLAD","items_purchased":["Feel No Pain"],"campfire_rested":1,"item_purchase_floors":[11],"current_hp_per_floor":[88,88,77,55,55,31,31,32,32,34,34,38,24,12,38,15,88,57,0],"gold":515,"neow_bonus":"TEN_PERCENT_HP_BONUS","is_prod":false,"is_daily":false,"chose_seed":false,"campfire_upgraded":1,"win_rate":0.0,"timestamp":1565111948,"path_taken":["M","?","?","?","?","E","R","M","T","M","$","?","E","?","R","BOSS","M","?"],"build_version":"2019-07-17","purchased_purges":1,"victory":false,"max_hp_per_floor":[88,88,88,88,88,88,88,88,88,88,88,88,88,88,88,88,88,88,88],"card_choices":[{"not_picked":["Fire Breathing","Warcry"],"picked":"Thunderclap","floor":1},{"not_picked":["Power Through","True Grit"],"picked":"Corruption","floor":6},{"not_picked":["Body Slam","Twin Strike","Flex"],"picked":"SKIP","floor":8},{"not_picked":["Pummel","Heavy Blade"],"picked":"Infernal Blade","floor":10},{"not_picked":["Metallicize","True Grit"],"picked":"Rampage","floor":12},{"not_picked":["Intimidate","Fiend Fire"],"picked":"Cleave","floor":13},{"not_picked":["Bludgeon","Fiend Fire"],"picked":"Demon Form","floor":16},{"not_picked":["Armaments","Sword Boomerang+1"],"picked":"Entrench+1","floor":18}],"player_experience":19327,"relics_obtained":[{"floor":6,"key":"Anchor"},{"floor":9,"key":"Orichalcum"},{"floor":13,"key":"Boot"}],"event_choices":[{"damage_healed":0,"gold_gain":0,"cards_transformed":["Strike_R"],"player_choice":"Change","damage_taken":0,"max_hp_gain":0,"max_hp_loss":0,"event_name":"Living Wall","floor":2,"gold_loss":0,"cards_obtained":["Rampage"]},{"damage_healed":0,"gold_gain":75,"player_choice":"Gather Gold","damage_taken":11,"max_hp_gain":0,"max_hp_loss":0,"event_name":"World of Goop","floor":3,"gold_loss":0},{"damage_healed":0,"gold_gain":0,"player_choice":"Take Damage","damage_taken":22,"relics_obtained":["Golden Idol"],"max_hp_gain":0,"max_hp_loss":0,"event_name":"Golden Idol","floor":4,"gold_loss":0},{"damage_healed":0,"gold_gain":175,"player_choice":"AGREE","damage_taken":0,"max_hp_gain":0,"max_hp_loss":0,"event_name":"Liars Game","floor":5,"gold_loss":0,"cards_obtained":["Doubt"]},{"damage_healed":0,"gold_gain":0,"player_choice":"Success","damage_taken":12,"relics_obtained":["Pen Nib"],"max_hp_gain":0,"max_hp_loss":0,"event_name":"Scrap Ooze","floor":14,"gold_loss":0},{"damage_healed":0,"gold_gain":0,"player_choice":"Fought Bandits","damage_taken":0,"max_hp_gain":0,"max_hp_loss":0,"event_name":"Masked Bandits","floor":19,"gold_loss":0}],"is_beta":false,"boss_relics":[{"not_picked":["Snecko Eye","Runic Cube"],"picked":"Mark of Pain"}],"items_purged_floors":[11],"is_endless":false,"potions_floor_spawned":[1,6,10,18],"killed_by":"Masked Bandits","ascension_level":0}