{"gold_per_floor":[218,218,218,232,232,232,58,58,58,58,77,112,112,126,126,201,201,211,211,223,80,96,96,110,110,110,110,135,135,145,145,145,223,223,241,166,183,201,218,238,250,250,250,250,269,269,285,295,295,295],"floor_reached":51,"playtime":2287,"items_purged":["Strike_R"],"score":1181,"play_id":"4d8042b0-d3a9-4597-b223-2468907971f7","local_time":"20180813171655","is_ascension_mode":true,"campfire_choices":[{"data":"Bash","floor":6,"key":"SMITH"},{"data":"Whirlwind","floor":8,"key":"SMITH"},{"data":"Shrug It Off","floor":10,"key":"SMITH"},{"floor":15,"key":"REST"},{"data":"Uppercut","floor":23,"key":"SMITH"},{"data":"True Grit","floor":25,"key":"SMITH"},{"data":"Whirlwind","floor":27,"key":"SMITH"},{"floor":29,"key":"REST"},{"data":"RitualDagger","floor":32,"key":"SMITH"},{"data":"Demon Form","floor":42,"key":"SMITH"},{"data":"Juggernaut","floor":44,"key":"SMITH"},{"data":"Offering","floor":46,"key":"SMITH"},{"floor":49,"key":"REST"}],"neow_cost":"NONE","seed_source_timestamp":28657955464342,"circlet_count":0,"master_deck":["Strike_R+1","Strike_R","Defend_R","Defend_R","Defend_R","Defend_R","Bash+1","AscendersBane","Pommel Strike+1","Anger+1","Shrug It Off+1","Whirlwind+1","Battle Trance","Uppercut+1","Offering+1","True Grit+1","Whirlwind+1","RitualDagger+1","Juggernaut+1","Shockwave","Demon Form+1","Heavy Blade"],"relics":["Burning Blood","Whetstone","Mercury Hourglass","Red Skull","Sozu","Nilry\u0027s Codex","Bag of Marbles","Thread and Needle","Bird Faced Urn","Mark of Pain","Oddly Smooth Stone"],"potions_floor_usage":[16,16,33],"damage_taken":[{"damage":2,"enemies":"Jaw Worm","floor":1,"turns":3},{"damage":0,"enemies":"Cultist","floor":4,"turns":3},{"damage":0,"enemies":"2 Louse","floor":11,"turns":2},{"damage":10,"enemies":"3 Sentries","floor":12,"turns":5},{"damage":0,"enemies":"Exordium Wildlife","floor":14,"turns":2},{"damage":43,"enemies":"Hexaghost","floor":16,"turns":8},{"damage":1,"enemies":"3 Byrds","floor":18,"turns":3},{"damage":3,"enemies":"Shell Parasite","floor":20,"turns":5},{"damage":6,"enemies":"Centurion and Healer","floor":22,"turns":2},{"damage":12,"enemies":"3 Cultists","floor":24,"turns":3},{"damage":3,"enemies":"Slavers","floor":28,"turns":2},{"damage":0,"enemies":"Chosen and Byrds","floor":30,"turns":3},{"damage":58,"enemies":"Automaton","floor":33,"turns":11},{"damage":3,"enemies":"Orb Walker","floor":35,"turns":3},{"damage":0,"enemies":"3 Shapes","floor":37,"turns":2},{"damage":12,"enemies":"Spire Growth","floor":38,"turns":4},{"damage":0,"enemies":"4 Shapes","floor":39,"turns":5},{"damage":0,"enemies":"Transient","floor":40,"turns":5},{"damage":6,"enemies":"Sphere and 2 Shapes","floor":41,"turns":2},{"damage":6,"enemies":"Flame Bruiser 2 Orb","floor":45,"turns":4},{"damage":34,"enemies":"Maw","floor":47,"turns":6},{"damage":13,"enemies":"Sphere and 2 Shapes","floor":48,"turns":5},{"damage":51,"enemies":"Donu and Deca","floor":50,"turns":7}],"seed_played":"7324782389661153974","potions_obtained":[{"floor":11,"key":"Weak Potion"},{"floor":12,"key":"AttackPotion"},{"floor":16,"key":"EssenceOfSteel"}],"is_trial":false,"path_per_floor":["M","?","?","M","?","R","$","R","T","R","M","E","?","M","R","B",null,"M","?","M","$","M","R","M","R","T","R","E","R","M","?","R","B",null,"M","$","M","M","M","M","M","R","T","R","M","R","M","M","R","B"],"character_chosen":"IRONCLAD","items_purchased":["Shrug It Off","Whirlwind","Battle Trance","Bag of Marbles"],"campfire_rested":3,"item_purchase_floors":[7,7,7,21],"current_hp_per_floor":[72,72,72,75,75,75,75,75,75,75,75,71,36,42,64,27,63,68,47,50,50,50,50,44,44,44,44,47,69,75,69,69,27,63,68,68,74,69,75,75,75,75,75,75,75,75,49,46,68,29],"gold":295,"neow_bonus":"HUNDRED_GOLD","is_prod":false,"is_daily":false,"chose_seed":false,"campfire_upgraded":10,"win_rate":0,"timestamp":1534177015,"path_taken":["M","?","?","M","?","R","$","R","T","R","M","E","?","M","R","BOSS","M","?","M","$","?","R","M","R","T","R","E","R","M","?","R","BOSS","M","$","M","M","M","M","M","R","T","R","M","R","M","M","R","BOSS"],"build_version":"2018-08-09","purchased_purges":1,"victory":true,"max_hp_per_floor":[75,75,75,75,75,75,75,75,75,75,75,75,75,75,75,75,75,75,75,75,75,75,75,75,75,75,75,75,75,75,75,75,75,75,75,75,75,75,75,75,75,75,75,75,75,75,75,75,75,75],"card_choices":[{"not_picked":["Havoc","True Grit"],"picked":"Pommel Strike","floor":1},{"not_picked":["Perfected Strike","Body Slam","Dual Wield"],"picked":"SKIP","floor":4},{"not_picked":["Warcry","Sword Boomerang","Cleave"],"picked":"SKIP","floor":11},{"not_picked":["Intimidate","Evolve"],"picked":"Uppercut","floor":12},{"not_picked":["Sword Boomerang","Perfected Strike","Dropkick"],"picked":"SKIP","floor":14},{"not_picked":["Double Tap","Fiend Fire"],"picked":"Offering","floor":16},{"not_picked":["Heavy Blade","Pommel Strike"],"picked":"True Grit","floor":18},{"not_picked":["Anger","Reckless Charge+1","Infernal Blade"],"picked":"SKIP","floor":20},{"not_picked":["Twin Strike","Sword Boomerang"],"picked":"Whirlwind","floor":22},{"not_picked":["Wild Strike","Sword Boomerang","Body Slam"],"picked":"SKIP","floor":24},{"not_picked":["Fiend Fire","Thunderclap","Iron Wave"],"picked":"SKIP","floor":28},{"not_picked":["Twin Strike","Sentinel","Entrench"],"picked":"SKIP","floor":30},{"not_picked":["Fiend Fire","Impervious"],"picked":"Juggernaut","floor":33},{"not_picked":["Flex","Warcry","Sword Boomerang"],"picked":"SKIP","floor":35},{"not_picked":["Whirlwind+1","Iron Wave+1"],"picked":"Shockwave","floor":37},{"not_picked":["Perfected Strike","Flex","Power Through"],"picked":"SKIP","floor":38},{"not_picked":["Pommel Strike","Sever Soul","Feel No Pain"],"picked":"SKIP","floor":39},{"not_picked":["Twin Strike","Dual Wield+1","Cleave"],"picked":"SKIP","floor":40},{"not_picked":["Wild Strike","Pommel Strike+1"],"picked":"Demon Form","floor":41},{"not_picked":["Anger","Sever Soul","Pommel Strike"],"picked":"SKIP","floor":45},{"not_picked":["Whirlwind+1","Cleave"],"picked":"Heavy Blade","floor":47},{"not_picked":["Whirlwind","Searing Blow","Intimidate"],"picked":"SKIP","floor":48}],"player_experience":456921,"relics_obtained":[{"floor":9,"key":"Whetstone"},{"floor":12,"key":"Mercury Hourglass"},{"floor":19,"key":"Nilry\u0027s Codex"},{"floor":26,"key":"Thread and Needle"},{"floor":28,"key":"Bird Faced Urn"},{"floor":43,"key":"Oddly Smooth Stone"}],"event_choices":[{"event_name":"Bonfire Elementals","player_choice":"BASIC","floor":2,"damage_taken":0},{"event_name":"Living Wall","player_choice":"Grow","floor":3,"damage_taken":0},{"event_name":"Transmorgrifier","player_choice":"Transform","floor":5,"damage_taken":0},{"event_name":"Scrap Ooze","player_choice":"success","floor":13,"damage_taken":35},{"event_name":"Cursed Tome","player_choice":"Obtained Book","floor":19,"damage_taken":0},{"event_name":"Nest","player_choice":"Joined the Cult","floor":31,"damage_taken":0}],"is_beta":false,"boss_relics":[{"not_picked":["Black Blood","Runic Dome"],"picked":"Sozu"},{"not_picked":["Fusion Hammer","Velvet Choker"],"picked":"Mark of Pain"}],"items_purged_floors":[36],"is_endless":false,"potions_floor_spawned":[11,12,16,20,22,28,30,35,37,45,47],"ascension_level":15}