{"gold_per_floor":[118,118,131,56,56,91,91,111,136,171,171,190,203,278,278,355,355,367,567,577,594,145,145,145],"floor_reached":24,"playtime":1273,"items_purged":["Strike_B","Defend_B"],"score":439,"play_id":"96f336d1-1761-4561-ae08-119c2dcf1f8a","local_time":"20190107231217","is_ascension_mode":true,"campfire_choices":[{"data":"Go for the Eyes","floor":7.0,"key":"SMITH"},{"floor":15.0,"key":"REST"},{"floor":23,"key":"REST"}],"neow_cost":"NONE","seed_source_timestamp":0,"circlet_count":0,"master_deck":["AscendersBane","Strike_B+1","Strike_B+1","Strike_B+1","Defend_B","Defend_B","Defend_B","Zap+1","Dualcast","Go for the Eyes","Go for the Eyes+1","Coolheaded","Leap","Loop","Ball Lightning","Core Surge","Storm","Go for the Eyes","Chill"],"special_seed":0,"relics":["Cracked Core","NeowsBlessing","Centennial Puzzle","Whetstone","Mummified Hand","Nuclear Battery","Question Card"],"potions_floor_usage":[24,24],"damage_taken":[{"damage":0.0,"enemies":"Small Slimes","floor":1.0,"turns":1.0},{"damage":0.0,"enemies":"2 Louse","floor":3.0,"turns":1.0},{"damage":0.0,"enemies":"3 Sentries","floor":6.0,"turns":1.0},{"damage":0.0,"enemies":"Cultist","floor":8.0,"turns":3.0},{"damage":9.0,"enemies":"Lagavulin","floor":10.0,"turns":6.0},{"damage":6.0,"enemies":"Looter","floor":12.0,"turns":3.0},{"damage":2.0,"enemies":"Blue Slaver","floor":13.0,"turns":3.0},{"damage":12.0,"enemies":"The Guardian","floor":16.0,"turns":10.0},{"damage":16,"enemies":"Chosen","floor":18,"turns":4},{"damage":11,"enemies":"Spheric Guardian","floor":20,"turns":4},{"damage":28,"enemies":"Shelled Parasite and Fungi","floor":21,"turns":8},{"damage":26,"enemies":"Slavers","floor":24,"turns":6}],"seed_played":"-9149804707481974322","potions_obtained":[{"floor":3.0,"key":"PowerPotion"},{"floor":6.0,"key":"Fire Potion"},{"floor":16.0,"key":"Strength Potion"}],"is_trial":false,"path_per_floor":["M","?","M","$","?","E","R","M","T","E","?","M","M","?","R","B",null,"M","?","M","M","$","R","E"],"character_chosen":"DEFECT","items_purchased":["Chill","Question Card"],"campfire_rested":2,"item_purchase_floors":[22,22],"current_hp_per_floor":[64,43,43,43,43,43,43,43,43,34,34,28,26,15,36,24,59,43,43,32,4,4,25,0],"gold":145,"neow_bonus":"THREE_ENEMY_KILL","is_prod":false,"is_daily":false,"chose_seed":false,"campfire_upgraded":1,"win_rate":0,"timestamp":1546899137,"path_taken":["M","?","M","$","?","E","R","M","T","E","?","M","M","?","R","BOSS","M","?","M","M","$","R","E"],"build_version":"2019-01-03v4","purchased_purges":2,"victory":false,"max_hp_per_floor":[71,71,71,71,71,71,71,71,71,71,71,71,71,71,71,71,71,71,71,71,71,71,71,71],"card_choices":[{"not_picked":["Conserve Battery","Scrape"],"picked":"Go for the Eyes","floor":1.0},{"not_picked":["Hologram","Steam Power","Rebound"],"picked":"SKIP","floor":3.0},{"not_picked":["Rebound","Reprogram"],"picked":"Go for the Eyes","floor":6.0},{"not_picked":["Recycle","Steam Power"],"picked":"Coolheaded","floor":8.0},{"not_picked":["Static Discharge","Fusion"],"picked":"Leap","floor":10.0},{"not_picked":["Turbo","Leap"],"picked":"Loop","floor":12.0},{"not_picked":["Consume","Lockon"],"picked":"Ball Lightning","floor":13.0},{"not_picked":["Amplify","Thunder Strike"],"picked":"Core Surge","floor":16.0},{"not_picked":["Barrage","Sweeping Beam"],"picked":"Storm","floor":18},{"not_picked":["Reinforced Body","Chaos"],"picked":"Go for the Eyes","floor":20},{"not_picked":["Fusion","Heatsinks","Tempest"],"picked":"SKIP","floor":21}],"player_experience":487373,"relics_obtained":[{"floor":6.0,"key":"Centennial Puzzle"},{"floor":9.0,"key":"Whetstone"},{"floor":10.0,"key":"Mummified Hand"}],"event_choices":[{"damage_healed":0.0,"max_hp_gain":0.0,"max_hp_loss":0.0,"gold_gain":0.0,"event_name":"Shining Light","player_choice":"Entered Light","floor":2.0,"gold_loss":0.0,"damage_taken":21.0,"cards_upgraded":["Strike_B","Zap"]},{"damage_healed":0.0,"max_hp_gain":0.0,"max_hp_loss":0.0,"gold_gain":0.0,"event_name":"Liars Game","player_choice":"Ignored","floor":5.0,"gold_loss":0.0,"damage_taken":0.0},{"damage_healed":0.0,"max_hp_gain":0.0,"max_hp_loss":0.0,"gold_gain":0.0,"event_name":"Dead Adventurer","player_choice":"Searched \u00270\u0027 times","floor":11.0,"gold_loss":0.0,"damage_taken":0.0},{"damage_healed":0.0,"max_hp_gain":0.0,"max_hp_loss":0.0,"gold_gain":75.0,"event_name":"World of Goop","player_choice":"Gather Gold","floor":14.0,"gold_loss":0.0,"damage_taken":11.0},{"damage_healed":0,"gold_gain":250,"player_choice":"Bet on Owner","damage_taken":0,"max_hp_gain":0,"max_hp_loss":0,"event_name":"The Joust","floor":19,"gold_loss":50}],"is_beta":false,"boss_relics":[{"not_picked":["Calling Bell","Coffee Dripper"],"picked":"Nuclear Battery"}],"items_purged_floors":[4,22],"is_endless":false,"potions_floor_spawned":[3,6,8,16],"killed_by":"Slavers","ascension_level":18}