{"gold_per_floor":[111,211,225,127,143,168,4,15,83,83,112,132,159,169,169,274,274,294,294,320,332,277,311,311,340,340,373,97,97,132,152,152,252,252,269,269,369,382,382],"floor_reached":39,"playtime":3577,"items_purged":["Strike_R","Strike_R"],"score":525,"play_id":"c1b123df-163c-4340-b362-28e6030c39b1","local_time":"20190422160702","is_ascension_mode":true,"campfire_choices":[{"floor":10,"key":"RECALL"},{"floor":15,"key":"REST"},{"floor":24,"key":"REST"},{"data":"Infernal Blade","floor":29,"key":"SMITH"},{"data":"Demon Form","floor":32,"key":"SMITH"}],"neow_cost":"NONE","seed_source_timestamp":4482847824521279,"circlet_count":0,"master_deck":["Strike_R","Strike_R+1","Strike_R","Defend_R","Defend_R","Defend_R","Defend_R","Bash","Thunderclap","Cleave","Thunderclap","Flex","Infernal Blade+1","Spot Weakness","Bandage Up","Cleave","Heavy Blade","Rage","Inflame","Dark Embrace","Demon Form+1","Wild Strike+1","Necronomicurse","Evolve","Clothesline+1","Impervious","Disarm+1","Wild Strike","Headbutt+1","Armaments+1","Demon Form","Rampage+1","Warcry+1","Armaments+1"],"relics":["Burning Blood","Ginger","Matryoshka","Red Skull","Ancient Tea Set","Sozu","Necronomicon","Red Mask","Tiny Chest","Unceasing Top","Letter Opener","Whetstone","The Courier","Happy Flower","Bottled Lightning","Bottled Tornado","Mark of Pain","Magic Flower"],"potions_floor_usage":[13,16,33],"damage_taken":[{"damage":11,"enemies":"Cultist","floor":1,"turns":4},{"damage":8,"enemies":"Small Slimes","floor":3,"turns":4},{"damage":3,"enemies":"2 Louse","floor":5,"turns":2},{"damage":21,"enemies":"3 Sentries","floor":6,"turns":6},{"damage":7,"enemies":"Exordium Wildlife","floor":8,"turns":3},{"damage":34,"enemies":"Gremlin Nob","floor":11,"turns":4},{"damage":0,"enemies":"3 Louse","floor":12,"turns":1},{"damage":28,"enemies":"3 Sentries","floor":13,"turns":4},{"damage":8,"enemies":"Blue Slaver","floor":14,"turns":2},{"damage":49,"enemies":"Hexaghost","floor":16,"turns":6},{"damage":21,"enemies":"3 Byrds","floor":18,"turns":4},{"damage":29,"enemies":"Masked Bandits","floor":20,"turns":3},{"damage":6,"enemies":"Spheric Guardian","floor":21,"turns":3},{"damage":10,"enemies":"Book of Stabbing","floor":23,"turns":4},{"damage":20,"enemies":"Gremlin Leader","floor":25,"turns":5},{"damage":13,"enemies":"Book of Stabbing","floor":27,"turns":4},{"damage":20,"enemies":"Gremlin Leader","floor":30,"turns":5},{"damage":0,"enemies":"Cultist and Chosen","floor":31,"turns":4},{"damage":18,"enemies":"Collector","floor":33,"turns":4},{"damage":9,"enemies":"Orb Walker","floor":35,"turns":4},{"damage":0,"enemies":"Mind Bloom Boss Battle","floor":37,"turns":4},{"damage":51,"enemies":"3 Shapes","floor":38,"turns":4},{"damage":56,"enemies":"Jaw Worm Horde","floor":39,"turns":2}],"seed_played":"-8523139540812505489","potions_obtained":[{"floor":3,"key":"Ancient Potion"},{"floor":12,"key":"LiquidBronze"},{"floor":14,"key":"FearPotion"},{"floor":16,"key":"FearPotion"}],"is_trial":false,"path_per_floor":["M","?","M","$","M","E","$","M","T","R","E","M","E","M","R","B",null,"M","?","?","M","?","E","R","E","T","E","$","R","E","M","R","B",null,"M","?","?","M","M"],"character_chosen":"IRONCLAD","items_purchased":["Thunderclap","Spot Weakness","Bandage Up","Bottled Lightning"],"campfire_rested":2,"item_purchase_floors":[4,7,7,28],"current_hp_per_floor":[83,83,81,81,84,69,69,72,72,72,48,54,36,34,60,21,88,73,57,38,42,42,42,68,58,58,55,55,55,45,55,55,43,88,88,84,84,42,0],"gold":382,"neow_bonus":"TEN_PERCENT_HP_BONUS","is_prod":false,"is_daily":false,"chose_seed":false,"campfire_upgraded":2,"win_rate":0,"timestamp":1555963622,"path_taken":["M","?","M","$","M","E","$","M","T","R","E","M","E","M","R","BOSS","M","?","?","M","?","E","R","E","T","E","$","R","E","M","R","BOSS","M","?","?","M","M"],"build_version":"2019-01-23","purchased_purges":2,"victory":false,"max_hp_per_floor":[88,88,88,88,88,88,88,88,88,88,88,88,88,88,88,88,88,88,88,88,88,88,88,88,88,88,88,88,88,88,88,88,88,88,88,84,84,84,84],"card_choices":[{"not_picked":["Twin Strike","Rupture"],"picked":"Thunderclap","floor":1},{"not_picked":["Havoc","Heavy Blade"],"picked":"Cleave","floor":3},{"not_picked":["Havoc","Burning Pact"],"picked":"Flex","floor":5},{"not_picked":["Pummel","Twin Strike"],"picked":"Infernal Blade","floor":6},{"not_picked":["Headbutt","Carnage"],"picked":"Cleave","floor":8},{"not_picked":["Whirlwind","Infernal Blade"],"picked":"Heavy Blade","floor":11},{"not_picked":["Carnage","Hemokinesis"],"picked":"Rage","floor":12},{"not_picked":["Combust","Sword Boomerang"],"picked":"Inflame","floor":13},{"not_picked":["Havoc","Sword Boomerang"],"picked":"Dark Embrace","floor":14},{"not_picked":["Berserk","Fiend Fire"],"picked":"Demon Form","floor":16},{"not_picked":["Body Slam","Iron Wave"],"picked":"Wild Strike+1","floor":18},{"not_picked":["Anger+1","Sentinel"],"picked":"Evolve","floor":20},{"not_picked":["Sword Boomerang","Cleave+1"],"picked":"Clothesline","floor":21},{"not_picked":["Shrug It Off","Battle Trance"],"picked":"Impervious","floor":23},{"not_picked":["Headbutt","Sword Boomerang"],"picked":"Disarm+1","floor":25},{"not_picked":["Shockwave","Rupture"],"picked":"Wild Strike","floor":27},{"not_picked":["Rupture","Iron Wave"],"picked":"Headbutt+1","floor":30},{"not_picked":["Shrug It Off","Rage"],"picked":"Armaments+1","floor":31},{"not_picked":["Immolate","Reaper"],"picked":"Demon Form","floor":33},{"not_picked":["Bloodletting+1","Headbutt+1"],"picked":"Rampage+1","floor":35},{"not_picked":["Body Slam+1","Twin Strike+1"],"picked":"Warcry+1","floor":37},{"not_picked":["Havoc+1","Second Wind"],"picked":"Armaments+1","floor":38}],"player_experience":178804,"relics_obtained":[{"floor":6,"key":"Ginger"},{"floor":9,"key":"Matryoshka"},{"floor":11,"key":"Red Skull"},{"floor":13,"key":"Ancient Tea Set"},{"floor":19,"key":"Necronomicon"},{"floor":20,"key":"Red Mask"},{"floor":23,"key":"Unceasing Top"},{"floor":25,"key":"Letter Opener"},{"floor":26,"key":"Whetstone"},{"floor":26,"key":"The Courier"},{"floor":27,"key":"Happy Flower"},{"floor":30,"key":"Bottled Tornado"},{"floor":37,"key":"Magic Flower"}],"event_choices":[{"damage_healed":0,"gold_gain":100,"player_choice":"Pray","damage_taken":0,"max_hp_gain":0,"max_hp_loss":0,"event_name":"Golden Shrine","floor":2,"gold_loss":0},{"damage_healed":0,"gold_gain":0,"player_choice":"Obtained Book","damage_taken":16,"max_hp_gain":0,"max_hp_loss":0,"event_name":"Cursed Tome","floor":19,"gold_loss":0},{"damage_healed":0,"gold_gain":0,"player_choice":"Fought Bandits","damage_taken":0,"max_hp_gain":0,"max_hp_loss":0,"event_name":"Masked Bandits","floor":20,"gold_loss":0},{"damage_healed":0,"gold_gain":0,"player_choice":"Obtained Relic","damage_taken":0,"relics_obtained":["Tiny Chest"],"max_hp_gain":0,"max_hp_loss":0,"event_name":"Addict","floor":22,"gold_loss":85},{"damage_healed":0,"gold_gain":0,"player_choice":"Max HP","damage_taken":0,"max_hp_gain":0,"max_hp_loss":4,"event_name":"Winding Halls","floor":36,"gold_loss":0},{"damage_healed":0,"gold_gain":0,"player_choice":"Fight","damage_taken":0,"max_hp_gain":0,"max_hp_loss":0,"event_name":"MindBloom","floor":37,"gold_loss":0}],"is_beta":false,"boss_relics":[{"not_picked":["Astrolabe","Calling Bell"],"picked":"Sozu"},{"not_picked":["Lizard Tail","Fusion Hammer"],"picked":"Mark of Pain"}],"items_purged_floors":[4,28],"is_endless":false,"potions_floor_spawned":[3,12,14,16,18,20,21,27,35,38],"killed_by":"Jaw Worm Horde","ascension_level":2}