{"gold_per_floor":[111,127,146,146,166,199,199,199,199,199,217,217,227,244,244,315,315,329,339,134,144,162,162,162,162,186,186,202,202,202,33,33,33],"floor_reached":33,"playtime":1280,"items_purged":[],"score":498,"play_id":"2bf8290c-5c24-47fe-8300-0539fd7127c2","local_time":"20190824163917","is_ascension_mode":true,"campfire_choices":[{"data":"Tempest","floor":7.0,"key":"SMITH"},{"data":"Strike_B","floor":10.0,"key":"PURGE"},{"data":"Strike_B","floor":12.0,"key":"PURGE"},{"data":"Auto Shields","floor":15.0,"key":"SMITH"},{"data":"Auto Shields","floor":25.0,"key":"SMITH"},{"data":"Defragment","floor":27.0,"key":"SMITH"},{"floor":29.0,"key":"REST"},{"floor":32.0,"key":"REST"}],"neow_cost":"NONE","seed_source_timestamp":669762426659463,"circlet_count":0,"master_deck":["AscendersBane","Defend_B","Defend_B","Defend_B","Defend_B","Zap","Dualcast","FTL","Ball Lightning","Tempest+1","BootSequence","Cold Snap","Leap","Rebound","Auto Shields+1","Electrodynamics","Defragment+1","Auto Shields+1","White Noise","Ball Lightning+1","Cold Snap"],"special_seed":0,"relics":["Cracked Core","NeowsBlessing","Peace Pipe","Meat on the Bone","Empty Cage","Boot","Bag of Preparation"],"potions_floor_usage":[33],"damage_taken":[{"damage":0.0,"enemies":"Small Slimes","floor":1.0,"turns":1.0},{"damage":0.0,"enemies":"Cultist","floor":2.0,"turns":1.0},{"damage":0.0,"enemies":"2 Louse","floor":3.0,"turns":1.0},{"damage":12.0,"enemies":"2 Fungi Beasts","floor":5.0,"turns":3.0},{"damage":2.0,"enemies":"3 Sentries","floor":6.0,"turns":6.0},{"damage":1.0,"enemies":"Looter","floor":11.0,"turns":2.0},{"damage":20.0,"enemies":"Lots of Slimes","floor":13.0,"turns":4.0},{"damage":0.0,"enemies":"Blue Slaver","floor":14.0,"turns":2.0},{"damage":11.0,"enemies":"Hexaghost","floor":16.0,"turns":10.0},{"damage":1.0,"enemies":"Chosen","floor":18.0,"turns":5.0},{"damage":25.0,"enemies":"2 Thieves","floor":19.0,"turns":4.0},{"damage":8.0,"enemies":"Centurion and Healer","floor":21.0,"turns":3.0},{"damage":25.0,"enemies":"3 Cultists","floor":22.0,"turns":4.0},{"damage":0.0,"enemies":"Slavers","floor":23.0,"turns":1.0},{"damage":44.0,"enemies":"Chosen and Byrds","floor":28.0,"turns":7.0},{"damage":65,"enemies":"Automaton","floor":33,"turns":10}],"seed_played":"-5211297360529379994","potions_obtained":[{"floor":1.0,"key":"Dexterity Potion"},{"floor":3.0,"key":"EssenceOfSteel"},{"floor":8.0,"key":"SmokeBomb"},{"floor":8.0,"key":"GamblersBrew"},{"floor":13.0,"key":"PowerPotion"},{"floor":16.0,"key":"Explosive Potion"},{"floor":21.0,"key":"Ancient Potion"}],"is_trial":false,"path_per_floor":["M","M","M","?","M","E","R","?","T","R","M","R","M","M","R","B",null,"M","M","$","M","M","E","?","R","T","R","M","R","?","$","R","B"],"character_chosen":"DEFECT","items_purchased":["Auto Shields","White Noise","LiquidBronze","Bag of Preparation"],"campfire_rested":2,"item_purchase_floors":[20,20,20,31],"current_hp_per_floor":[64,64,64,69,57,55,55,55,55,55,54,54,46,46,46,47,69,68,43,43,47,34,46,46,46,46,46,14,36,36,36,58,0],"gold":33,"neow_bonus":"THREE_ENEMY_KILL","is_prod":false,"is_daily":false,"chose_seed":false,"campfire_upgraded":4,"win_rate":0,"timestamp":1566682757,"path_taken":["M","M","M","?","M","E","R","?","T","R","M","R","M","M","R","BOSS","M","M","$","M","?","E","?","R","T","R","M","R","?","$","R","BOSS"],"build_version":"2019-07-17","purchased_purges":0,"victory":false,"max_hp_per_floor":[71,71,71,76,76,76,76,76,76,76,76,76,76,76,76,76,76,76,76,76,76,76,76,76,76,76,76,76,76,76,76,76,76],"card_choices":[{"not_picked":["Reinforced Body","Hello World"],"picked":"FTL","floor":1.0},{"not_picked":["Rebound","Streamline"],"picked":"Ball Lightning","floor":2.0},{"not_picked":["Heatsinks","Compile Driver"],"picked":"Tempest","floor":3.0},{"not_picked":["Recycle","Redo"],"picked":"BootSequence","floor":5.0},{"not_picked":["Coolheaded","Compile Driver"],"picked":"Cold Snap","floor":6.0},{"not_picked":["Sweeping Beam","Darkness"],"picked":"Leap","floor":11.0},{"not_picked":["Turbo","Beam Cell"],"picked":"Rebound","floor":13.0},{"not_picked":["Genetic Algorithm","Rebound"],"picked":"Auto Shields","floor":14.0},{"not_picked":["All For One","Amplify"],"picked":"Electrodynamics","floor":16.0},{"not_picked":["Gash","Glacier"],"picked":"Defragment","floor":18.0},{"not_picked":["Stack","Turbo","Barrage"],"picked":"SKIP","floor":19.0},{"not_picked":["Echo Form","Barrage"],"picked":"Ball Lightning+1","floor":21.0},{"not_picked":["Heatsinks","Gash+1"],"picked":"Cold Snap","floor":22.0},{"not_picked":["Ball Lightning","Gash","Steam"],"picked":"SKIP","floor":28.0}],"player_experience":285600,"relics_obtained":[{"floor":6.0,"key":"Peace Pipe"},{"floor":9.0,"key":"Meat on the Bone"},{"floor":26.0,"key":"Boot"}],"event_choices":[{"damage_healed":0.0,"max_hp_gain":5.0,"max_hp_loss":0.0,"gold_gain":0.0,"event_name":"Big Fish","player_choice":"Donut","floor":4.0,"gold_loss":0.0,"damage_taken":0.0},{"damage_healed":0.0,"max_hp_gain":0.0,"max_hp_loss":0.0,"gold_gain":0.0,"event_name":"Lab","player_choice":"Got Potions","floor":8.0,"gold_loss":0.0,"damage_taken":0.0},{"damage_healed":0.0,"max_hp_gain":0.0,"max_hp_loss":0.0,"gold_gain":0.0,"event_name":"Cursed Tome","player_choice":"Ignored","floor":24.0,"gold_loss":0.0,"damage_taken":0.0},{"damage_healed":0.0,"max_hp_gain":0.0,"max_hp_loss":0.0,"gold_gain":0.0,"event_name":"The Mausoleum","player_choice":"Ignored","floor":30.0,"gold_loss":0.0,"damage_taken":0.0}],"is_beta":false,"boss_relics":[{"not_picked":["Calling Bell","Lizard Tail"],"picked":"Empty Cage"}],"items_purged_floors":[],"is_endless":false,"potions_floor_spawned":[1,3,13,14,16,18,21],"killed_by":"Automaton","ascension_level":17}