{"path_per_floor":["M","M","M","M","M","R","M","R","T","M","M","R","E","$","R","B",null,"M","$","M","?","$","E","R","M","T","M","E","R","E","M","R","B",null,"M","?","M","?","M","R","M","R","T","R","M","M","M","M","R","B"],"character_chosen":"IRONCLAD","items_purchased":["Seeing Red","Inflame","Rupture"],"gold_per_floor":[111,125,143,158,172,172,191,191,269,288,301,301,331,98,98,193,193,211,74,92,92,92,124,124,143,143,155,185,185,214,231,231,332,332,346,346,357,357,370,370,389,389,389,389,404,415,430,441,441,441],"floor_reached":51,"campfire_rested":4,"playtime":3483,"item_purchase_floors":[],"current_hp_per_floor":[72,64,70,42,43,43,45,45,45,46,46,67,41,41,62,46,66,64,64,63,63,63,10,31,29,29,44,48,48,19,34,55,33,62,66,57,60,55,58,58,67,67,67,67,63,72,72,72,72,71],"items_purged":["Strike_R","Strike_R"],"gold":441,"score":890,"play_id":"1e10d740-b78e-4242-b4bd-b077736f5cd8","local_time":"20180529180658","is_prod":false,"is_daily":false,"chose_seed":false,"is_ascension_mode":true,"campfire_upgraded":7,"win_rate":0,"timestamp":1527610018,"campfire_choices":[{"data":"Shrug It Off","floor":6.0,"key":"SMITH"},{"data":"Shrug It Off","floor":8.0,"key":"SMITH"},{"floor":12.0,"key":"REST"},{"floor":15.0,"key":"REST"},{"floor":24.0,"key":"REST"},{"data":"Rupture","floor":29.0,"key":"SMITH"},{"floor":32.0,"key":"REST"},{"data":"Seeing Red","floor":40.0,"key":"SMITH"},{"data":"Inflame","floor":42.0,"key":"SMITH"},{"data":"Bash","floor":44.0,"key":"SMITH"},{"data":"Flex","floor":49,"key":"SMITH"}],"path_taken":["M","?","?","M","M","R","?","R","T","M","M","R","E","$","R","BOSS","M","$","M","?","$","E","R","M","T","?","E","R","E","M","R","BOSS","M","?","?","?","M","R","?","R","T","R","M","M","M","M","R","BOSS"],"build_version":"2018-05-24","seed_source_timestamp":0,"purchased_purges":2,"victory":true,"master_deck":["Defend_R","Defend_R","Bash+1","Shrug It Off+1","Shrug It Off+1","Twin Strike","Twin Strike","Reaper","Seeing Red+1","Inflame+1","Offering","Flex+1","Rupture+1","Pommel Strike+1","Thunderclap","Flex","Armaments+1","Intimidate+1","Berserk+1","Second Wind+1","Rage+1","Brutality+1","Rage+1","Madness+1","Madness+1","Metallicize+1","Jack Of All Trades+1","Secret Technique+1","Reaper","Whirlwind+1"],"max_hp_per_floor":[72,72,72,72,72,72,72,72,72,72,72,72,72,72,72,72,72,72,72,72,72,72,72,72,72,72,72,72,72,72,72,72,72,72,72,72,72,72,72,72,72,72,72,72,72,72,72,72,72,72],"relics":["Burning Blood","Shuriken","Blood Vial","Sozu","Unceasing Top","Frozen Egg 2","Bronze Scales","Toxic Egg 2","Astrolabe","Paper Frog"],"card_choices":[{"not_picked":["Havoc","Second Wind","Fire Breathing"],"picked":"SKIP","floor":1.0},{"not_picked":["Combust","Iron Wave"],"picked":"Shrug It Off","floor":2.0},{"not_picked":["Hemokinesis","Rupture","Clash"],"picked":"SKIP","floor":3.0},{"not_picked":["Perfected Strike","Sword Boomerang"],"picked":"Shrug It Off","floor":4.0},{"not_picked":["Perfected Strike","Ghostly Armor","Combust"],"picked":"SKIP","floor":5.0},{"not_picked":["Reaper","Anger"],"picked":"Twin Strike","floor":7.0},{"not_picked":["Iron Wave","Sentinel"],"picked":"Twin Strike","floor":11.0},{"not_picked":["Wild Strike","Iron Wave"],"picked":"Reaper","floor":13.0},{"not_picked":["Double Tap","Barricade"],"picked":"Offering","floor":16.0},{"not_picked":["Iron Wave","Cleave"],"picked":"Flex","floor":18.0},{"not_picked":["Corruption","Dual Wield"],"picked":"Pommel Strike+1","floor":20.0},{"not_picked":["Power Through","Headbutt","Feel No Pain"],"picked":"SKIP","floor":23.0},{"not_picked":["Fire Breathing","Combust","Burning Pact"],"picked":"SKIP","floor":25.0},{"not_picked":["Hemokinesis","Corruption+1"],"picked":"Flex","floor":27.0},{"not_picked":["Barricade+1","Flex"],"picked":"Armaments+1","floor":28.0},{"not_picked":["Entrench+1","Thunderclap+1","Rage+1"],"picked":"SKIP","floor":30.0},{"not_picked":["Clash","Clothesline"],"picked":"Intimidate+1","floor":31.0},{"not_picked":["Impervious+1","Barricade+1"],"picked":"Berserk+1","floor":33.0},{"not_picked":["Body Slam","Twin Strike"],"picked":"Rage+1","floor":35.0},{"not_picked":["Entrench+1","Warcry+1"],"picked":"Metallicize+1","floor":37.0},{"not_picked":["Dramatic Entrance","Mind Blast"],"picked":"Jack Of All Trades","floor":38.0},{"not_picked":["Sadistic Nature","Transmutation"],"picked":"Secret Technique","floor":38.0},{"not_picked":["Headbutt+1","Thunderclap","Flame Barrier+1"],"picked":"SKIP","floor":39.0},{"not_picked":["Cleave+1","Brutality+1","Clothesline+1"],"picked":"SKIP","floor":41.0},{"not_picked":["Ghostly Armor+1","Blood for Blood","Shrug It Off+1"],"picked":"SKIP","floor":45.0},{"not_picked":["Anger","Twin Strike+1","Uppercut"],"picked":"SKIP","floor":46},{"not_picked":["Corruption+1","Clash+1"],"picked":"Reaper","floor":47},{"not_picked":["Clash","Warcry+1"],"picked":"Whirlwind+1","floor":48}],"player_experience":249822,"potions_floor_usage":[],"damage_taken":[{"damage":6.0,"enemies":"Cultist","floor":1.0,"turns":3.0},{"damage":14.0,"enemies":"Small Slimes","floor":2.0,"turns":4.0},{"damage":0.0,"enemies":"2 Louse","floor":3.0,"turns":3.0},{"damage":34.0,"enemies":"Lots of Slimes","floor":4.0,"turns":10.0},{"damage":5.0,"enemies":"Red Slaver","floor":5.0,"turns":6.0},{"damage":4.0,"enemies":"Large Slime","floor":7.0,"turns":6.0},{"damage":5.0,"enemies":"Gremlin Gang","floor":10.0,"turns":6.0},{"damage":6.0,"enemies":"Looter","floor":11.0,"turns":3.0},{"damage":32.0,"enemies":"Gremlin Nob","floor":13.0,"turns":4.0},{"damage":55.0,"enemies":"Slime Boss","floor":16.0,"turns":10.0},{"damage":16.0,"enemies":"2 Thieves","floor":18.0,"turns":4.0},{"damage":14.0,"enemies":"Chosen","floor":20.0,"turns":4.0},{"damage":70.0,"enemies":"Book of Stabbing","floor":23.0,"turns":6.0},{"damage":22.0,"enemies":"Centurion and Healer","floor":25.0,"turns":4.0},{"damage":13.0,"enemies":"Cultist and Chosen","floor":27.0,"turns":4.0},{"damage":24.0,"enemies":"Slavers","floor":28.0,"turns":5.0},{"damage":46.0,"enemies":"Book of Stabbing","floor":30.0,"turns":5.0},{"damage":6.0,"enemies":"Chosen and Byrds","floor":31.0,"turns":3.0},{"damage":49.0,"enemies":"Collector","floor":33.0,"turns":9.0},{"damage":22.0,"enemies":"3 Darklings","floor":35.0,"turns":4.0},{"damage":5.0,"enemies":"Orb Walker","floor":37.0,"turns":2.0},{"damage":33.0,"enemies":"3 Darklings","floor":39.0,"turns":5.0},{"damage":18.0,"enemies":"Maw","floor":41.0,"turns":7.0},{"damage":26.0,"enemies":"Sphere and 2 Shapes","floor":45.0,"turns":6.0},{"damage":7.0,"enemies":"4 Shapes","floor":46.0,"turns":4.0},{"damage":12,"enemies":"3 Darklings","floor":47,"turns":4},{"damage":6,"enemies":"Sphere and 2 Shapes","floor":48,"turns":3},{"damage":56,"enemies":"Time Eater","floor":50,"turns":7}],"relics_obtained":[{"floor":9.0,"key":"Shuriken"},{"floor":13.0,"key":"Blood Vial"},{"floor":23.0,"key":"Unceasing Top"},{"floor":26.0,"key":"Frozen Egg 2"},{"floor":28.0,"key":"Bronze Scales"},{"floor":30.0,"key":"Toxic Egg 2"},{"floor":43.0,"key":"Paper Frog"}],"event_choices":[{"event_name":"The Library","player_choice":"Read","floor":21.0,"damage_taken":0.0},{"event_name":"Winding Halls","player_choice":"Embrace Madness","floor":36.0,"damage_taken":0.0},{"event_name":"SensoryStone","player_choice":"Memory 2","floor":38.0,"damage_taken":0.0}],"boss_relics":[],"items_purged_floors":[],"potions_floor_spawned":[2,3,7,10,16,20,23,28,30,31,33,37,39,41,46,48],"seed_played":"7989381744201076767","ascension_level":5,"potions_obtained":[{"floor":2.0,"key":"Swift Potion"},{"floor":3.0,"key":"Swift Potion"},{"floor":7.0,"key":"Energy Potion"},{"floor":10.0,"key":"Regen Potion"},{"floor":16.0,"key":"FearPotion"}],"is_trial":false}