{"gold_per_floor":[14,28,103,28,45,45,79,103,103,120,136,136,151,20,20,118,118,130,130,130,161,172,203,28,58,83,83,115,115],"floor_reached":29,"playtime":2041,"items_purged":["Strike_R","Defend_R"],"score":444,"play_id":"2f790c59-8812-45a4-837f-03416e7d8245","local_time":"20190510132543","is_ascension_mode":true,"campfire_choices":[{"data":"Seeing Red","floor":6.0,"key":"SMITH"},{"data":"Seeing Red","floor":12.0,"key":"SMITH"},{"floor":15.0,"key":"REST"},{"data":"Metallicize","floor":27,"key":"SMITH"}],"neow_cost":"NO_GOLD","seed_source_timestamp":0,"circlet_count":0,"master_deck":["Strike_R","Strike_R","Strike_R","Defend_R","Defend_R","Bash","Whirlwind","Seeing Red+1","Shrug It Off","Seeing Red+1","Flame Barrier+1","Inflame","Armaments+1","Feed","RitualDagger","Twin Strike","Thunderclap+1","Headbutt","Metallicize+1","Offering","Heavy Blade+1"],"special_seed":0,"relics":["Burning Blood","Torii","Incense Burner","Odd Mushroom","Gremlin Horn","Empty Cage","MutagenicStrength","Red Mask","Blood Vial","Mummified Hand","War Paint","Strawberry"],"potions_floor_usage":[21,25,25],"damage_taken":[{"damage":2.0,"enemies":"2 Louse","floor":1.0,"turns":4.0},{"damage":1.0,"enemies":"Jaw Worm","floor":2.0,"turns":3.0},{"damage":0.0,"enemies":"Small Slimes","floor":5.0,"turns":3.0},{"damage":54.0,"enemies":"Lagavulin","floor":7.0,"turns":8.0},{"damage":25.0,"enemies":"The Mushroom Lair","floor":8.0,"turns":4.0},{"damage":0.0,"enemies":"3 Louse","floor":10.0,"turns":1.0},{"damage":0.0,"enemies":"Red Slaver","floor":11.0,"turns":2.0},{"damage":9.0,"enemies":"Exordium Thugs","floor":13.0,"turns":8.0},{"damage":21.0,"enemies":"Hexaghost","floor":16.0,"turns":11.0},{"damage":3,"enemies":"Chosen","floor":18,"turns":5},{"damage":7,"enemies":"Masked Bandits","floor":21,"turns":3},{"damage":20,"enemies":"Spheric Guardian","floor":22,"turns":4},{"damage":0,"enemies":"Gremlin Leader","floor":23,"turns":6},{"damage":33,"enemies":"Slavers","floor":25,"turns":6},{"damage":26,"enemies":"Book of Stabbing","floor":28,"turns":5},{"damage":27,"enemies":"Centurion and Healer","floor":29,"turns":4}],"seed_played":"8068024632711209932","potions_obtained":[{"floor":1.0,"key":"Weak Potion"},{"floor":5.0,"key":"PowerPotion"},{"floor":8.0,"key":"SpeedPotion"},{"floor":10.0,"key":"Strength Potion"},{"floor":16.0,"key":"PowerPotion"},{"floor":22,"key":"LiquidBronze"},{"floor":23,"key":"AttackPotion"},{"floor":25,"key":"Weak Potion"}],"is_trial":false,"path_per_floor":["M","M","?","$","M","R","E","?","T","M","M","R","M","$","R","B",null,"M","?","?","?","M","E","$","E","T","R","E","M"],"character_chosen":"IRONCLAD","items_purchased":["Inflame","Armaments","Metallicize"],"campfire_rested":1,"item_purchase_floors":[14,14,24],"current_hp_per_floor":[76,80,69,69,75,75,27,8,8,14,20,20,17,17,41,26,67,70,64,64,63,52,58,58,33,33,33,22,0],"gold":115,"neow_bonus":"ONE_RARE_RELIC","is_prod":false,"is_daily":false,"chose_seed":false,"campfire_upgraded":3,"win_rate":0,"timestamp":1557487543,"path_taken":["M","M","?","$","M","R","E","?","T","M","M","R","M","$","R","BOSS","M","?","?","?","M","E","$","E","T","R","E","M"],"build_version":"2019-01-23","purchased_purges":2,"victory":false,"max_hp_per_floor":[80,80,80,80,80,80,80,80,80,80,80,80,80,80,80,80,80,80,80,80,80,83,83,83,83,83,83,90,90],"card_choices":[{"not_picked":["Dropkick","Heavy Blade","Bloodletting"],"picked":"SKIP","floor":1.0},{"not_picked":["Perfected Strike","Dual Wield"],"picked":"Whirlwind","floor":2.0},{"not_picked":["Headbutt","Blood for Blood"],"picked":"Seeing Red","floor":5.0},{"not_picked":["Perfected Strike","Feel No Pain"],"picked":"Shrug It Off","floor":7.0},{"not_picked":["Dual Wield","Sever Soul"],"picked":"Seeing Red","floor":10.0},{"not_picked":["Sword Boomerang","Thunderclap","Cleave"],"picked":"SKIP","floor":11.0},{"not_picked":["Pommel Strike","Body Slam"],"picked":"Flame Barrier","floor":13.0},{"not_picked":["Bludgeon","Double Tap"],"picked":"Feed","floor":16.0},{"not_picked":["Cleave","Carnage","Clothesline+1"],"picked":"SKIP","floor":18},{"not_picked":["Disarm","Havoc"],"picked":"Twin Strike","floor":21},{"not_picked":["Dark Embrace","Seeing Red"],"picked":"Thunderclap+1","floor":22},{"not_picked":["Feel No Pain+1","Flex"],"picked":"Headbutt","floor":23},{"not_picked":["Sentinel","Heavy Blade"],"picked":"Offering","floor":25},{"not_picked":["Body Slam","Hemokinesis"],"picked":"Heavy Blade+1","floor":28}],"player_experience":621408,"relics_obtained":[{"floor":7.0,"key":"Incense Burner"},{"floor":8.0,"key":"Odd Mushroom"},{"floor":9.0,"key":"Gremlin Horn"},{"floor":21,"key":"Red Mask"},{"floor":23,"key":"Blood Vial"},{"floor":25,"key":"Mummified Hand"},{"floor":26,"key":"War Paint"},{"floor":28,"key":"Strawberry"}],"event_choices":[{"damage_healed":0.0,"max_hp_gain":0.0,"max_hp_loss":0.0,"gold_gain":75.0,"event_name":"World of Goop","player_choice":"Gather Gold","floor":3.0,"gold_loss":0.0,"damage_taken":11.0},{"damage_healed":0.0,"max_hp_gain":0.0,"max_hp_loss":0.0,"gold_gain":0.0,"event_name":"Mushrooms","player_choice":"Fought Mushrooms","floor":8.0,"gold_loss":0.0,"damage_taken":0.0},{"damage_healed":0,"gold_gain":0,"player_choice":"Joined the Cult","damage_taken":6,"max_hp_gain":0,"max_hp_loss":0,"event_name":"Nest","floor":19,"gold_loss":0,"cards_obtained":["RitualDagger"]},{"damage_healed":0,"gold_gain":0,"player_choice":"Inject Mutagens","damage_taken":0,"relics_obtained":["MutagenicStrength"],"max_hp_gain":0,"max_hp_loss":0,"event_name":"Drug Dealer","floor":20,"gold_loss":0},{"damage_healed":0,"gold_gain":0,"player_choice":"Fought Bandits","damage_taken":0,"max_hp_gain":0,"max_hp_loss":0,"event_name":"Masked Bandits","floor":21,"gold_loss":0}],"is_beta":false,"boss_relics":[{"not_picked":["Runic Pyramid","Pandora\u0027s Box"],"picked":"Empty Cage"}],"items_purged_floors":[4,24],"is_endless":false,"potions_floor_spawned":[1,5,8,10,16,22,23,25],"killed_by":"Centurion and Healer","ascension_level":9}