{"gold_per_floor":[112,126,126,136,136,148,148,177,200,200,200,220,108,108,108,185,185,196,196,172,183,202,202,202],"floor_reached":24,"playtime":1831,"items_purged":["Strike_G"],"score":376,"play_id":"c985fa92-f98e-4ea0-997b-f36538bb3640","local_time":"20190114202450","is_ascension_mode":true,"campfire_choices":[{"data":"Neutralize","floor":7,"key":"SMITH"},{"floor":10,"key":"REST"},{"data":"Dash","floor":15,"key":"SMITH"},{"floor":23,"key":"REST"}],"neow_cost":"NONE","seed_source_timestamp":150824212840502,"circlet_count":0,"master_deck":["AscendersBane","Defend_G","Defend_G","Defend_G","Defend_G","Strike_G","Survivor","Neutralize+1","Cloak And Dagger","Backflip","Blur","Dash+1","Blur","Backstab","After Image+1","Heel Hook","Quick Slash+1","Terror","Blade Dance"],"relics":["Ring of the Snake","Strawberry","Bag of Preparation","Happy Flower","Empty Cage"],"potions_floor_usage":[8,20,22,24],"damage_taken":[{"damage":0,"enemies":"Cultist","floor":1,"turns":4},{"damage":0,"enemies":"2 Louse","floor":2,"turns":4},{"damage":1,"enemies":"Small Slimes","floor":4,"turns":4},{"damage":0,"enemies":"Exordium Wildlife","floor":6,"turns":4},{"damage":42,"enemies":"Gremlin Nob","floor":8,"turns":6},{"damage":4,"enemies":"Lots of Slimes","floor":12,"turns":6},{"damage":8,"enemies":"The Guardian","floor":16,"turns":24},{"damage":0,"enemies":"Spheric Guardian","floor":18,"turns":20},{"damage":0,"enemies":"2 Thieves","floor":20,"turns":4},{"damage":15,"enemies":"Snecko","floor":21,"turns":13},{"damage":11,"enemies":"Snake Plant","floor":22,"turns":4},{"damage":65,"enemies":"Gremlin Leader","floor":24,"turns":10}],"seed_played":"7120941915025228917","potions_obtained":[{"floor":1,"key":"SmokeBomb"},{"floor":2,"key":"SteroidPotion"},{"floor":8,"key":"SneckoOil"},{"floor":18,"key":"Poison Potion"},{"floor":20,"key":"Fire Potion"},{"floor":21,"key":"Poison Potion"}],"is_trial":false,"path_per_floor":["M","M","?","M","?","M","R","E","T","R","?","M","$","?","R","B",null,"M","?","M","M","M","R","E"],"character_chosen":"THE_SILENT","items_purchased":["Backstab"],"campfire_rested":2,"item_purchase_floors":[13],"current_hp_per_floor":[66,66,66,65,58,58,58,16,16,37,37,33,33,33,33,25,61,61,61,61,46,35,56,0],"gold":202,"neow_bonus":"RANDOM_COMMON_RELIC","is_prod":false,"is_daily":false,"chose_seed":false,"campfire_upgraded":2,"win_rate":0,"timestamp":1547493890,"path_taken":["M","M","?","M","?","M","R","E","T","R","?","M","$","?","R","BOSS","M","?","M","?","M","R","E"],"build_version":"2019-01-10","purchased_purges":1,"victory":false,"max_hp_per_floor":[73,73,73,73,73,73,73,73,73,73,73,73,73,73,73,73,73,73,73,73,73,73,73,73],"card_choices":[{"not_picked":["Flechettes","Acrobatics"],"picked":"Cloak And Dagger","floor":1},{"not_picked":["Deadly Poison","Dodge and Roll"],"picked":"Backflip","floor":2},{"not_picked":["Catalyst","Outmaneuver"],"picked":"Blur","floor":4},{"not_picked":["All Out Attack","Dagger Throw","Reflex"],"picked":"SKIP","floor":6},{"not_picked":["Dagger Throw","Phantasmal Killer"],"picked":"Dash","floor":8},{"not_picked":["Slice","Sucker Punch"],"picked":"Blur","floor":12},{"not_picked":["Storm of Steel","Burst"],"picked":"After Image","floor":16},{"not_picked":["Deflect","Leg Sweep"],"picked":"Heel Hook","floor":18},{"not_picked":["Underhanded Strike","Dodge and Roll"],"picked":"Quick Slash+1","floor":20},{"not_picked":["Concentrate","Underhanded Strike"],"picked":"Terror","floor":21},{"not_picked":["Acrobatics","Outmaneuver"],"picked":"Blade Dance","floor":22}],"player_experience":534608,"relics_obtained":[{"floor":8,"key":"Bag of Preparation"},{"floor":9,"key":"Happy Flower"}],"event_choices":[{"damage_healed":0,"gold_gain":0,"player_choice":"Ignored","damage_taken":0,"max_hp_gain":0,"max_hp_loss":0,"event_name":"Liars Game","floor":3,"gold_loss":0},{"cards_removed":["Defend_G"],"damage_healed":0,"gold_gain":0,"player_choice":"Card Removal","damage_taken":7,"max_hp_gain":0,"max_hp_loss":0,"event_name":"Golden Wing","floor":5,"gold_loss":0},{"damage_healed":0,"gold_gain":0,"player_choice":"Searched \u00270\u0027 times","damage_taken":0,"max_hp_gain":0,"max_hp_loss":0,"event_name":"Dead Adventurer","floor":11,"gold_loss":0},{"cards_removed":["Strike_G"],"damage_healed":0,"gold_gain":0,"player_choice":"Forget","damage_taken":0,"max_hp_gain":0,"max_hp_loss":0,"event_name":"Living Wall","floor":14,"gold_loss":0},{"damage_healed":0,"gold_gain":0,"player_choice":"Forge","damage_taken":0,"max_hp_gain":0,"max_hp_loss":0,"event_name":"Accursed Blacksmith","floor":19,"gold_loss":0,"cards_upgraded":["After Image"]}],"is_beta":false,"boss_relics":[{"not_picked":["Runic Dome","Orrery"],"picked":"Empty Cage"}],"items_purged_floors":[13],"is_endless":false,"potions_floor_spawned":[1,2,8,18,20,21],"killed_by":"Gremlin Leader","ascension_level":18}