{"gold_per_floor":[112,112,128,148,164,189,189,189,189,189,189,201,215,225,225,225],"floor_reached":16,"playtime":583,"items_purged":[],"score":104,"play_id":"82ae81e0-f0f2-400e-a3e5-14bd93740bdd","local_time":"20190808073316","is_ascension_mode":false,"campfire_choices":[{"data":"Fission","floor":7,"key":"SMITH"},{"data":"Electrodynamics","floor":11,"key":"SMITH"},{"floor":15,"key":"REST"}],"neow_cost":"NONE","seed_source_timestamp":137345302957719,"circlet_count":0,"master_deck":["Strike_B","Strike_B","Defend_B","Defend_B","Defend_B","Defend_B","Zap","Dualcast","Electrodynamics+1","Ball Lightning","Fission+1","Capacitor","Seek"],"relics":["Cracked Core","Anchor","Dodecahedron","Darkstone Periapt"],"potions_floor_usage":[6],"damage_taken":[{"damage":0,"enemies":"Small Slimes","floor":1,"turns":3},{"damage":0,"enemies":"Cultist","floor":3,"turns":2},{"damage":0,"enemies":"2 Louse","floor":4,"turns":2},{"damage":2,"enemies":"Exordium Wildlife","floor":5,"turns":2},{"damage":28,"enemies":"Gremlin Nob","floor":6,"turns":4},{"damage":0,"enemies":"Gremlin Gang","floor":12,"turns":1},{"damage":0,"enemies":"2 Fungi Beasts","floor":13,"turns":1},{"damage":0,"enemies":"Lots of Slimes","floor":14,"turns":1},{"damage":46,"enemies":"The Guardian","floor":16,"turns":9}],"seed_played":"-1648931236451127043","potions_obtained":[{"floor":3,"key":"Ancient Potion"},{"floor":5,"key":"Swift Potion"}],"is_trial":false,"path_per_floor":["M","?","M","M","M","E","R","T","T","?","R","M","M","M","R","B"],"character_chosen":"DEFECT","items_purchased":[],"campfire_rested":1,"item_purchase_floors":[],"current_hp_per_floor":[75,75,75,75,73,45,45,45,45,20,20,20,20,20,42,0],"gold":225,"neow_bonus":"TRANSFORM_CARD","is_prod":false,"is_daily":false,"chose_seed":false,"campfire_upgraded":2,"win_rate":0,"timestamp":1565242396,"path_taken":["M","?","?","M","M","E","R","?","T","?","R","M","?","M","R","BOSS"],"build_version":"2019-07-17","purchased_purges":0,"victory":false,"max_hp_per_floor":[75,75,75,75,75,75,75,75,75,75,75,75,75,75,75,75],"card_choices":[{"not_picked":["Stack","Barrage"],"picked":"Ball Lightning","floor":1},{"not_picked":["Cold Snap","Stack","Ball Lightning"],"picked":"SKIP","floor":3},{"not_picked":["Conserve Battery","Rip and Tear"],"picked":"Fission","floor":4},{"not_picked":["Conserve Battery","Stack","Redo"],"picked":"SKIP","floor":5},{"not_picked":["Conserve Battery","Beam Cell","Darkness"],"picked":"SKIP","floor":6},{"not_picked":["FTL","Streamline","Steam"],"picked":"SKIP","floor":12},{"not_picked":["Barrage","Cold Snap"],"picked":"Capacitor","floor":13},{"not_picked":["Steam","Ball Lightning"],"picked":"Seek","floor":14}],"player_experience":155111,"relics_obtained":[{"floor":6,"key":"Anchor"},{"floor":9,"key":"Dodecahedron"}],"event_choices":[{"cards_removed":["Strike_B"],"damage_healed":0,"gold_gain":0,"player_choice":"Offered Basic","damage_taken":0,"max_hp_gain":0,"max_hp_loss":0,"event_name":"Bonfire Elementals","floor":2,"gold_loss":0},{"damage_healed":0,"gold_gain":0,"player_choice":"Success","damage_taken":25,"relics_obtained":["Darkstone Periapt"],"max_hp_gain":0,"max_hp_loss":0,"event_name":"Scrap Ooze","floor":10,"gold_loss":0}],"is_beta":false,"boss_relics":[],"items_purged_floors":[],"is_endless":false,"potions_floor_spawned":[3,5],"killed_by":"The Guardian","ascension_level":0}