{"gold_per_floor":[117,135,60,79,93,93,108,118,118,149,149,179,179,190,190,190],"floor_reached":16,"playtime":726,"items_purged":["Strike_B"],"score":131,"play_id":"2eacdd42-a3f8-4818-9b62-b6a7ace46dcb","local_time":"20191010120718","is_ascension_mode":true,"campfire_choices":[{"data":"Zap","floor":6,"key":"SMITH"},{"data":"Dualcast","floor":11,"key":"SMITH"},{"floor":13,"key":"REST"},{"data":"Loop","floor":15,"key":"SMITH"}],"neow_cost":"NONE","seed_source_timestamp":668135413500,"circlet_count":0,"master_deck":["Strike_B","Strike_B","Strike_B","Defend_B","Defend_B","Defend_B","Defend_B","Zap+1","Dualcast+1","Hologram","Conserve Battery","Capacitor","Electrodynamics","Leap","Loop+1"],"relics":["Cracked Core","Letter Opener","White Beast Statue","MealTicket"],"potions_floor_usage":[12,16,16],"damage_taken":[{"damage":7,"enemies":"Small Slimes","floor":1,"turns":2},{"damage":1,"enemies":"Cultist","floor":2,"turns":3},{"damage":2,"enemies":"Jaw Worm","floor":4,"turns":3},{"damage":7,"enemies":"Large Slime","floor":5,"turns":9},{"damage":0,"enemies":"Looter","floor":7,"turns":4},{"damage":7,"enemies":"3 Louse","floor":8,"turns":2},{"damage":11,"enemies":"3 Sentries","floor":10,"turns":4},{"damage":46,"enemies":"Gremlin Nob","floor":12,"turns":5},{"damage":9,"enemies":"Blue Slaver","floor":14,"turns":3},{"damage":19,"enemies":"Hexaghost","floor":16,"turns":9}],"seed_played":"-2589377133640944472","potions_obtained":[{"floor":1,"key":"Dexterity Potion"},{"floor":5,"key":"Ancient Potion"},{"floor":8,"key":"PowerPotion"},{"floor":12,"key":"Dexterity Potion"}],"is_trial":false,"path_per_floor":["M","M","$","M","M","R","M","M","T","E","R","E","R","M","R","B"],"character_chosen":"DEFECT","items_purchased":[],"campfire_rested":1,"item_purchase_floors":[],"current_hp_per_floor":[75,74,74,72,65,65,65,58,58,47,47,1,25,16,16,0],"gold":190,"neow_bonus":"TEN_PERCENT_HP_BONUS","is_prod":false,"is_daily":false,"chose_seed":false,"campfire_upgraded":3,"win_rate":0,"timestamp":1570673238,"path_taken":["M","M","$","M","M","R","M","M","T","E","R","E","R","M","R","BOSS"],"build_version":"2019-10-09","purchased_purges":1,"victory":false,"max_hp_per_floor":[82,82,82,82,82,82,82,82,82,82,82,82,82,82,82,82],"card_choices":[{"not_picked":["Static Discharge","Stack"],"picked":"Hologram","floor":1},{"not_picked":["Coolheaded","Self Repair","Rebound"],"picked":"SKIP","floor":2},{"not_picked":["Beam Cell","Redo"],"picked":"Conserve Battery","floor":4},{"not_picked":["Hello World","Genetic Algorithm"],"picked":"Capacitor","floor":5},{"not_picked":["Ball Lightning","Scrape"],"picked":"Electrodynamics","floor":7},{"not_picked":["Barrage","Lockon"],"picked":"Leap","floor":8},{"not_picked":["Auto Shields","Reprogram"],"picked":"Loop","floor":10},{"not_picked":["Loop","White Noise","All For One"],"picked":"SKIP","floor":12},{"not_picked":["Turbo","Compile Driver","Stack"],"picked":"SKIP","floor":14}],"player_experience":32262,"relics_obtained":[{"floor":9,"key":"Letter Opener"},{"floor":10,"key":"White Beast Statue"},{"floor":12,"key":"MealTicket"}],"event_choices":[],"is_beta":true,"boss_relics":[],"items_purged_floors":[3],"is_endless":false,"potions_floor_spawned":[1,5,8,10,12,14],"killed_by":"Hexaghost","ascension_level":3}