{"gold_per_floor":[114,129,204,219,219,249,24,24,24,24,24,39,39,69,69,169,169],"floor_reached":17,"playtime":668,"items_purged":["Dualcast"],"score":163,"play_id":"8aed53eb-6828-48d0-807f-2ba1376cdaff","local_time":"20190727043639","daily_mods":["Cursed Run","Red Cards","Night Terrors"],"is_ascension_mode":false,"campfire_choices":[{"data":"Inflame","floor":8.0,"key":"SMITH"},{"data":"Reboot","floor":11.0,"key":"SMITH"},{"floor":13.0,"key":"REST"},{"data":"Sword Boomerang","floor":15.0,"key":"SMITH"}],"neow_cost":"","seed_source_timestamp":0,"circlet_count":0,"master_deck":["Strike_B","Strike_B","Strike_B","Strike_B","Defend_B+1","Defend_B+1","Defend_B+1","Defend_B+1","Zap","Sword Boomerang+1","Inflame+1","Reboot+1","FTL+1","Pain","Burning Pact","Flex","Pain","Creative AI"],"special_seed":18103,"relics":["Cursed Key","Darkstone Periapt","Du-Vu Doll","Bag of Marbles","War Paint","Bird Faced Urn","Oddly Smooth Stone"],"potions_floor_usage":[],"damage_taken":[{"damage":6.0,"enemies":"Jaw Worm","floor":1.0,"turns":3.0},{"damage":0.0,"enemies":"2 Louse","floor":2.0,"turns":3.0},{"damage":0.0,"enemies":"Small Slimes","floor":4.0,"turns":3.0},{"damage":27.0,"enemies":"Gremlin Nob","floor":6.0,"turns":4.0},{"damage":4.0,"enemies":"Exordium Thugs","floor":12.0,"turns":3.0},{"damage":19.0,"enemies":"3 Sentries","floor":14.0,"turns":4.0},{"damage":26.0,"enemies":"The Guardian","floor":16.0,"turns":7.0}],"seed_played":"2716038397881042491","potions_obtained":[{"floor":6.0,"key":"FearPotion"},{"floor":14.0,"key":"Block Potion"},{"floor":16.0,"key":"AttackPotion"}],"is_trial":false,"path_per_floor":["M","M","?","M","?","E","$","R","T","?","R","M","R","E","R","B",null],"character_chosen":"DEFECT","items_purchased":["War Paint"],"campfire_rested":1,"item_purchase_floors":[7],"current_hp_per_floor":[69,69,58,58,43,16,16,16,22,22,22,20,76,58,58,40,40],"gold":169,"neow_bonus":"","is_prod":false,"is_daily":true,"chose_seed":false,"campfire_upgraded":3,"win_rate":0,"timestamp":1564194999,"path_taken":["M","M","?","M","?","E","$","R","T","?","R","M","R","E","R","BOSS"],"build_version":"2019-07-17","purchased_purges":1,"victory":false,"max_hp_per_floor":[75,75,75,75,75,75,75,75,81,81,81,81,76,76,76,82,82],"card_choices":[{"not_picked":["Leap","Power Through"],"picked":"Sword Boomerang","floor":1.0},{"not_picked":["Rebound","Warcry"],"picked":"Inflame","floor":2.0},{"not_picked":["Cleave","Undo"],"picked":"Reboot","floor":4.0},{"not_picked":["Streamline","Steam"],"picked":"FTL","floor":6.0},{"not_picked":["Ball Lightning","Hologram"],"picked":"Burning Pact","floor":12.0},{"not_picked":["Heatsinks","Skim"],"picked":"Flex","floor":14.0},{"not_picked":["Meteor Strike","Reboot"],"picked":"Creative AI","floor":16.0}],"player_experience":127183,"relics_obtained":[{"floor":6.0,"key":"Bag of Marbles"},{"floor":9.0,"key":"Bird Faced Urn"},{"floor":14.0,"key":"Oddly Smooth Stone"}],"event_choices":[{"damage_healed":0.0,"max_hp_gain":0.0,"max_hp_loss":0.0,"gold_gain":75.0,"event_name":"World of Goop","player_choice":"Gather Gold","floor":3.0,"gold_loss":0.0,"damage_taken":11.0},{"damage_healed":0.0,"max_hp_gain":0.0,"max_hp_loss":0.0,"gold_gain":0.0,"event_name":"Shining Light","player_choice":"Entered Light","floor":5.0,"gold_loss":0.0,"damage_taken":15.0,"cards_upgraded":["Defend_B","Defend_B"]},{"damage_healed":0.0,"max_hp_gain":0.0,"max_hp_loss":0.0,"gold_gain":0.0,"event_name":"Living Wall","player_choice":"Grow","floor":10.0,"gold_loss":0.0,"damage_taken":0.0,"cards_upgraded":["FTL"]}],"is_beta":false,"boss_relics":[],"items_purged_floors":[7],"is_endless":false,"potions_floor_spawned":[6,14,16],"ascension_level":0}