{"gold_per_floor":[114,114,79,94,5,35,35,13,13,13,27,44,19,37,37,134,184,200,200,218,233,244,244,262,272,272,272,286,286],"floor_reached":29,"playtime":7609,"items_purged":[],"score":254,"play_id":"6a7b2068-5e24-442b-ab82-2dd8a54cd05e","local_time":"20191005001954","is_ascension_mode":false,"campfire_choices":[{"floor":7,"key":"REST"},{"floor":10,"key":"REST"},{"floor":15,"key":"REST"},{"floor":23,"key":"REST"}],"neow_cost":"NONE","seed_source_timestamp":29360922713400,"circlet_count":0,"master_deck":["Strike_G","Strike_G","Strike_G","Strike_G","Strike_G+1","Defend_G","Defend_G","Defend_G","Defend_G","Defend_G","Survivor","Neutralize","PiercingWail","Blur","Finisher","Flash of Steel","Catalyst+1","Bane","All Out Attack","PiercingWail","Flying Knee","Infinite Blades","Corpse Explosion","Flying Knee","All Out Attack+1","Catalyst","PiercingWail","All Out Attack","PiercingWail+1","Well Laid Plans","Dagger Throw+1"],"relics":["Ring of the Snake","Snake Skull","Centennial Puzzle","Tiny House","Gambling Chip"],"potions_floor_usage":[16,21,21,24,28],"damage_taken":[{"damage":0,"enemies":"2 Louse","floor":1,"turns":4},{"damage":1,"enemies":"Jaw Worm","floor":4,"turns":5},{"damage":65,"enemies":"Lagavulin","floor":6,"turns":12},{"damage":1,"enemies":"Cultist","floor":11,"turns":3},{"damage":8,"enemies":"Gremlin Gang","floor":12,"turns":4},{"damage":0,"enemies":"Looter","floor":14,"turns":4},{"damage":55,"enemies":"Hexaghost","floor":16,"turns":13},{"damage":9,"enemies":"Shell Parasite","floor":18,"turns":6},{"damage":21,"enemies":"Chosen","floor":20,"turns":5},{"damage":14,"enemies":"3 Cultists","floor":21,"turns":5},{"damage":52,"enemies":"Cultist and Chosen","floor":22,"turns":8},{"damage":17,"enemies":"Snecko","floor":24,"turns":5},{"damage":0,"enemies":"Snake Plant","floor":25,"turns":5},{"damage":4,"enemies":"Centurion and Healer","floor":28,"turns":4},{"damage":16,"enemies":"Shelled Parasite and Fungi","floor":29,"turns":7}],"seed_played":"-4019682358611908182","potions_obtained":[{"floor":6,"key":"Energy Potion"},{"floor":12,"key":"SkillPotion"},{"floor":14,"key":"FairyPotion"},{"floor":16,"key":"Regen Potion"},{"floor":17,"key":"GhostInAJar"},{"floor":22,"key":"SteroidPotion"},{"floor":25,"key":"GhostInAJar"}],"is_trial":false,"path_per_floor":["M","?","$","M","$","E","R","$","T","R","M","M","$","M","R","B",null,"M","?","M","M","M","R","M","M","T","?","M","M"],"character_chosen":"THE_SILENT","items_purchased":["Blur","Flash of Steel","Bane","Flying Knee"],"campfire_rested":4,"item_purchase_floors":[3,5,8,13],"current_hp_per_floor":[77,77,77,76,76,11,34,34,34,57,56,48,48,48,71,16,82,73,73,52,52,8,32,15,15,15,15,11,0],"gold":286,"neow_bonus":"TEN_PERCENT_HP_BONUS","is_prod":false,"is_daily":false,"chose_seed":false,"campfire_upgraded":0,"win_rate":0.0,"timestamp":1570252794,"path_taken":["M","?","?","?","$","E","R","$","T","R","M","M","$","M","R","BOSS","M","?","M","M","M","R","?","?","T","?","M","M"],"build_version":"2019-07-17","purchased_purges":0,"victory":false,"max_hp_per_floor":[77,77,77,77,77,77,77,77,77,77,77,77,77,77,77,77,82,82,82,82,82,82,82,82,82,82,82,82,82],"card_choices":[{"not_picked":["Dagger Throw","Deflect"],"picked":"PiercingWail","floor":1},{"not_picked":["Dagger Throw","Masterful Stab"],"picked":"Finisher","floor":4},{"not_picked":["All Out Attack","Footwork"],"picked":"Catalyst","floor":6},{"not_picked":["Endless Agony","Leg Sweep"],"picked":"All Out Attack","floor":11},{"not_picked":["Footwork","Blur"],"picked":"PiercingWail","floor":12},{"not_picked":["Calculated Gamble","Underhanded Strike"],"picked":"Infinite Blades","floor":14},{"not_picked":["Malaise","Burst"],"picked":"Corpse Explosion","floor":16},{"not_picked":["Dodge and Roll","Backstab"],"picked":"Flying Knee","floor":17},{"not_picked":["Sucker Punch","Acrobatics"],"picked":"All Out Attack+1","floor":18},{"not_picked":["Footwork+1","Skewer+1"],"picked":"Catalyst","floor":20},{"not_picked":["Deflect","Tactician"],"picked":"PiercingWail","floor":21},{"not_picked":["Backstab","Heel Hook"],"picked":"All Out Attack","floor":22},{"not_picked":["Prepared","Dagger Spray"],"picked":"PiercingWail+1","floor":24},{"not_picked":["Backstab","Infinite Blades"],"picked":"Well Laid Plans","floor":25},{"not_picked":["Glass Knife","Flying Knee"],"picked":"Dagger Throw+1","floor":28}],"player_experience":70306,"relics_obtained":[{"floor":6,"key":"Snake Skull"},{"floor":9,"key":"Centennial Puzzle"},{"floor":26,"key":"Gambling Chip"}],"event_choices":[{"damage_healed":0,"gold_gain":0,"player_choice":"Leave","damage_taken":0,"max_hp_gain":0,"max_hp_loss":0,"event_name":"The Cleric","floor":2,"gold_loss":0},{"damage_healed":0,"gold_gain":0,"player_choice":"Upgraded","damage_taken":0,"max_hp_gain":0,"max_hp_loss":0,"event_name":"Upgrade Shrine","floor":19,"gold_loss":0,"cards_upgraded":["Catalyst"]},{"damage_healed":0,"gold_gain":0,"player_choice":"Ignored","damage_taken":0,"max_hp_gain":0,"max_hp_loss":0,"event_name":"Vampires","floor":27,"gold_loss":0}],"is_beta":false,"boss_relics":[{"not_picked":["Runic Dome","HoveringKite"],"picked":"Tiny House"}],"items_purged_floors":[],"is_endless":false,"potions_floor_spawned":[6,12,14,16,18,20,22,25],"killed_by":"Shelled Parasite and Fungi","ascension_level":0}