{"gold_per_floor":[112,124,138,138,208,208,224,224,250,264,296,310,310,324,324,429,429,441,441,460,476,503,503,519,519,519,37,63,63,78,93,93,93],"floor_reached":33,"playtime":1948,"items_purged":[],"score":271,"play_id":"368fe0bb-b58f-4dd9-b13c-6f7999d34f50","local_time":"20190811182002","is_ascension_mode":false,"campfire_choices":[{"data":"Perfected Strike","floor":6,"key":"SMITH"},{"data":"Uppercut","floor":8,"key":"SMITH"},{"data":"True Grit","floor":13,"key":"SMITH"},{"data":"Bash","floor":15,"key":"SMITH"},{"data":"Berserk","floor":23,"key":"SMITH"},{"floor":29,"key":"REST"},{"data":"Demon Form","floor":32,"key":"SMITH"}],"neow_cost":"NONE","seed_source_timestamp":19608069113220,"circlet_count":0,"master_deck":["Strike_R","Strike_R+1","Strike_R","Strike_R","Strike_R","Defend_R","Defend_R","Defend_R+1","Defend_R","Bash+1","Perfected Strike+1","Pommel Strike","Uppercut+1","True Grit+1","Ghostly Armor","Dropkick","Feed","Clash","Rampage","Carnage","Clash","Sentinel+1","Berserk+1","Shrug It Off","Demon Form+1","Seeing Red","Dropkick","Flame Barrier+1"],"relics":["Burning Blood","Kunai","Pen Nib","Unceasing Top","Orrery","Bag of Marbles","FossilizedHelix","Potion Belt"],"potions_floor_usage":[11,16,20,28,30,33,33,33],"damage_taken":[{"damage":12,"enemies":"Small Slimes","floor":1,"turns":4},{"damage":11,"enemies":"Jaw Worm","floor":2,"turns":2},{"damage":1,"enemies":"Cultist","floor":3,"turns":3},{"damage":15,"enemies":"Exordium Thugs","floor":7,"turns":4},{"damage":11,"enemies":"2 Fungi Beasts","floor":10,"turns":4},{"damage":5,"enemies":"3 Sentries","floor":11,"turns":8},{"damage":0,"enemies":"Large Slime","floor":12,"turns":4},{"damage":4,"enemies":"3 Louse","floor":14,"turns":3},{"damage":31,"enemies":"The Guardian","floor":16,"turns":8},{"damage":25,"enemies":"2 Thieves","floor":18,"turns":4},{"damage":0,"enemies":"Spheric Guardian","floor":20,"turns":3},{"damage":28,"enemies":"3 Cultists","floor":21,"turns":5},{"damage":31,"enemies":"Sentry and Sphere","floor":24,"turns":6},{"damage":21,"enemies":"Slavers","floor":28,"turns":6},{"damage":12,"enemies":"Snake Plant","floor":30,"turns":5},{"damage":0,"enemies":"Centurion and Healer","floor":31,"turns":4},{"damage":57,"enemies":"Collector","floor":33,"turns":7}],"seed_played":"-4349435364063438079","potions_obtained":[{"floor":3,"key":"EssenceOfSteel"},{"floor":12,"key":"Dexterity Potion"},{"floor":14,"key":"Weak Potion"},{"floor":16,"key":"Fire Potion"},{"floor":18,"key":"SpeedPotion"},{"floor":20,"key":"EssenceOfSteel"},{"floor":30,"key":"LiquidBronze"},{"floor":31,"key":"Block Potion"}],"is_trial":false,"path_per_floor":["M","M","M","?","T","R","M","R","T","M","E","M","R","M","R","B",null,"M","?","M","M","T","R","M","?","T","$","E","R","M","M","R","B"],"character_chosen":"IRONCLAD","items_purchased":["Demon Form","FossilizedHelix","Seeing Red"],"campfire_rested":1,"item_purchase_floors":[27,27,27],"current_hp_per_floor":[82,77,82,64,64,64,55,55,55,50,51,57,57,59,59,34,88,69,69,75,56,56,56,31,28,28,28,16,44,38,44,44,0],"gold":93,"neow_bonus":"TEN_PERCENT_HP_BONUS","is_prod":false,"is_daily":false,"chose_seed":false,"campfire_upgraded":6,"win_rate":0,"timestamp":1565540402,"path_taken":["M","M","M","?","?","R","M","R","T","M","E","M","R","?","R","BOSS","M","?","M","?","?","R","M","?","T","$","E","R","?","M","R","BOSS"],"build_version":"2019-07-17","purchased_purges":0,"victory":false,"max_hp_per_floor":[88,88,88,88,88,88,88,88,88,88,88,88,88,88,88,88,88,88,88,88,91,91,91,91,91,91,91,94,94,94,94,94,94],"card_choices":[{"not_picked":["Shockwave","Dual Wield"],"picked":"Perfected Strike","floor":1},{"not_picked":["Warcry","Shrug It Off"],"picked":"Pommel Strike","floor":2},{"not_picked":["Bloodletting","Headbutt"],"picked":"Uppercut","floor":3},{"not_picked":["Cleave","Seeing Red"],"picked":"Entrench","floor":7},{"not_picked":["Body Slam","Hemokinesis"],"picked":"True Grit","floor":10},{"not_picked":["Inflame","Whirlwind","Brutality"],"picked":"SKIP","floor":11},{"not_picked":["Burning Pact","Sentinel"],"picked":"Ghostly Armor","floor":12},{"not_picked":["Heavy Blade","True Grit"],"picked":"Dropkick","floor":14},{"not_picked":["Reaper","Exhume"],"picked":"Feed","floor":16},{"not_picked":["Hemokinesis","Wild Strike"],"picked":"Clash","floor":17},{"not_picked":["Sword Boomerang","Thunderclap"],"picked":"Rampage","floor":17},{"not_picked":["True Grit","Entrench"],"picked":"Carnage","floor":17},{"not_picked":["Burning Pact","Reckless Charge","Sword Boomerang+1"],"picked":"SKIP","floor":18},{"not_picked":["Armaments","Shrug It Off"],"picked":"Sentinel+1","floor":20},{"not_picked":["Clash","Cleave"],"picked":"Berserk","floor":21},{"not_picked":["Wild Strike","Pommel Strike"],"picked":"Shrug It Off","floor":24},{"not_picked":["Anger","Thunderclap"],"picked":"Dropkick","floor":28},{"not_picked":["Twin Strike","Iron Wave+1","Combust+1"],"picked":"SKIP","floor":30},{"not_picked":["Iron Wave","Blood for Blood"],"picked":"Flame Barrier+1","floor":31}],"player_experience":185680,"relics_obtained":[{"floor":5,"key":"Kunai"},{"floor":9,"key":"Pen Nib"},{"floor":11,"key":"Unceasing Top"},{"floor":22,"key":"Bag of Marbles"},{"floor":28,"key":"Potion Belt"}],"event_choices":[{"damage_healed":0,"gold_gain":0,"player_choice":"Entered Light","damage_taken":18,"max_hp_gain":0,"max_hp_loss":0,"event_name":"Shining Light","floor":4,"gold_loss":0,"cards_upgraded":["Strike_R","Defend_R"]},{"damage_healed":0,"gold_gain":0,"cards_transformed":["Entrench"],"player_choice":"Transformed","damage_taken":0,"max_hp_gain":0,"max_hp_loss":0,"event_name":"Transmorgrifier","floor":19,"gold_loss":0,"cards_obtained":["Clash"]},{"damage_healed":0,"gold_gain":0,"player_choice":"Punched","damage_taken":3,"max_hp_gain":0,"max_hp_loss":0,"event_name":"Designer","floor":25,"gold_loss":0}],"is_beta":false,"boss_relics":[{"not_picked":["Runic Dome","Snecko Eye"],"picked":"Orrery"}],"items_purged_floors":[],"is_endless":false,"potions_floor_spawned":[3,12,14,16,18,20,30,31],"killed_by":"Collector","ascension_level":0}