{"path_per_floor":["M","?","$","M","?","E","M","E","T","M","E","R","T","M","R","B",null,"M","M","$","?","$","M","R","E","T","E","R","M","R","M","R","B",null,"M","?","?","M","M","R","E","$","T","E","R","M","?","$","R","B"],"character_chosen":"THE_SILENT","items_purchased":["Flash of Steel","Poisoned Stab","Gremlin Horn","Backflip","Well Laid Plans","Blur","Corpse Explosion","Flash of Steel","Dodge and Roll","Prepared","Block Potion"],"gold_per_floor":[116,291,97,117,67,122,142,176,229,240,268,268,344,364,364,465,465,485,497,41,41,8,20,20,47,47,79,79,97,97,116,116,220,220,232,232,286,302,321,321,349,9,63,92,92,106,106,4,4,4],"floor_reached":51,"campfire_rested":3,"playtime":5789,"current_hp_per_floor":[70,70,70,70,70,70,70,55,55,55,55,55,55,51,51,36,70,55,33,33,33,33,18,49,33,33,30,40,35,45,45,55,14,70,70,70,66,62,29,62,42,42,49,29,66,50,69,69,77,39],"items_purged":["Doubt","Strike_G","Strike_G"],"gold":4,"score":752,"play_id":"f262d6fa-b7d9-48ad-8e79-4dc61ee00207","is_prod":false,"is_daily":false,"is_ascension_mode":true,"campfire_upgraded":6,"path_taken":["M","?","$","M","?","E","M","E","T","M","E","R","?","?","R","BOSS","M","M","$","?","$","M","R","E","T","E","R","M","R","M","R","BOSS","M","?","?","M","M","R","E","?","T","E","R","?","?","$","R","BOSS"],"build_version":"2018-02-08-PROD1","purchased_purges":3,"victory":true,"master_deck":["Defend_G","Defend_G","Defend_G","Defend_G","Defend_G","Strike_G","Survivor","Neutralize","Backflip","Flash of Steel","Poisoned Stab","Dagger Throw+1","Footwork+1","Bouncing Flask","Adrenaline+1","Infinite Blades+1","Flying Knee","Envenom+1","Bouncing Flask","Backflip","Well Laid Plans","Noxious Fumes+1","Blur","Prepared","Calculated Gamble+1","Bane","Cloak And Dagger+1","Bullet Time+1","Cloak And Dagger+1","Outmaneuver+1","Blur+1","Footwork+1","Corpse Explosion+1","Flash of Steel","Dodge and Roll+1","Infinite Blades+1","Writhe","Prepared+1"],"max_hp_per_floor":[70,70,70,70,70,70,70,70,70,70,70,70,70,70,70,70,70,70,70,70,70,70,70,70,70,70,70,70,70,70,70,70,70,70,70,70,70,70,70,70,70,70,77,77,77,77,77,77,77,77],"relics":["Ring of the Snake","NeowsBlessing","Tiny Chest","Shuriken","Oddly Smooth Stone","Bronze Scales","Bottled Tornado","Eternal Feather","Gremlin Horn","Snake Skull","Toxic Egg 2","Whetstone","Runic Pyramid","Ice Cream","Orichalcum","Strawberry","Blood Vial"],"card_choices":[{"not_picked":["Acrobatics","Poisoned Stab"],"picked":"Backflip"},{"not_picked":["Cloak And Dagger","All Out Attack"],"picked":"Dagger Throw"},{"not_picked":["Cloak And Dagger","Expertise"],"picked":"Footwork"},{"not_picked":["All Out Attack","Acrobatics"],"picked":"Bouncing Flask"},{"not_picked":["Deadly Poison","Outmaneuver"],"picked":"Adrenaline"},{"not_picked":["Eviscerate","PiercingWail"],"picked":"Infinite Blades"},{"not_picked":["Reflex","Calculated Gamble"],"picked":"Flying Knee"},{"not_picked":["Glass Knife","Tactician"],"picked":"Envenom"},{"not_picked":["Well Laid Plans","Bane"],"picked":"Bouncing Flask"},{"not_picked":["Flying Knee","Sucker Punch"],"picked":"Prepared"},{"not_picked":["Eviscerate","Sucker Punch"],"picked":"Calculated Gamble"},{"not_picked":["Acrobatics","Night Terror"],"picked":"Bane"},{"not_picked":["Deadly Poison","Backstab"],"picked":"Cloak And Dagger"},{"not_picked":["Adrenaline","Unload"],"picked":"Bullet Time"},{"not_picked":["Distraction","Quick Slash"],"picked":"Cloak And Dagger"},{"not_picked":["Finisher","Prepared"],"picked":"Outmaneuver"},{"not_picked":["Quick Slash","Poisoned Stab"],"picked":"Blur"},{"not_picked":["Flechettes","Caltrops"],"picked":"Footwork"},{"not_picked":["Night Terror","Dagger Spray"],"picked":"Infinite Blades"}],"player_experience":89961,"potions_floor_usage":[8,16,23,23,25,37,44,50,50,50],"damage_taken":[{"damage":0,"enemies":"2 Louse","floor":1,"turns":1},{"damage":0,"enemies":"Jaw Worm","floor":4,"turns":1},{"damage":0,"enemies":"Lagavulin","floor":6,"turns":1},{"damage":0,"enemies":"Small Slimes","floor":7,"turns":2},{"damage":15,"enemies":"Gremlin Nob","floor":8,"turns":4},{"damage":0,"enemies":"3 Louse","floor":10,"turns":2},{"damage":0,"enemies":"3 Sentries","floor":11,"turns":8},{"damage":4,"enemies":"Large Slime","floor":14,"turns":5},{"damage":15,"enemies":"The Guardian","floor":16,"turns":8},{"damage":15,"enemies":"Chosen","floor":18,"turns":5},{"damage":22,"enemies":"Spheric Guardian","floor":19,"turns":4},{"damage":15,"enemies":"Slaver and Parasite","floor":23,"turns":9},{"damage":16,"enemies":"Gremlin Leader","floor":25,"turns":8},{"damage":3,"enemies":"Book of Stabbing","floor":27,"turns":6},{"damage":5,"enemies":"Snecko","floor":29,"turns":4},{"damage":0,"enemies":"3 Cultists","floor":31,"turns":5},{"damage":41,"enemies":"Automaton","floor":33,"turns":9},{"damage":0,"enemies":"3 Shapes","floor":35,"turns":4},{"damage":4,"enemies":"Mysterious Sphere","floor":37,"turns":5},{"damage":4,"enemies":"3 Darklings","floor":38,"turns":5},{"damage":33,"enemies":"Sphere and 2 Shapes","floor":39,"turns":7},{"damage":20,"enemies":"Giant Head","floor":41,"turns":7},{"damage":20,"enemies":"2 Orb Walkers","floor":44,"turns":5},{"damage":18,"enemies":"4 Shapes","floor":46,"turns":6},{"damage":38,"enemies":"Donu and Deca","floor":50,"turns":8}],"event_choices":[{"event_name":"Liars Game","player_choice":"agreed","floor":2,"damage_taken":0},{"event_name":"The Cleric","player_choice":"Card Removal","floor":5,"damage_taken":0},{"event_name":"The Library","player_choice":"Read","floor":21,"damage_taken":0},{"event_name":"Mysterious Sphere","player_choice":"Fight","floor":37,"damage_taken":0},{"event_name":"Winding Halls","player_choice":"Writhe","floor":47,"damage_taken":0}],"boss_relics":[{"not_picked":["Tiny House","Lizard Tail"],"picked":"Eternal Feather"},{"not_picked":["Runic Dome","White Beast Statue"],"picked":"Runic Pyramid"}],"potions_floor_spawned":[6,7,10,11,19,23,27,31,38,39,41,44],"seed_played":"3312186126260303499","ascension_level":2,"is_trial":false}