{"gold_per_floor":[117,117,140,140,39,64,64,93,93,112,145,158,175,194,194,297,297,313,329,349,349,88,117,37,37,37,37,69,69,119,129,129,234,234,246,75,85,48,48,81,97,116,116,116,126,139,139,153,153,153],"floor_reached":50,"playtime":7791,"items_purged":["Defend_G","Defend_G","Defend_G"],"score":640,"play_id":"bfc50f03-3b38-420b-ba73-f725d7f05ef5","local_time":"20191004154735","is_ascension_mode":true,"campfire_choices":[{"floor":7.0,"key":"RECALL"},{"data":"Deadly Poison","floor":15.0,"key":"SMITH"},{"floor":27.0,"key":"REST"},{"floor":29.0,"key":"REST"},{"data":"Burst","floor":32.0,"key":"SMITH"},{"data":"Calculated Gamble","floor":44.0,"key":"SMITH"},{"floor":47.0,"key":"REST"},{"floor":49.0,"key":"REST"}],"neow_cost":"NONE","seed_source_timestamp":0,"circlet_count":0,"master_deck":["Strike_G","Strike_G+1","Strike_G","Strike_G","Defend_G+1","Defend_G","Survivor","Neutralize","Escape Plan","Outmaneuver","Deadly Poison+1","Backflip","Calculated Gamble+1","Noxious Fumes","Well Laid Plans","Deflect","Burst+1","Leg Sweep","Dodge and Roll","Footwork","Finesse","Finesse","Footwork","Terror+1","Finesse","Prepared","Noxious Fumes+1","Parasite","Deadly Poison","Crippling Poison"],"special_seed":0,"relics":["Ring of the Snake","NeowsBlessing","Happy Flower","Vajra","The Courier","Nunchaku","Sozu","Strawberry","The Specimen","Tingsha","Singing Bowl","Ninja Scroll","Darkstone Periapt"],"potions_floor_usage":[],"damage_taken":[{"damage":0.0,"enemies":"Small Slimes","floor":1.0,"turns":1.0},{"damage":0.0,"enemies":"3 Sentries","floor":6.0,"turns":1.0},{"damage":0.0,"enemies":"Gremlin Nob","floor":8.0,"turns":1.0},{"damage":1.0,"enemies":"Jaw Worm","floor":10.0,"turns":4.0},{"damage":10.0,"enemies":"Lagavulin","floor":11.0,"turns":8.0},{"damage":0.0,"enemies":"Cultist","floor":12.0,"turns":3.0},{"damage":0.0,"enemies":"2 Fungi Beasts","floor":13.0,"turns":3.0},{"damage":0.0,"enemies":"Large Slime","floor":14.0,"turns":6.0},{"damage":12.0,"enemies":"Slime Boss","floor":16.0,"turns":10.0},{"damage":26.0,"enemies":"Spheric Guardian","floor":18.0,"turns":7.0},{"damage":1.0,"enemies":"3 Byrds","floor":19.0,"turns":6.0},{"damage":28.0,"enemies":"3 Cultists","floor":20.0,"turns":6.0},{"damage":10.0,"enemies":"Gremlin Leader","floor":23.0,"turns":8.0},{"damage":41.0,"enemies":"Slavers","floor":28.0,"turns":7.0},{"damage":3.0,"enemies":"Snake Plant","floor":31.0,"turns":5.0},{"damage":6.0,"enemies":"Automaton","floor":33.0,"turns":10.0},{"damage":0.0,"enemies":"3 Darklings","floor":35.0,"turns":6.0},{"damage":0.0,"enemies":"Orb Walker","floor":37.0,"turns":4.0},{"damage":19.0,"enemies":"Nemesis","floor":40.0,"turns":9.0},{"damage":0.0,"enemies":"Writhing Mass","floor":41.0,"turns":6.0},{"damage":2.0,"enemies":"Spire Growth","floor":42.0,"turns":6.0},{"damage":27.0,"enemies":"Sphere and 2 Shapes","floor":45.0,"turns":6.0},{"damage":26.0,"enemies":"Transient","floor":46.0,"turns":5.0},{"damage":7.0,"enemies":"4 Shapes","floor":48.0,"turns":6.0},{"damage":69,"enemies":"Time Eater","floor":50,"turns":15}],"seed_played":"-1935817777522339444","potions_obtained":[{"floor":1.0,"key":"Explosive Potion"},{"floor":11.0,"key":"Explosive Potion"},{"floor":13.0,"key":"Energy Potion"},{"floor":16.0,"key":"AttackPotion"}],"is_trial":false,"path_per_floor":["M","?","T","?","$","E","R","E","T","M","E","M","M","M","R","B",null,"M","M","M","?","$","E","$","?","T","R","E","R","?","M","R","B",null,"M","$","M","$","T","E","M","M","T","R","M","M","R","M","R","B"],"character_chosen":"THE_SILENT","items_purchased":["Escape Plan","Outmaneuver","Footwork","Finesse","Finesse","Finesse","Prepared"],"campfire_rested":4,"item_purchase_floors":[5,5,22,22,22,36,38],"current_hp_per_floor":[70,56,56,56,56,56,56,56,56,55,45,45,45,45,45,33,70,44,43,15,15,15,12,12,37,37,60,19,42,42,39,39,33,77,77,77,77,77,77,58,58,58,58,58,31,7,31,26,50,0],"gold":153,"neow_bonus":"THREE_ENEMY_KILL","is_prod":false,"is_daily":false,"chose_seed":false,"campfire_upgraded":3,"win_rate":0,"timestamp":1570218455,"path_taken":["M","?","?","?","$","E","R","E","T","M","E","M","M","M","R","BOSS","M","M","?","?","$","E","$","?","T","R","E","R","?","M","R","BOSS","M","$","M","$","?","E","M","M","T","R","M","M","R","?","R","BOSS"],"build_version":"2019-07-17","purchased_purges":3,"victory":false,"max_hp_per_floor":[70,70,70,70,70,70,70,70,70,70,70,70,70,70,70,70,70,70,70,70,70,70,77,77,77,77,77,77,77,77,77,77,77,77,77,77,77,77,77,77,77,79,79,79,79,81,81,83,83,83],"card_choices":[{"not_picked":["Setup","Choke","Slice"],"picked":"SKIP","floor":1.0},{"not_picked":["Bane","Outmaneuver"],"picked":"Deadly Poison","floor":6.0},{"not_picked":["Dagger Spray","Terror","Deflect"],"picked":"SKIP","floor":8.0},{"not_picked":["Slice","Dodge and Roll"],"picked":"Backflip","floor":10.0},{"not_picked":["PiercingWail","Blade Dance"],"picked":"Calculated Gamble","floor":11.0},{"not_picked":["Flechettes","Cloak And Dagger"],"picked":"Noxious Fumes","floor":12.0},{"not_picked":["Dodge and Roll","Crippling Poison"],"picked":"Well Laid Plans","floor":13.0},{"not_picked":["Cloak And Dagger","Sucker Punch"],"picked":"Deflect","floor":14.0},{"not_picked":["After Image","Die Die Die"],"picked":"Burst","floor":16.0},{"not_picked":["Dagger Throw","Poisoned Stab+1"],"picked":"Leg Sweep","floor":18.0},{"not_picked":["Flying Knee","Quick Slash+1","Outmaneuver"],"picked":"SKIP","floor":19.0},{"not_picked":["Bane","Dagger Throw"],"picked":"Dodge and Roll","floor":20.0},{"not_picked":["PiercingWail","Outmaneuver","Bullet Time"],"picked":"SKIP","floor":23.0},{"not_picked":["Infinite Blades","Eviscerate"],"picked":"Footwork","floor":28.0},{"not_picked":["Dagger Spray","PiercingWail+1","Quick Slash"],"picked":"SKIP","floor":31.0},{"not_picked":["Dagger Spray","Flechettes+1"],"picked":"Terror+1","floor":35.0},{"not_picked":["Skewer","Dagger Throw+1","PiercingWail+1"],"picked":"SKIP","floor":37.0},{"not_picked":["Underhanded Strike+1","Bouncing Flask"],"picked":"Noxious Fumes+1","floor":40.0},{"not_picked":["All Out Attack+1","Acrobatics+1"],"picked":"Deadly Poison","floor":41.0},{"not_picked":["Quick Slash","Dagger Spray+1","Calculated Gamble+1"],"picked":"Singing Bowl","floor":42.0},{"not_picked":["Blade Dance+1","Riddle With Holes"],"picked":"Crippling Poison","floor":45.0},{"not_picked":["PiercingWail+1","Acrobatics","Cloak And Dagger+1"],"picked":"Singing Bowl","floor":46.0},{"not_picked":["Outmaneuver+1","Setup+1","Riddle With Holes+1"],"picked":"Singing Bowl","floor":48.0}],"player_experience":225647,"relics_obtained":[{"floor":6.0,"key":"Happy Flower"},{"floor":8.0,"key":"Vajra"},{"floor":9.0,"key":"The Courier"},{"floor":11.0,"key":"Nunchaku"},{"floor":23.0,"key":"Strawberry"},{"floor":26.0,"key":"The Specimen"},{"floor":28.0,"key":"Tingsha"},{"floor":39.0,"key":"Singing Bowl"},{"floor":40.0,"key":"Ninja Scroll"},{"floor":43.0,"key":"Darkstone Periapt"}],"event_choices":[{"damage_healed":0.0,"max_hp_gain":0.0,"max_hp_loss":0.0,"gold_gain":0.0,"event_name":"Shining Light","player_choice":"Entered Light","floor":2.0,"gold_loss":0.0,"damage_taken":14.0,"cards_upgraded":["Strike_G","Defend_G"]},{"cards_removed":["Strike_G"],"damage_healed":0.0,"max_hp_gain":0.0,"max_hp_loss":0.0,"gold_gain":0.0,"event_name":"Bonfire Elementals","player_choice":"Offered Basic","floor":4.0,"gold_loss":0.0,"damage_taken":0.0},{"damage_healed":0.0,"max_hp_gain":0.0,"max_hp_loss":0.0,"gold_gain":0.0,"event_name":"The Mausoleum","player_choice":"Ignored","floor":21.0,"gold_loss":0.0,"damage_taken":0.0},{"damage_healed":25.0,"max_hp_gain":0.0,"max_hp_loss":0.0,"gold_gain":0.0,"event_name":"The Library","player_choice":"Heal","floor":25.0,"gold_loss":0.0,"damage_taken":0.0},{"damage_healed":0.0,"max_hp_gain":0.0,"max_hp_loss":0.0,"gold_gain":100.0,"event_name":"The Joust","player_choice":"Bet on Murderer","floor":30.0,"gold_loss":50.0,"damage_taken":0.0}],"is_beta":false,"boss_relics":[{"not_picked":["Philosopher\u0027s Stone","HoveringKite"],"picked":"Sozu"},{"not_picked":["White Beast Statue","Snecko Eye","Runic Dome"]}],"items_purged_floors":[22,24,36],"is_endless":false,"potions_floor_spawned":[1,11,13,16,19,31,33,35,40,42,45],"killed_by":"Time Eater","ascension_level":2}