{"gold_per_floor":[116,41,41,41,58,91,91,116,116,129,129],"floor_reached":11,"playtime":969,"items_purged":["Strike_R"],"score":117,"play_id":"780240f2-626f-41f9-922b-aafbc50dbb68","local_time":"20191003112355","is_ascension_mode":true,"campfire_choices":[{"floor":7,"key":"RECALL"}],"neow_cost":"NONE","seed_source_timestamp":1725901677769956,"circlet_count":0,"master_deck":["Strike_R","Strike_R","Strike_R","Strike_R","Defend_R","Defend_R","Defend_R","Bash","Jack Of All Trades","Seeing Red","Impervious","Pommel Strike","Uppercut"],"relics":["Burning Blood","NeowsBlessing","Magic Flower","Unceasing Top"],"potions_floor_usage":[8,10],"damage_taken":[{"damage":0,"enemies":"Jaw Worm","floor":1,"turns":1},{"damage":0,"enemies":"Small Slimes","floor":5,"turns":1},{"damage":0,"enemies":"Gremlin Nob","floor":6,"turns":1},{"damage":77,"enemies":"3 Sentries","floor":8,"turns":18},{"damage":5,"enemies":"Cultist","floor":10,"turns":4},{"damage":20,"enemies":"Lots of Slimes","floor":11,"turns":3}],"seed_played":"-7245277621842509468","potions_obtained":[{"floor":1,"key":"Swift Potion"},{"floor":8,"key":"Block Potion"},{"floor":10,"key":"GamblersBrew"}],"is_trial":false,"path_per_floor":["M","$","?","?","M","E","R","E","T","M","M"],"character_chosen":"IRONCLAD","items_purchased":[],"campfire_rested":0,"item_purchase_floors":[],"current_hp_per_floor":[80,80,80,80,80,80,80,12,12,16,0],"gold":129,"neow_bonus":"THREE_ENEMY_KILL","is_prod":false,"is_daily":false,"chose_seed":false,"campfire_upgraded":0,"win_rate":0,"timestamp":1570116235,"path_taken":["M","$","?","?","?","E","R","E","T","M","?"],"build_version":"2019-07-17","purchased_purges":1,"victory":false,"max_hp_per_floor":[80,80,80,80,80,80,80,80,80,80,80],"card_choices":[{"not_picked":["Thunderclap","Sword Boomerang","Evolve"],"picked":"SKIP","floor":1},{"not_picked":["Shrug It Off","Cleave"],"picked":"Seeing Red","floor":5},{"not_picked":["Twin Strike","Flex"],"picked":"Impervious","floor":6},{"not_picked":["Anger","Feel No Pain"],"picked":"Pommel Strike","floor":8},{"not_picked":["Body Slam","Power Through"],"picked":"Uppercut","floor":10}],"player_experience":202447,"relics_obtained":[{"floor":6,"key":"Magic Flower"},{"floor":8,"key":"Unceasing Top"}],"event_choices":[{"cards_removed":["Defend_R"],"damage_healed":0,"gold_gain":0,"player_choice":"Forget","damage_taken":0,"max_hp_gain":0,"max_hp_loss":0,"event_name":"Living Wall","floor":3,"gold_loss":0},{"damage_healed":0,"gold_gain":0,"player_choice":"1 cards matched","damage_taken":0,"max_hp_gain":0,"max_hp_loss":0,"event_name":"Match and Keep!","floor":4,"gold_loss":0,"cards_obtained":["Jack Of All Trades"]}],"is_beta":false,"boss_relics":[],"items_purged_floors":[2],"is_endless":false,"potions_floor_spawned":[1,8,10],"killed_by":"Lots of Slimes","ascension_level":2}