{"gold_per_floor":[114,129,19,34,49,49,79,79,129,144,144,174,174,189,189,189],"floor_reached":16,"playtime":674,"items_purged":["Strike_R"],"score":112,"play_id":"18b836ae-2e5b-4292-9ed0-164a0d7170ee","local_time":"20190828204248","daily_mods":["Heirloom","Blue Cards","DeadlyEvents"],"is_ascension_mode":false,"campfire_choices":[{"data":"Tempest","floor":6,"key":"SMITH"},{"data":"White Noise","floor":8,"key":"SMITH"},{"floor":13,"key":"REST"},{"data":"Seeing Red","floor":15,"key":"SMITH"}],"neow_cost":"","seed_source_timestamp":0,"circlet_count":0,"master_deck":["Strike_R","Strike_R","Strike_R","Strike_R","Defend_R","Defend_R","Defend_R","Defend_R","Bash","Pommel Strike","Capacitor","Tempest+1","White Noise+1","Seeing Red+1","Bloodletting"],"special_seed":18136,"relics":["Burning Blood","Ice Cream","Anchor","Orichalcum","Turnip","Prayer Wheel"],"potions_floor_usage":[7,16],"damage_taken":[{"damage":4,"enemies":"Cultist","floor":1,"turns":4},{"damage":8,"enemies":"Small Slimes","floor":2,"turns":3},{"damage":6,"enemies":"Jaw Worm","floor":4,"turns":3},{"damage":12,"enemies":"Large Slime","floor":5,"turns":7},{"damage":54,"enemies":"Lagavulin","floor":7,"turns":6},{"damage":4,"enemies":"Exordium Thugs","floor":10,"turns":4},{"damage":20,"enemies":"3 Sentries","floor":12,"turns":7},{"damage":8,"enemies":"Lots of Slimes","floor":14,"turns":3},{"damage":47,"enemies":"Hexaghost","floor":16,"turns":10}],"seed_played":"-4594230523383984228","potions_obtained":[{"floor":2,"key":"BloodPotion"},{"floor":10,"key":"Dexterity Potion"},{"floor":14,"key":"SteroidPotion"}],"is_trial":false,"path_per_floor":["M","M","$","M","M","R","E","R","T","M","?","E","R","M","R","B"],"character_chosen":"IRONCLAD","items_purchased":["Capacitor"],"campfire_rested":1,"item_purchase_floors":[3],"current_hp_per_floor":[80,78,78,78,72,72,44,44,44,46,39,25,49,47,47,0],"gold":189,"neow_bonus":"","is_prod":false,"is_daily":true,"chose_seed":false,"campfire_upgraded":3,"win_rate":0,"timestamp":1567017768,"path_taken":["M","M","$","M","?","R","E","R","T","M","?","E","R","?","R","BOSS"],"build_version":"2019-07-17","purchased_purges":1,"victory":false,"max_hp_per_floor":[80,80,80,80,80,80,80,80,80,80,80,80,80,80,80,80],"card_choices":[{"not_picked":["Ball Lightning","Clothesline","True Grit"],"picked":"SKIP","floor":1},{"not_picked":["Heavy Blade","Warcry"],"picked":"Pommel Strike","floor":2},{"not_picked":["Reinforced Body","Body Slam"],"picked":"Tempest","floor":4},{"not_picked":["Wild Strike","Cleave","Searing Blow"],"picked":"SKIP","floor":5},{"not_picked":["Steam Power","Sentinel"],"picked":"White Noise","floor":7},{"not_picked":["Seek","Rebound"],"picked":"Seeing Red","floor":10},{"not_picked":["Headbutt","Carnage"],"picked":"Bloodletting","floor":12},{"not_picked":["Pommel Strike","Rebound","Lockon"],"picked":"SKIP","floor":14},{"not_picked":["Storm","Rebound","Gash"],"picked":"SKIP","floor":14}],"player_experience":250691,"relics_obtained":[{"floor":7,"key":"Anchor"},{"floor":9,"key":"Orichalcum"},{"floor":12,"key":"Prayer Wheel"}],"event_choices":[{"damage_healed":0,"gold_gain":0,"player_choice":"Success","damage_taken":7,"relics_obtained":["Turnip"],"max_hp_gain":0,"max_hp_loss":0,"event_name":"Scrap Ooze","floor":11,"gold_loss":0}],"is_beta":false,"boss_relics":[],"items_purged_floors":[3],"is_endless":false,"potions_floor_spawned":[2,10,14],"killed_by":"Hexaghost","ascension_level":0}