{"gold_per_floor":[119,129,146,146,156,156,175,175,175,175,175,175,187,219,219,219],"floor_reached":16,"playtime":910,"items_purged":[],"score":204,"play_id":"ccb90d54-ba2a-4588-a7fd-ffe113805883","local_time":"20190110184836","is_ascension_mode":true,"campfire_choices":[{"data":"Zap","floor":6,"key":"SMITH"},{"data":"Go for the Eyes","floor":8,"key":"SMITH"},{"floor":10,"key":"REST"},{"data":"Dualcast","floor":12,"key":"SMITH"},{"floor":15,"key":"REST"}],"neow_cost":"NONE","seed_source_timestamp":80057409778593,"circlet_count":0,"master_deck":["AscendersBane","Strike_B+1","Strike_B+1","Strike_B","Strike_B","Defend_B","Defend_B","Defend_B","Defend_B","Zap+1","Dualcast+1","Gash","Go for the Eyes+1","Gash","Leap","Steam","Coolheaded","Go for the Eyes"],"relics":["Cracked Core","NeowsBlessing","Bottled Flame","Potion Belt"],"potions_floor_usage":[14,16],"damage_taken":[{"damage":0,"enemies":"Jaw Worm","floor":1,"turns":1},{"damage":0,"enemies":"Small Slimes","floor":2,"turns":1},{"damage":0,"enemies":"2 Louse","floor":3,"turns":1},{"damage":9,"enemies":"Lots of Slimes","floor":5,"turns":5},{"damage":2,"enemies":"2 Fungi Beasts","floor":7,"turns":3},{"damage":14,"enemies":"Exordium Thugs","floor":13,"turns":6},{"damage":9,"enemies":"Lagavulin","floor":14,"turns":8},{"damage":58,"enemies":"Slime Boss","floor":16,"turns":14}],"seed_played":"4322293649611171198","potions_obtained":[{"floor":3,"key":"SteroidPotion"},{"floor":5,"key":"SmokeBomb"},{"floor":14,"key":"Weak Potion"}],"is_trial":false,"path_per_floor":["M","M","M","?","M","R","M","R","T","R","?","R","M","E","R","B"],"character_chosen":"DEFECT","items_purchased":[],"campfire_rested":2,"item_purchase_floors":[],"current_hp_per_floor":[64,64,64,43,34,34,32,32,32,53,53,53,39,30,51,0],"gold":219,"neow_bonus":"THREE_ENEMY_KILL","is_prod":false,"is_daily":false,"chose_seed":false,"campfire_upgraded":3,"win_rate":0,"timestamp":1547142516,"path_taken":["M","M","M","?","M","R","M","R","T","R","?","R","M","E","R","BOSS"],"build_version":"2019-01-03v4","purchased_purges":0,"victory":false,"max_hp_per_floor":[71,71,71,71,71,71,71,71,71,71,71,71,71,71,71,71],"card_choices":[{"not_picked":["Steam Power","Rebound"],"picked":"Gash","floor":1},{"not_picked":["Cold Snap","Doom and Gloom"],"picked":"Go for the Eyes","floor":2},{"not_picked":["Beam Cell","Heatsinks"],"picked":"Gash","floor":3},{"not_picked":["Genetic Algorithm","Storm"],"picked":"Leap","floor":5},{"not_picked":["Consume","Turbo"],"picked":"Steam","floor":7},{"not_picked":["Redo","Conserve Battery"],"picked":"Coolheaded","floor":13},{"not_picked":["Rebound","Buffer"],"picked":"Go for the Eyes","floor":14}],"player_experience":507838,"relics_obtained":[{"floor":9,"key":"Bottled Flame"},{"floor":14,"key":"Potion Belt"}],"event_choices":[{"damage_healed":0,"gold_gain":0,"player_choice":"Entered Light","damage_taken":21,"max_hp_gain":0,"max_hp_loss":0,"event_name":"Shining Light","floor":4,"gold_loss":0,"cards_upgraded":["Strike_B","Strike_B"]},{"damage_healed":0,"gold_gain":0,"player_choice":"Searched \u00270\u0027 times","damage_taken":0,"max_hp_gain":0,"max_hp_loss":0,"event_name":"Dead Adventurer","floor":11,"gold_loss":0}],"is_beta":false,"boss_relics":[],"items_purged_floors":[],"is_endless":false,"potions_floor_spawned":[3,5,14],"killed_by":"Slime Boss","ascension_level":20}