{"gold_per_floor":[118,133,133,208,15,43,43,59,85,97,97,112,112,11,11,111,111,130,130,145,145],"floor_reached":21,"playtime":1599,"items_purged":[],"score":179,"play_id":"01524fde-ce85-4999-8b70-6605f22cd719","local_time":"20190411105745","is_ascension_mode":false,"campfire_choices":[{"data":"Rage","floor":7,"key":"SMITH"},{"data":"Limit Break","floor":11,"key":"SMITH"},{"data":"Limit Break","floor":13,"key":"SMITH"},{"floor":15,"key":"REST"}],"neow_cost":"NONE","seed_source_timestamp":3515827855198751,"circlet_count":0,"master_deck":["Strike_R","Strike_R","Strike_R","Strike_R","Strike_R","Defend_R","Defend_R","Defend_R","Bash","Limit Break+1","Cleave","Shrug It Off","Inflame","Rage+1","Seeing Red","Iron Wave","Limit Break+1","Perfected Strike","Twin Strike","Bludgeon","Twin Strike","Twin Strike"],"relics":["Burning Blood","Vajra","Strawberry","Regal Pillow","Snecko Eye"],"potions_floor_usage":[],"damage_taken":[{"damage":6,"enemies":"Small Slimes","floor":1,"turns":4},{"damage":10,"enemies":"Jaw Worm","floor":2,"turns":4},{"damage":32,"enemies":"Lagavulin","floor":6,"turns":6},{"damage":1,"enemies":"Cultist","floor":8,"turns":3},{"damage":13,"enemies":"Exordium Wildlife","floor":10,"turns":5},{"damage":9,"enemies":"2 Fungi Beasts","floor":12,"turns":3},{"damage":20,"enemies":"The Guardian","floor":16,"turns":8},{"damage":0,"enemies":"Spheric Guardian","floor":18,"turns":1},{"damage":15,"enemies":"3 Byrds","floor":20,"turns":4},{"damage":0,"enemies":"Shelled Parasite and Fungi","floor":21,"turns":1}],"seed_played":"7676870248531575240","potions_obtained":[{"floor":1,"key":"Ancient Potion"},{"floor":2,"key":"PowerPotion"},{"floor":18,"key":"AttackPotion"}],"is_trial":false,"path_per_floor":["M","M","?","?","$","E","R","M","T","M","R","M","R","$","R","B",null,"M","?","M","M"],"character_chosen":"IRONCLAD","items_purchased":["Inflame","Vajra","Perfected Strike","Twin Strike"],"campfire_rested":1,"item_purchase_floors":[5,5,14,14],"current_hp_per_floor":[80,76,76,65,65,46,46,51,51,44,44,41,41,41,82,68,87,87,87,78,78],"gold":145,"neow_bonus":"ONE_RANDOM_RARE_CARD","is_prod":false,"is_daily":false,"chose_seed":false,"campfire_upgraded":3,"win_rate":0.0,"timestamp":1554994665,"path_taken":["M","M","?","?","$","E","R","M","T","M","R","M","R","$","R","BOSS","M","?","M","?"],"build_version":"2019-01-23","purchased_purges":0,"victory":false,"max_hp_per_floor":[80,80,80,80,80,87,87,87,87,87,87,87,87,87,87,87,87,87,87,87,87],"card_choices":[{"not_picked":["Bloodletting","Thunderclap"],"picked":"Cleave","floor":1},{"not_picked":["Heavy Blade","Clash"],"picked":"Shrug It Off","floor":2},{"not_picked":["Sword Boomerang","Thunderclap"],"picked":"Rage","floor":6},{"not_picked":["Headbutt","Inflame"],"picked":"Seeing Red","floor":8},{"not_picked":["Clash","Corruption"],"picked":"Iron Wave","floor":10},{"not_picked":["Body Slam","Shockwave"],"picked":"Limit Break","floor":12},{"not_picked":["Offering","Berserk"],"picked":"Bludgeon","floor":16},{"not_picked":["Entrench+1","Sword Boomerang+1"],"picked":"Twin Strike","floor":18},{"not_picked":["Iron Wave","Bloodletting"],"picked":"Twin Strike","floor":20}],"player_experience":21028,"relics_obtained":[{"floor":6,"key":"Strawberry"},{"floor":9,"key":"Regal Pillow"}],"event_choices":[{"damage_healed":0,"gold_gain":0,"player_choice":"Leave","damage_taken":0,"max_hp_gain":0,"max_hp_loss":0,"event_name":"The Cleric","floor":3,"gold_loss":0},{"damage_healed":0,"gold_gain":75,"player_choice":"Gather Gold","damage_taken":11,"max_hp_gain":0,"max_hp_loss":0,"event_name":"World of Goop","floor":4,"gold_loss":0},{"cards_removed":["Defend_R"],"damage_healed":0,"gold_gain":0,"player_choice":"Purged","damage_taken":0,"max_hp_gain":0,"max_hp_loss":0,"event_name":"Purifier","floor":19,"gold_loss":0}],"is_beta":false,"boss_relics":[{"not_picked":["Busted Crown","Coffee Dripper"],"picked":"Snecko Eye"}],"items_purged_floors":[],"is_endless":false,"potions_floor_spawned":[1,2,18],"killed_by":"Shelled Parasite and Fungi","ascension_level":0}