{"gold_per_floor":[119,69,69,87,87,120,53,53,106,106,140,160,179,198,198,198],"floor_reached":16,"playtime":726,"items_purged":[],"score":116,"play_id":"f663778a-8f22-4412-94b3-14cb3da99217","local_time":"20181210160334","is_ascension_mode":true,"campfire_choices":[{"data":"Footwork","floor":8,"key":"SMITH"},{"data":"Heel Hook","floor":10,"key":"SMITH"},{"floor":15,"key":"RECALL"}],"neow_cost":"NONE","seed_source_timestamp":2229639715510679,"circlet_count":0,"master_deck":["Defend_G","Defend_G","Defend_G","Defend_G","Strike_G","Strike_G","Strike_G","Strike_G","Survivor","Neutralize+1","Heel Hook+1","Footwork+1","Backflip"],"relics":["Ring of the Snake","Vajra","Mercury Hourglass"],"potions_floor_usage":[16],"damage_taken":[{"damage":5,"enemies":"Small Slimes","floor":1,"turns":5},{"damage":0,"enemies":"2 Louse","floor":4,"turns":3},{"damage":22,"enemies":"Gremlin Nob","floor":6,"turns":5},{"damage":15,"enemies":"Lagavulin","floor":11,"turns":10},{"damage":0,"enemies":"Jaw Worm","floor":12,"turns":3},{"damage":0,"enemies":"Large Slime","floor":13,"turns":5},{"damage":0,"enemies":"3 Louse","floor":14,"turns":3},{"damage":34,"enemies":"Slime Boss","floor":16,"turns":10}],"seed_played":"752680487527578624","potions_obtained":[{"floor":6,"key":"Strength Potion"}],"is_trial":false,"path_per_floor":["M","?","$","M","?","E","$","R","T","R","E","M","M","M","R","B"],"character_chosen":"THE_SILENT","items_purchased":["Footwork"],"campfire_rested":0,"item_purchase_floors":[7],"current_hp_per_floor":[65,65,65,65,65,43,43,43,43,43,28,28,28,28,28,0],"gold":198,"neow_bonus":"UPGRADE_CARD","is_prod":false,"is_daily":false,"chose_seed":false,"campfire_upgraded":2,"win_rate":0,"timestamp":1544454214,"path_taken":["M","?","$","M","?","E","$","R","T","R","E","M","M","M","R","BOSS"],"build_version":"2018-12-06","purchased_purges":0,"victory":false,"max_hp_per_floor":[70,70,70,70,70,70,70,70,70,70,70,70,70,70,70,70],"card_choices":[{"not_picked":["Deadly Poison","Backstab"],"picked":"Heel Hook","floor":1},{"not_picked":["Outmaneuver","PiercingWail","Underhanded Strike"],"picked":"SKIP","floor":4},{"not_picked":["Dagger Throw","Acrobatics","Prepared"],"picked":"SKIP","floor":6},{"not_picked":["Catalyst","Blade Dance"],"picked":"Backflip","floor":11},{"not_picked":["Caltrops","Blade Dance","Endless Agony"],"picked":"SKIP","floor":12},{"not_picked":["Flechettes","A Thousand Cuts","Setup"],"picked":"SKIP","floor":13},{"not_picked":["Deadly Poison","Acrobatics","PiercingWail"],"picked":"SKIP","floor":14}],"player_experience":300199,"relics_obtained":[{"floor":6,"key":"Vajra"},{"floor":11,"key":"Mercury Hourglass"}],"event_choices":[{"cards_removed":["Strike_G"],"damage_healed":0,"gold_gain":0,"player_choice":"Card Removal","damage_taken":0,"max_hp_gain":0,"max_hp_loss":0,"event_name":"The Cleric","floor":2,"gold_loss":50},{"cards_removed":["Defend_G"],"damage_healed":0,"gold_gain":0,"player_choice":"Forget","damage_taken":0,"max_hp_gain":0,"max_hp_loss":0,"event_name":"Living Wall","floor":5,"gold_loss":0}],"is_beta":false,"boss_relics":[],"items_purged_floors":[],"is_endless":false,"potions_floor_spawned":[6],"killed_by":"Slime Boss","ascension_level":1}