{"path_per_floor":["M","?","$","M","$","E","M","E","T","?","M","?","E","M","R","B",null,"M","M","?","M","$","E","$","R","T","M","M","R","?","E","R","B",null,"M","M","?","$","M","E","R","?","T","$","?","M","R","M","R","B"],"character_chosen":"IRONCLAD","items_purchased":["Dropkick","Bottled Flame","Gremlin Horn","Ice Cream","Heavy Blade"],"gold_per_floor":[116,116,41,59,59,94,106,131,131,131,151,251,287,310,310,433,433,458,479,479,499,119,149,99,99,99,109,123,123,123,156,156,261,261,272,288,639,54,72,105,105,105,129,30,30,41,41,54,54,54],"floor_reached":51,"campfire_rested":0,"playtime":2625,"current_hp_per_floor":[80,80,80,80,80,80,74,64,64,44,44,44,36,33,33,13,80,70,65,65,72,72,60,60,60,60,36,47,47,47,54,54,48,80,80,80,69,69,64,70,70,70,75,75,80,69,69,78,78,60],"items_purged":["Strike_R","Defend_R","Defend_R","Defend_R","Clash"],"gold":54,"score":957,"play_id":"2ddfb373-6862-445e-a600-fea192c2a1fb","local_time":"20180312013441","is_prod":false,"is_daily":false,"is_ascension_mode":true,"campfire_upgraded":7,"timestamp":1520814881,"path_taken":["M","?","$","M","$","E","M","E","T","?","M","?","E","M","R","BOSS","M","M","?","M","$","E","$","R","T","M","M","R","?","E","R","BOSS","M","M","?","$","M","E","R","?","T","$","?","M","R","M","R","BOSS"],"build_version":"2018-03-09","purchased_purges":5,"victory":true,"master_deck":["Strike_R","Strike_R","Strike_R","Bash","Battle Trance+1","Seeing Red","Flex+1","Shrug It Off","Limit Break+1","Offering","Flex+1","Limit Break+1","Dropkick","Flex+1","Pummel+1","Offering","Heavy Blade+1"],"max_hp_per_floor":[80,80,80,80,80,80,80,80,80,80,80,80,80,80,80,80,80,80,80,80,80,80,80,80,80,80,80,80,80,80,80,80,80,80,80,80,80,80,80,80,80,80,80,80,80,82,82,84,84,84],"relics":["Burning Blood","NeowsBlessing","Vajra","Smiling Mask","Pen Nib","Bloody Idol","Champion Belt","Sozu","Bottled Flame","Bag of Preparation","Ginger","Mummified Hand","Mark of Pain","Old Coin","Gremlin Horn","Ice Cream","Omamori","Singing Bowl"],"card_choices":[{"not_picked":["Wild Strike","Cleave"],"picked":"Battle Trance"},{"not_picked":["Shrug It Off","Thunderclap"],"picked":"Seeing Red"},{"not_picked":["Rupture","Rage"],"picked":"Flex"},{"not_picked":["Twin Strike","Pommel Strike"],"picked":"Shrug It Off"},{"not_picked":["Infernal Blade","Battle Trance"],"picked":"Limit Break"},{"not_picked":["Demon Form","Juggernaut"],"picked":"Offering"},{"not_picked":["Thunderclap","Shrug It Off"],"picked":"Flex"},{"not_picked":["Body Slam","Uppercut"],"picked":"Clash"},{"not_picked":["Wild Strike","Shrug It Off"],"picked":"Limit Break"},{"not_picked":["Metallicize","Clash"],"picked":"Flex"},{"not_picked":["Thunderclap","Iron Wave"],"picked":"Pummel"},{"not_picked":["Clash","Iron Wave"],"picked":"Offering"}],"player_experience":206344,"potions_floor_usage":[8,13,16],"damage_taken":[{"damage":0,"enemies":"Small Slimes","floor":1,"turns":1},{"damage":0,"enemies":"Cultist","floor":4,"turns":1},{"damage":0,"enemies":"Lagavulin","floor":6,"turns":1},{"damage":12,"enemies":"Jaw Worm","floor":7,"turns":3},{"damage":16,"enemies":"Gremlin Nob","floor":8,"turns":3},{"damage":6,"enemies":"Looter","floor":11,"turns":3},{"damage":14,"enemies":"Lagavulin","floor":13,"turns":4},{"damage":9,"enemies":"Blue Slaver","floor":14,"turns":2},{"damage":26,"enemies":"Hexaghost","floor":16,"turns":8},{"damage":16,"enemies":"2 Thieves","floor":18,"turns":3},{"damage":11,"enemies":"Shell Parasite","floor":19,"turns":2},{"damage":4,"enemies":"Snake Plant","floor":21,"turns":1},{"damage":23,"enemies":"Book of Stabbing","floor":23,"turns":3},{"damage":35,"enemies":"Snecko","floor":27,"turns":4},{"damage":0,"enemies":"Centurion and Healer","floor":28,"turns":3},{"damage":4,"enemies":"Slavers","floor":31,"turns":2},{"damage":17,"enemies":"Champ","floor":33,"turns":3},{"damage":4,"enemies":"Orb Walker","floor":35,"turns":1},{"damage":5,"enemies":"3 Darklings","floor":36,"turns":2},{"damage":27,"enemies":"Mysterious Sphere","floor":37,"turns":2},{"damage":16,"enemies":"Sphere and 2 Shapes","floor":39,"turns":2},{"damage":5,"enemies":"Giant Head","floor":40,"turns":2},{"damage":24,"enemies":"4 Shapes","floor":46,"turns":1},{"damage":4,"enemies":"Maw","floor":48,"turns":2},{"damage":24,"enemies":"Donu and Deca","floor":50,"turns":2}],"event_choices":[{"event_name":"Bonfire Elementals","player_choice":"BASIC","floor":2,"damage_taken":0},{"event_name":"Golden Idol","player_choice":"Take Damage","floor":10,"damage_taken":0},{"event_name":"Wheel of Change","player_choice":"Gold","floor":12,"damage_taken":0},{"event_name":"Forgotten Altar","player_choice":"Gave Idol","floor":20,"damage_taken":0},{"event_name":"Purifier","player_choice":"One Purge","floor":30,"damage_taken":0},{"event_name":"Mysterious Sphere","player_choice":"Fight","floor":37,"damage_taken":0},{"event_name":"Tomb of Lord Red Mask","player_choice":"Ignored","floor":42,"damage_taken":0},{"event_name":"Winding Halls","player_choice":"Writhe","floor":45,"damage_taken":0}],"boss_relics":[{"not_picked":["Black Blood","Black Star"],"picked":"Sozu"},{"not_picked":["Philosopher\u0027s Stone","Snecko Eye"],"picked":"Mark of Pain"}],"potions_floor_spawned":[4,7,8,18,27,33,37,40,46],"seed_played":"6119688921108415455","ascension_level":4,"is_trial":false}