{"gold_per_floor":[118,193,173,186,203,203,230,250,250,250,265,265,308,308,308,433,433,449,449,470,484,288,288,288],"floor_reached":24,"playtime":1106,"items_purged":["Strike_B"],"score":323,"play_id":"4676e837-c424-4ec6-8d9d-4344f7f6e753","local_time":"20190826120643","is_ascension_mode":true,"campfire_choices":[{"data":"Rainbow","floor":6.0,"key":"SMITH"},{"data":"Buffer","floor":10.0,"key":"SMITH"},{"floor":15.0,"key":"REST"},{"floor":23,"key":"REST"}],"neow_cost":"NONE","seed_source_timestamp":0,"circlet_count":0,"master_deck":["Strike_B","Strike_B","Strike_B","Defend_B","Defend_B","Defend_B","Defend_B","Zap","Dualcast","Rainbow+1","Cold Snap","Capacitor","Buffer+1","Chaos","Capacitor","Creative AI","Genetic Algorithm","Self Repair+1","Darkness","Storm"],"special_seed":0,"relics":["FrozenCore","StoneCalendar","Golden Idol","The Courier","Potion Belt","Matryoshka"],"potions_floor_usage":[20,24,24],"damage_taken":[{"damage":6.0,"enemies":"2 Louse","floor":1.0,"turns":3.0},{"damage":0.0,"enemies":"Small Slimes","floor":4.0,"turns":2.0},{"damage":0.0,"enemies":"Cultist","floor":5.0,"turns":3.0},{"damage":16.0,"enemies":"3 Sentries","floor":7.0,"turns":3.0},{"damage":5.0,"enemies":"2 Fungi Beasts","floor":8.0,"turns":4.0},{"damage":10.0,"enemies":"Large Slime","floor":11.0,"turns":6.0},{"damage":0.0,"enemies":"Lagavulin","floor":13.0,"turns":7.0},{"damage":0.0,"enemies":"Slime Boss","floor":16.0,"turns":7.0},{"damage":19,"enemies":"Spheric Guardian","floor":18,"turns":7},{"damage":24,"enemies":"Chosen","floor":20,"turns":7},{"damage":10,"enemies":"Snecko","floor":21,"turns":9},{"damage":36,"enemies":"Snake Plant","floor":24,"turns":6}],"seed_played":"3032248341950436457","potions_obtained":[{"floor":3.0,"key":"PowerPotion"},{"floor":7.0,"key":"Ancient Potion"},{"floor":8.0,"key":"Regen Potion"},{"floor":13.0,"key":"Weak Potion"},{"floor":16.0,"key":"Weak Potion"},{"floor":18,"key":"FearPotion"}],"is_trial":false,"path_per_floor":["M","?","?","M","M","R","E","M","T","R","M","?","E","?","R","B",null,"M","?","M","M","$","R","M"],"character_chosen":"DEFECT","items_purchased":["Darkness","Storm","AttackPotion"],"campfire_rested":2,"item_purchase_floors":[22,22,22],"current_hp_per_floor":[69,58,58,58,58,58,42,37,37,37,42,42,42,39,59,59,69,50,50,26,16,16,36,0],"gold":288,"neow_bonus":"ONE_RANDOM_RARE_CARD","is_prod":false,"is_daily":false,"chose_seed":false,"campfire_upgraded":2,"win_rate":0,"timestamp":1566814003,"path_taken":["M","?","?","M","M","R","E","M","T","R","?","?","E","?","R","BOSS","M","?","?","M","$","R","M"],"build_version":"2019-07-17","purchased_purges":1,"victory":false,"max_hp_per_floor":[75,75,75,75,75,75,75,75,75,75,75,69,69,69,69,69,69,69,69,69,69,69,69,69],"card_choices":[{"not_picked":["Coolheaded","Sweeping Beam","Rebound"],"picked":"SKIP","floor":1.0},{"not_picked":["Redo","Steam Power","Doom and Gloom"],"picked":"SKIP","floor":4.0},{"not_picked":["Rebound","Force Field"],"picked":"Cold Snap","floor":5.0},{"not_picked":["Double Energy","Force Field"],"picked":"Capacitor","floor":7.0},{"not_picked":["Compile Driver","Coolheaded"],"picked":"Buffer","floor":8.0},{"not_picked":["Loop","Ball Lightning"],"picked":"Chaos","floor":11.0},{"not_picked":["Compile Driver","Barrage"],"picked":"Capacitor","floor":13.0},{"not_picked":["Hyperbeam","Buffer"],"picked":"Creative AI","floor":16.0},{"not_picked":["Cold Snap+1","Rip and Tear"],"picked":"Genetic Algorithm","floor":18},{"not_picked":["Compile Driver","Conserve Battery","Reprogram"],"picked":"SKIP","floor":20},{"not_picked":["Hologram","Redo"],"picked":"Self Repair+1","floor":21}],"player_experience":245116,"relics_obtained":[{"floor":7.0,"key":"StoneCalendar"},{"floor":13.0,"key":"The Courier"}],"event_choices":[{"damage_healed":0.0,"max_hp_gain":0.0,"max_hp_loss":0.0,"gold_gain":75.0,"event_name":"World of Goop","player_choice":"Gather Gold","floor":2.0,"gold_loss":0.0,"damage_taken":11.0},{"damage_healed":0.0,"max_hp_gain":0.0,"max_hp_loss":0.0,"gold_gain":0.0,"event_name":"The Woman in Blue","player_choice":"Bought 1 Potion","floor":3.0,"gold_loss":0.0,"damage_taken":0.0},{"damage_healed":0.0,"max_hp_gain":0.0,"max_hp_loss":6.0,"gold_gain":0.0,"event_name":"Golden Idol","player_choice":"Lose Max HP","floor":12.0,"gold_loss":0.0,"damage_taken":0.0,"relics_obtained":["Golden Idol"]},{"damage_healed":0.0,"max_hp_gain":0.0,"max_hp_loss":0.0,"gold_gain":0.0,"event_name":"Scrap Ooze","player_choice":"Success","floor":14.0,"gold_loss":0.0,"damage_taken":3.0,"relics_obtained":["Potion Belt"]},{"damage_healed":0,"gold_gain":0,"player_choice":"Gave Potion","damage_taken":0,"relics_obtained":["Matryoshka"],"max_hp_gain":0,"max_hp_loss":0,"event_name":"WeMeetAgain","floor":19,"gold_loss":0}],"is_beta":false,"boss_relics":[{"not_picked":["White Beast Statue","Astrolabe"],"picked":"FrozenCore"}],"items_purged_floors":[22],"is_endless":false,"potions_floor_spawned":[7,8,13,16,18],"killed_by":"Snake Plant","ascension_level":3}