{"path_per_floor":["M","?","?","M","M","R","M","R","T","?","M","R","?","M","R","B",null,"M","M","$","M","?"],"character_chosen":"IRONCLAD","items_purchased":["Matryoshka","Feed","Shrug It Off"],"gold_per_floor":[114,114,189,207,217,217,232,232,232,232,248,248,423,433,433,531,531,545,555,25,44,44],"floor_reached":23,"campfire_rested":0,"playtime":1954,"current_hp_per_floor":[76,69,58,56,62,62,68,68,68,52,40,40,40,39,39,12,80,76,63,63,15,15],"items_purged":["Defend_R"],"gold":44,"play_id":"9bf62bed-e5ab-4934-b49e-e23b649c36d4","is_prod":false,"is_daily":false,"is_ascension_mode":false,"campfire_upgraded":2,"path_taken":["M","?","?","M","?","R","M","R","T","?","M","R","?","M","R","BOSS","M","M","$","M","?","E"],"build_version":"2018-02-01-PROD3","purchased_purges":1,"victory":false,"master_deck":["Strike_R","Strike_R+1","Strike_R+1","Defend_R","Defend_R","Defend_R","Bash","Berserk","Rampage+1","Iron Wave","Pommel Strike+1","Headbutt","Inflame","Rampage","Double Tap","Iron Wave+1","Shrug It Off","Feed","Shrug It Off","Headbutt","Decay"],"max_hp_per_floor":[80,80,80,80,80,80,80,80,80,80,80,80,80,80,80,80,80,80,80,80,83,83],"relics":["Burning Blood","Peace Pipe","Philosopher\u0027s Stone","Matryoshka"],"card_choices":[{"not_picked":["Iron Wave","Pummel"],"picked":"Rampage"},{"not_picked":["Perfected Strike","Body Slam"],"picked":"Iron Wave"},{"not_picked":["Flex","Anger"],"picked":"Pommel Strike"},{"not_picked":["Dual Wield","Combust"],"picked":"Headbutt"},{"not_picked":["Reckless Charge","True Grit"],"picked":"Inflame"},{"not_picked":["Pummel","Feel No Pain"],"picked":"Rampage"},{"not_picked":["Limit Break","Berserk"],"picked":"Double Tap"},{"not_picked":["True Grit","Headbutt"],"picked":"Iron Wave"},{"not_picked":["Battle Trance","Intimidate"],"picked":"Shrug It Off"},{"not_picked":["Armaments","Reaper"],"picked":"Headbutt"}],"player_experience":12992,"potions_floor_usage":[23,23,23],"damage_taken":[{"damage":10,"enemies":"Jaw Worm","floor":1,"turns":6},{"damage":8,"enemies":"Small Slimes","floor":4,"turns":5},{"damage":0,"enemies":"Cultist","floor":5,"turns":4},{"damage":0,"enemies":"Large Slime","floor":7,"turns":5},{"damage":18,"enemies":"Exordium Thugs","floor":11,"turns":4},{"damage":7,"enemies":"Exordium Wildlife","floor":14,"turns":5},{"damage":33,"enemies":"The Guardian","floor":16,"turns":8},{"damage":10,"enemies":"Chosen","floor":18,"turns":4},{"damage":19,"enemies":"2 Thieves","floor":19,"turns":4},{"damage":57,"enemies":"Cultist and Chosen","floor":21,"turns":8},{"damage":30,"enemies":"Slavers","floor":23,"turns":1}],"event_choices":[{"event_name":"Golden Wing","player_choice":"Card Removal","floor":2,"damage_taken":0},{"event_name":"World of Goop","player_choice":"Gather Gold","floor":3,"damage_taken":0},{"event_name":"Shining Light","player_choice":"Entered Light","floor":10,"damage_taken":0},{"event_name":"Liars Game","player_choice":"agreed","floor":13,"damage_taken":0},{"event_name":"Forgotten Altar","player_choice":"Smashed Altar","floor":22,"damage_taken":0}],"boss_relics":[{"not_picked":["Runic Pyramid","Runic Cube"],"picked":"Philosopher\u0027s Stone"}],"potions_floor_spawned":[1,7,11,14,16,19,21],"seed_played":"-5825485167750279473","killed_by":"Slavers","ascension_level":0,"is_trial":false}