{"gold_per_floor":[118,133,144,144,16,46,56,84,84,84,104,168,168,168,168,272,272,290,302,313,313,313,344,344,372,448,448,448,467,144,144,144,244,244,261,15,15,15,15,46,46,74,120,120,133,133,150,160,160,160],"floor_reached":51,"playtime":3196,"items_purged":["Writhe","Defend_B"],"score":1189,"play_id":"c3566b97-10e4-4432-b7b1-1f08a6ecdc4f","local_time":"20190104193024","is_ascension_mode":true,"campfire_choices":[{"data":"Zap","floor":10.0,"key":"SMITH"},{"data":"Dualcast","floor":13.0,"key":"SMITH"},{"floor":15.0,"key":"REST"},{"data":"Ball Lightning","floor":24,"key":"SMITH"},{"data":"Go for the Eyes","floor":27,"key":"SMITH"},{"floor":28,"key":"REST"},{"data":"Electrodynamics","floor":32,"key":"SMITH"},{"floor":41,"key":"RECALL"},{"floor":44,"key":"REST"},{"floor":46,"key":"REST"},{"floor":49,"key":"REST"}],"neow_cost":"CURSE","seed_source_timestamp":0,"circlet_count":0,"master_deck":["AscendersBane","Strike_B+1","Strike_B+1","Strike_B+1","Defend_B+1","Defend_B+1","Defend_B+1","Zap+1","Dualcast+1","Conserve Battery","Ball Lightning+1","Leap","Self Repair","Leap","Core Surge","Steam","Go for the Eyes+1","Cold Snap","Electrodynamics+1","Go for the Eyes","Self Repair","Capacitor","Sunder+1","Barrage+1","Reprogram","Go for the Eyes+1"],"special_seed":0,"relics":["Cracked Core","FossilizedHelix","Gremlin Horn","Regal Pillow","Dodecahedron","WingedGreaves","Runic Pyramid","Emotion Chip","Pantograph","Letter Opener","Vajra","Fusion Hammer","Molten Egg 2","Symbiotic Virus","DataDisk","Lantern","Oddly Smooth Stone"],"potions_floor_usage":[19,19,19,50,50],"damage_taken":[{"damage":0.0,"enemies":"2 Louse","floor":1.0,"turns":2.0},{"damage":3.0,"enemies":"Small Slimes","floor":2.0,"turns":7.0},{"damage":0.0,"enemies":"Jaw Worm","floor":3.0,"turns":3.0},{"damage":9.0,"enemies":"Lagavulin","floor":6.0,"turns":6.0},{"damage":6.0,"enemies":"Exordium Wildlife","floor":7.0,"turns":5.0},{"damage":3.0,"enemies":"3 Sentries","floor":8.0,"turns":9.0},{"damage":0.0,"enemies":"Blue Slaver","floor":11.0,"turns":4.0},{"damage":3.0,"enemies":"Gremlin Nob","floor":12.0,"turns":4.0},{"damage":48.0,"enemies":"Hexaghost","floor":16.0,"turns":11.0},{"damage":0,"enemies":"Spheric Guardian","floor":18,"turns":4},{"damage":4,"enemies":"2 Thieves","floor":19,"turns":4},{"damage":0,"enemies":"Shelled Parasite and Fungi","floor":20,"turns":8},{"damage":25,"enemies":"Gremlin Leader","floor":23,"turns":12},{"damage":44,"enemies":"Book of Stabbing","floor":25,"turns":8},{"damage":0,"enemies":"3 Cultists","floor":29,"turns":3},{"damage":0,"enemies":"Automaton","floor":33,"turns":10},{"damage":0,"enemies":"Orb Walker","floor":35,"turns":4},{"damage":5,"enemies":"Nemesis","floor":40,"turns":7},{"damage":48,"enemies":"Giant Head","floor":42,"turns":11},{"damage":0,"enemies":"3 Shapes","floor":45,"turns":3},{"damage":0,"enemies":"Sphere and 2 Shapes","floor":47,"turns":4},{"damage":0,"enemies":"4 Shapes","floor":48,"turns":6},{"damage":43,"enemies":"Awakened One","floor":50,"turns":17}],"seed_played":"-4051470675859415032","potions_obtained":[{"floor":1.0,"key":"EssenceOfSteel"},{"floor":3.0,"key":"LiquidBronze"},{"floor":12.0,"key":"FearPotion"},{"floor":18,"key":"FearPotion"},{"floor":19,"key":"Fruit Juice"},{"floor":47,"key":"SkillPotion"},{"floor":48,"key":"LiquidBronze"}],"is_trial":false,"path_per_floor":["M","M","M","?","$","E","M","E","T","R","M","?","R","?","R","B",null,"M","M","M","?","?","E","R","E","T","R","R","M","$","?","R","B",null,"M","$","?","?","?","E","R","E","T","R","M","R","M","M","R","B",null],"character_chosen":"DEFECT","items_purchased":["Leap","Vajra","Self Repair","Molten Egg 2"],"campfire_rested":5,"item_purchase_floors":[5,30,30,36],"current_hp_per_floor":[68,65,65,50,50,41,42,46,46,46,53,57,57,50,75,34,65,65,73,80,65,85,67,67,30,30,30,70,77,77,77,77,85,85,85,85,85,85,85,85,85,51,51,85,85,85,85,85,85,56],"gold":160,"neow_bonus":"ONE_RARE_RELIC","is_prod":false,"is_daily":false,"chose_seed":false,"campfire_upgraded":5,"win_rate":0,"timestamp":1546626624,"path_taken":["M","M","M","?","$","E","M","E","T","R","M","?","R","?","R","BOSS","M","M","M","?","?","E","R","E","T","R","R","M","$","?","R","BOSS","M","$","?","?","?","E","R","E","T","R","?","R","M","M","R","BOSS"],"build_version":"2019-01-03v3","purchased_purges":2,"victory":true,"max_hp_per_floor":[75,75,75,75,75,75,75,75,75,75,75,75,75,75,75,75,75,75,80,80,85,85,85,85,85,85,85,85,85,85,85,85,85,85,85,85,85,85,85,85,85,85,85,85,85,85,85,85,85,85],"card_choices":[{"not_picked":["Gash","Leap"],"picked":"Conserve Battery","floor":1.0},{"not_picked":["Sweeping Beam","Melter","Stack"],"picked":"SKIP","floor":2.0},{"not_picked":["Gash","Go for the Eyes"],"picked":"Ball Lightning","floor":3.0},{"not_picked":["Buffer","Rebound"],"picked":"Self Repair","floor":6.0},{"not_picked":["Sweeping Beam","Beam Cell"],"picked":"Leap","floor":7.0},{"not_picked":["Rebound","Scrape"],"picked":"Leap","floor":8.0},{"not_picked":["Melter","Redo"],"picked":"Compile Driver","floor":11.0},{"not_picked":["Buffer","All For One"],"picked":"Core Surge","floor":16.0},{"not_picked":["Lockon","Undo"],"picked":"Steam","floor":18},{"not_picked":["Rebound","Turbo"],"picked":"Go for the Eyes","floor":19},{"not_picked":["Compile Driver","Conserve Battery"],"picked":"Cold Snap","floor":20},{"not_picked":["Steam Power","Redo","Rebound+1"],"picked":"SKIP","floor":23},{"not_picked":["Rip and Tear+1","Redo"],"picked":"Electrodynamics","floor":25},{"not_picked":["Coolheaded","Beam Cell"],"picked":"Go for the Eyes","floor":29},{"not_picked":["Ball Lightning+1","Hello World"],"picked":"Capacitor","floor":35},{"not_picked":["Skim","Leap"],"picked":"Sunder+1","floor":40},{"not_picked":["Genetic Algorithm","Streamline+1"],"picked":"Barrage+1","floor":42},{"not_picked":["Hologram","Scrape+1","Sweeping Beam+1"],"picked":"SKIP","floor":45},{"not_picked":["Coolheaded","Capacitor+1"],"picked":"Reprogram","floor":47},{"not_picked":["Lockon+1","Leap"],"picked":"Go for the Eyes+1","floor":48}],"player_experience":440690,"relics_obtained":[{"floor":6.0,"key":"Gremlin Horn"},{"floor":8.0,"key":"Regal Pillow"},{"floor":9.0,"key":"Dodecahedron"},{"floor":12.0,"key":"WingedGreaves"},{"floor":23,"key":"Emotion Chip"},{"floor":25,"key":"Pantograph"},{"floor":26,"key":"Letter Opener"},{"floor":40,"key":"DataDisk"},{"floor":42,"key":"Lantern"},{"floor":43,"key":"Oddly Smooth Stone"}],"event_choices":[{"damage_healed":0.0,"max_hp_gain":0.0,"max_hp_loss":0.0,"gold_gain":0.0,"event_name":"Shining Light","player_choice":"Entered Light","floor":4.0,"gold_loss":0.0,"damage_taken":15.0,"cards_upgraded":["Defend_B","Defend_B"]},{"damage_healed":0.0,"max_hp_gain":0.0,"max_hp_loss":0.0,"gold_gain":0.0,"event_name":"Dead Adventurer","player_choice":"Searched \u00272\u0027 times","floor":12.0,"gold_loss":0.0,"damage_taken":0.0},{"cards_removed":["Strike_B"],"damage_healed":0.0,"max_hp_gain":0.0,"max_hp_loss":0.0,"gold_gain":0.0,"event_name":"Golden Wing","player_choice":"Card Removal","floor":14.0,"gold_loss":0.0,"damage_taken":7.0},{"damage_healed":0,"gold_gain":0,"player_choice":"Shed Blood","damage_taken":20,"max_hp_gain":5,"max_hp_loss":0,"event_name":"Forgotten Altar","floor":21,"gold_loss":0},{"damage_healed":28,"gold_gain":0,"player_choice":"Heal","damage_taken":0,"max_hp_gain":0,"max_hp_loss":0,"event_name":"The Library","floor":22,"gold_loss":0},{"damage_healed":0,"gold_gain":0,"player_choice":"Simplicity","damage_taken":0,"max_hp_gain":0,"max_hp_loss":0,"event_name":"Back to Basics","floor":31,"gold_loss":0,"cards_upgraded":["Strike_B","Strike_B","Strike_B","Defend_B"]},{"cards_removed":["Leap"],"damage_healed":0,"gold_gain":0,"player_choice":"Removed Skill","damage_taken":0,"max_hp_gain":0,"max_hp_loss":0,"event_name":"Falling","floor":37,"gold_loss":0},{"damage_healed":0,"gold_gain":0,"player_choice":"Ignored","damage_taken":0,"max_hp_gain":0,"max_hp_loss":0,"event_name":"Mysterious Sphere","floor":38,"gold_loss":0},{"cards_removed":["Compile Driver"],"damage_healed":0,"gold_gain":0,"player_choice":"Gave Card","damage_taken":0,"relics_obtained":["Symbiotic Virus"],"max_hp_gain":0,"max_hp_loss":0,"event_name":"WeMeetAgain","floor":39,"gold_loss":0}],"is_beta":false,"boss_relics":[{"not_picked":["Coffee Dripper","White Beast Statue"],"picked":"Runic Pyramid"},{"not_picked":["Orrery","Calling Bell"],"picked":"Fusion Hammer"}],"items_purged_floors":[5,30],"is_endless":false,"potions_floor_spawned":[1,3,7,12,18,19,47,48],"ascension_level":11}