{"gold_per_floor":[118,193,193,6,6,35,35,51,51,3,3,3,15,32,32,32],"floor_reached":16,"playtime":320,"items_purged":["Defend_R"],"score":209,"play_id":"5b667703-ecd7-4345-885c-dee17228bad9","local_time":"20190325212249","is_ascension_mode":true,"campfire_choices":[{"data":"Body Slam","floor":7,"key":"SMITH"},{"data":"Impervious","floor":15,"key":"SMITH"}],"neow_cost":"NONE","seed_source_timestamp":70139366921084,"circlet_count":0,"master_deck":["AscendersBane","Strike_R","Strike_R","Strike_R","Strike_R","Defend_R","Defend_R","Defend_R","Bash","Body Slam+1","Sentinel","Spot Weakness+1","Pummel","Regret","Shrug It Off","Impervious+1","Shrug It Off+1","Seeing Red","Pommel Strike"],"relics":["Burning Blood","NeowsBlessing","Shuriken","Lantern","Gremlin Horn","Dead Branch"],"potions_floor_usage":[13],"damage_taken":[{"damage":0,"enemies":"Small Slimes","floor":1,"turns":1},{"damage":0,"enemies":"3 Sentries","floor":6,"turns":1},{"damage":0,"enemies":"2 Louse","floor":8,"turns":1},{"damage":2,"enemies":"Jaw Worm","floor":13,"turns":2},{"damage":19,"enemies":"Large Slime","floor":14,"turns":5},{"damage":55,"enemies":"Hexaghost","floor":16,"turns":9}],"seed_played":"-1157547792016607813","potions_obtained":[{"floor":1,"key":"Regen Potion"}],"is_trial":false,"path_per_floor":["M","?","?","$","?","E","R","M","T","$","?","?","M","M","R","B"],"character_chosen":"IRONCLAD","items_purchased":["Spot Weakness","Pummel","Shrug It Off"],"campfire_rested":0,"item_purchase_floors":[4,4,10],"current_hp_per_floor":[74,63,63,63,63,69,69,75,75,75,60,57,66,53,53,0],"gold":32,"neow_bonus":"THREE_ENEMY_KILL","is_prod":false,"is_daily":false,"chose_seed":false,"campfire_upgraded":2,"win_rate":0,"timestamp":1553516569,"path_taken":["M","?","?","$","?","E","R","M","T","?","?","?","?","M","R","BOSS"],"build_version":"2019-01-23","purchased_purges":1,"victory":false,"max_hp_per_floor":[75,75,75,75,75,75,75,75,75,75,75,75,75,75,75,75],"card_choices":[{"not_picked":["Corruption","Clothesline"],"picked":"Body Slam","floor":1},{"not_picked":["Entrench","Headbutt"],"picked":"Shrug It Off","floor":6},{"not_picked":["Heavy Blade","Twin Strike"],"picked":"Impervious","floor":8},{"not_picked":["True Grit","Clothesline"],"picked":"Seeing Red","floor":13},{"not_picked":["Evolve","Thunderclap"],"picked":"Pommel Strike","floor":14}],"player_experience":621635,"relics_obtained":[{"floor":6,"key":"Lantern"},{"floor":9,"key":"Gremlin Horn"}],"event_choices":[{"damage_healed":0,"gold_gain":75,"player_choice":"Gather Gold","damage_taken":11,"max_hp_gain":0,"max_hp_loss":0,"event_name":"World of Goop","floor":2,"gold_loss":0},{"damage_healed":0,"gold_gain":0,"cards_transformed":["Strike_R"],"player_choice":"Change","damage_taken":0,"max_hp_gain":0,"max_hp_loss":0,"event_name":"Living Wall","floor":3,"gold_loss":0,"cards_obtained":["Sentinel"]},{"damage_healed":0,"gold_gain":0,"player_choice":"Box","damage_taken":0,"relics_obtained":["Shuriken"],"max_hp_gain":0,"max_hp_loss":0,"event_name":"Big Fish","floor":5,"gold_loss":0,"cards_obtained":["Regret"]},{"damage_healed":0,"gold_gain":0,"player_choice":"Entered Light","damage_taken":15,"max_hp_gain":0,"max_hp_loss":0,"event_name":"Shining Light","floor":11,"gold_loss":0,"cards_upgraded":["Shrug It Off","Spot Weakness"]},{"damage_healed":0,"gold_gain":0,"player_choice":"Success","damage_taken":3,"relics_obtained":["Dead Branch"],"max_hp_gain":0,"max_hp_loss":0,"event_name":"Scrap Ooze","floor":12,"gold_loss":0}],"is_beta":false,"boss_relics":[],"items_purged_floors":[4],"is_endless":false,"potions_floor_spawned":[1],"killed_by":"Hexaghost","ascension_level":14}