{"gold_per_floor":[117,135,149,167,183,213,213,244,296,322,339,353,56,74,74,177,177,197,197,2,92,92],"floor_reached":22,"playtime":2778,"items_purged":["Strike_G","Defend_G"],"score":218,"play_id":"de930fb1-d896-4a0c-9af7-24d68b759f8b","local_time":"20190418124405","is_ascension_mode":true,"campfire_choices":[{"floor":7.0,"key":"REST"},{"floor":15.0,"key":"REST"}],"neow_cost":"NONE","seed_source_timestamp":0,"circlet_count":0,"master_deck":["Defend_G","Defend_G","Defend_G","Defend_G","Strike_G","Strike_G","Strike_G","Survivor","Neutralize","Caltrops","Acrobatics","Predator","Noxious Fumes","Catalyst","PiercingWail","Bouncing Flask","Slice","Quick Slash","Catalyst","Deadly Poison","Cloak And Dagger","Corpse Explosion","Prepared","Backflip","Dark Shackles"],"special_seed":0,"relics":["Ring of the Snake","Question Card","Ornamental Fan","Gremlin Horn","Art of War","Runic Pyramid"],"potions_floor_usage":[16,22],"damage_taken":[{"damage":0.0,"enemies":"Cultist","floor":1.0,"turns":5.0},{"damage":7.0,"enemies":"Small Slimes","floor":2.0,"turns":5.0},{"damage":0.0,"enemies":"2 Louse","floor":3.0,"turns":2.0},{"damage":9.0,"enemies":"Lots of Slimes","floor":4.0,"turns":5.0},{"damage":0.0,"enemies":"Large Slime","floor":5.0,"turns":6.0},{"damage":24.0,"enemies":"Lagavulin","floor":6.0,"turns":9.0},{"damage":7.0,"enemies":"Gremlin Nob","floor":8.0,"turns":3.0},{"damage":13.0,"enemies":"Lagavulin","floor":10.0,"turns":6.0},{"damage":12.0,"enemies":"Exordium Wildlife","floor":11.0,"turns":5.0},{"damage":0.0,"enemies":"Blue Slaver","floor":12.0,"turns":4.0},{"damage":9.0,"enemies":"Exordium Thugs","floor":14.0,"turns":3.0},{"damage":33,"enemies":"Slime Boss","floor":16,"turns":9},{"damage":1,"enemies":"Chosen","floor":18,"turns":4},{"damage":0,"enemies":"2 Thieves","floor":22,"turns":1}],"seed_played":"4205885497820038386","potions_obtained":[{"floor":1.0,"key":"Fire Potion"},{"floor":6.0,"key":"Swift Potion"},{"floor":10.0,"key":"Weak Potion"},{"floor":11.0,"key":"Strength Potion"},{"floor":12.0,"key":"Ancient Potion"},{"floor":14.0,"key":"Explosive Potion"},{"floor":18,"key":"FearPotion"}],"is_trial":false,"path_per_floor":["M","M","M","M","M","E","R","E","T","E","M","M","$","M","R","B",null,"M","?","$","?","M"],"character_chosen":"THE_SILENT","items_purchased":["Art of War","Regen Potion","Backflip","PowerPotion"],"campfire_rested":2,"item_purchase_floors":[13,13,20,20],"current_hp_per_floor":[70,63,63,54,54,30,51,44,44,31,19,19,19,22,43,10,70,69,69,69,48,48],"gold":92,"neow_bonus":"THREE_CARDS","is_prod":false,"is_daily":false,"chose_seed":false,"campfire_upgraded":0,"win_rate":0,"timestamp":1555605845,"path_taken":["M","M","M","M","M","E","R","E","T","E","M","?","?","M","R","BOSS","M","?","$","?","M"],"build_version":"2019-01-23","purchased_purges":2,"victory":false,"max_hp_per_floor":[70,70,70,70,70,70,70,70,70,70,70,70,70,70,70,70,70,70,70,70,70,70],"card_choices":[{"not_picked":["Sucker Punch","Dodge and Roll"],"picked":"Caltrops","floor":0.0},{"not_picked":["Distraction","Terror"],"picked":"Acrobatics","floor":1.0},{"not_picked":["Backstab","Flechettes"],"picked":"Predator","floor":2.0},{"not_picked":["Prepared","Deflect"],"picked":"Noxious Fumes","floor":3.0},{"not_picked":["Eviscerate","Dagger Spray"],"picked":"Catalyst","floor":4.0},{"not_picked":["Flying Knee","Slice"],"picked":"PiercingWail","floor":5.0},{"not_picked":["Blur","Footwork"],"picked":"Bouncing Flask","floor":6.0},{"not_picked":["Accuracy","Footwork","Noxious Fumes"],"picked":"Slice","floor":8.0},{"not_picked":["Underhanded Strike","PiercingWail","Leg Sweep"],"picked":"Quick Slash","floor":10.0},{"not_picked":["Sucker Punch","Quick Slash","Infinite Blades"],"picked":"Catalyst","floor":11.0},{"not_picked":["Setup","Deflect","Poisoned Stab"],"picked":"Deadly Poison","floor":12.0},{"not_picked":["Expertise","Catalyst","Doppelganger"],"picked":"Cloak And Dagger","floor":14.0},{"not_picked":["Envenom","Tools of the Trade","Doppelganger"],"picked":"Corpse Explosion","floor":16},{"not_picked":["Dash","Predator","Dagger Throw"],"picked":"Prepared","floor":18}],"player_experience":137571,"relics_obtained":[{"floor":6.0,"key":"Question Card"},{"floor":8.0,"key":"Ornamental Fan"},{"floor":10.0,"key":"Gremlin Horn"}],"event_choices":[{"cards_removed":["Strike_G"],"damage_healed":0,"gold_gain":0,"player_choice":"Elegance","damage_taken":0,"max_hp_gain":0,"max_hp_loss":0,"event_name":"Back to Basics","floor":19,"gold_loss":0},{"damage_healed":0,"gold_gain":90,"player_choice":"CARD GOLD ","damage_taken":21,"max_hp_gain":0,"max_hp_loss":0,"event_name":"Knowing Skull","floor":21,"potions_obtained":[],"gold_loss":0,"cards_obtained":["Dark Shackles"]}],"is_beta":false,"boss_relics":[{"not_picked":["Orrery","Sozu"],"picked":"Runic Pyramid"}],"items_purged_floors":[13,20],"is_endless":false,"potions_floor_spawned":[1,6,10,11,12,14,18],"killed_by":"2 Thieves","ascension_level":1}