{"gold_per_floor":[109,109,128,2,2,37,37,37,63,63,78,78,78,99,99,190,190,203,227,62,78,92,92,135,151,220,220,220,220,239,256,256,334,334,344,98,111,126,106,106,119,119,119,119,133,133,148,21,21,21],"floor_reached":51,"playtime":3694,"items_purged":["Strike_B"],"score":1256,"play_id":"46e9668f-cc78-4823-b2c4-ffff1b38bded","local_time":"20190110181353","is_ascension_mode":true,"campfire_choices":[{"data":"Defragment","floor":8.0,"key":"SMITH"},{"data":"Capacitor","floor":13.0,"key":"SMITH"},{"data":"Zap","floor":15.0,"key":"SMITH"},{"data":"Chill","floor":23,"key":"SMITH"},{"data":"Echo Form","floor":29,"key":"SMITH"},{"data":"Dualcast","floor":32,"key":"SMITH"},{"data":"Buffer","floor":40,"key":"SMITH"},{"data":"Leap","floor":42,"key":"SMITH"},{"data":"Glacier","floor":44,"key":"SMITH"},{"data":"Defend_B","floor":46,"key":"SMITH"},{"data":"Leap","floor":49,"key":"SMITH"}],"neow_cost":"NONE","seed_source_timestamp":0,"circlet_count":0,"master_deck":["AscendersBane","Defend_B","Defend_B","Defend_B","Defend_B+1","Zap+1","Dualcast+1","Defragment+1","Glacier+1","Ball Lightning","Capacitor+1","Core Surge","Echo Form+1","Self Repair","Chill+1","Self Repair","Leap+1","Chill","Compile Driver","Core Surge","Force Field","Electrodynamics","Ball Lightning+1","Barrage+1","Buffer+1","FTL+1","Go for the Eyes+1","Barrage+1","Cold Snap+1","Cold Snap+1","Double Energy+1","Mind Blast+1","Leap+1"],"special_seed":0,"relics":["Cracked Core","NeowsBlessing","Regal Pillow","DataDisk","Shuriken","Bloody Idol","Nuclear Battery","Kunai","Molten Egg 2","Inserter","Vajra","Frozen Egg 2"],"potions_floor_usage":[24,24,33,35,50,50,50],"damage_taken":[{"damage":0.0,"enemies":"Jaw Worm","floor":1.0,"turns":1.0},{"damage":0.0,"enemies":"Cultist","floor":3.0,"turns":1.0},{"damage":0.0,"enemies":"3 Sentries","floor":6.0,"turns":1.0},{"damage":0.0,"enemies":"2 Louse","floor":11.0,"turns":2.0},{"damage":13.0,"enemies":"Blue Slaver","floor":14.0,"turns":4.0},{"damage":28.0,"enemies":"Hexaghost","floor":16.0,"turns":9.0},{"damage":0,"enemies":"Spheric Guardian","floor":18,"turns":6},{"damage":3,"enemies":"Chosen","floor":19,"turns":5},{"damage":5,"enemies":"Snecko","floor":21,"turns":5},{"damage":5,"enemies":"Centurion and Healer","floor":22,"turns":9},{"damage":53,"enemies":"Gremlin Leader","floor":24,"turns":7},{"damage":17,"enemies":"Snake Plant","floor":25,"turns":9},{"damage":42,"enemies":"Cultist and Chosen","floor":30,"turns":10},{"damage":8,"enemies":"Centurion and Healer","floor":31,"turns":11},{"damage":23,"enemies":"Champ","floor":33,"turns":9},{"damage":53,"enemies":"3 Darklings","floor":35,"turns":5},{"damage":1,"enemies":"Orb Walker","floor":37,"turns":4},{"damage":6,"enemies":"Maw","floor":38,"turns":8},{"damage":0,"enemies":"Sphere and 2 Shapes","floor":41,"turns":7},{"damage":0,"enemies":"3 Darklings","floor":45,"turns":7},{"damage":0,"enemies":"Writhing Mass","floor":47,"turns":10},{"damage":49,"enemies":"Awakened One","floor":50,"turns":12}],"seed_played":"-1295897294128849736","potions_obtained":[{"floor":1.0,"key":"Fire Potion"},{"floor":2.0,"key":"Swift Potion"},{"floor":2.0,"key":"Fruit Juice"},{"floor":11.0,"key":"Fire Potion"},{"floor":16.0,"key":"FocusPotion"},{"floor":21,"key":"FocusPotion"},{"floor":30,"key":"PowerPotion"},{"floor":31,"key":"LiquidBronze"},{"floor":33,"key":"EssenceOfSteel"},{"floor":35,"key":"SteroidPotion"},{"floor":39,"key":"EntropicBrew"}],"is_trial":false,"path_per_floor":["M","?","M","$","?","E","?","R","T","T","M","?","R","M","R","B",null,"M","M","$","M","M","R","E","M","T","?","?","R","M","M","R","B",null,"M","$","M","M","?","R","M","R","T","R","M","R","M","$","R","B",null],"character_chosen":"DEFECT","items_purchased":["Ball Lightning","Chill","Self Repair","FTL+1","Vajra","Mind Blast+1","Leap"],"campfire_rested":0,"item_purchase_floors":[4,20,20,36,36,48,48],"current_hp_per_floor":[64,69,69,69,69,69,74,74,74,74,74,73,73,60,60,32,63,63,60,60,62,73,73,34,45,45,45,45,45,36,61,61,64,71,23,23,41,61,61,61,73,73,73,73,73,73,73,73,73,24],"gold":21,"neow_bonus":"THREE_ENEMY_KILL","is_prod":false,"is_daily":false,"chose_seed":false,"campfire_upgraded":11,"win_rate":0,"timestamp":1547140433,"path_taken":["M","?","?","$","?","E","?","R","T","?","M","?","R","M","R","BOSS","M","M","$","M","M","R","E","M","T","?","?","R","M","M","R","BOSS","M","$","M","M","?","R","M","R","T","R","?","R","M","$","R","BOSS"],"build_version":"2019-01-03v4","purchased_purges":1,"victory":true,"max_hp_per_floor":[71,76,76,76,76,76,81,81,81,81,81,73,73,73,73,73,73,73,73,73,73,73,73,73,73,73,73,73,73,73,73,73,73,73,73,73,73,73,73,73,73,73,73,73,73,73,73,73,73,73],"card_choices":[{"not_picked":["Lockon","Coolheaded"],"picked":"Defragment","floor":1.0},{"not_picked":["Heatsinks","Sweeping Beam"],"picked":"Glacier","floor":3.0},{"not_picked":["Turbo","Scrape","Rebound"],"picked":"SKIP","floor":6.0},{"not_picked":["Tempest","Heatsinks"],"picked":"Capacitor","floor":11.0},{"not_picked":["Hello World","Conserve Battery"],"picked":"Core Surge","floor":14.0},{"not_picked":["Machine Learning","Amplify"],"picked":"Echo Form","floor":16.0},{"not_picked":["Stack","Melter","Steam"],"picked":"SKIP","floor":18},{"not_picked":["Double Energy","Steam"],"picked":"Self Repair","floor":19},{"not_picked":["Blizzard","Auto Shields"],"picked":"Leap","floor":21},{"not_picked":["Sweeping Beam","Hologram"],"picked":"Chill","floor":22},{"not_picked":["Ball Lightning","Skim"],"picked":"Compile Driver","floor":24},{"not_picked":["Leap","Beam Cell"],"picked":"Core Surge","floor":25},{"not_picked":["Redo","Steam"],"picked":"Ball Lightning+1","floor":30},{"not_picked":["Streamline+1","Tempest"],"picked":"Barrage+1","floor":31},{"not_picked":["Biased Cognition","Rainbow"],"picked":"Buffer","floor":33},{"not_picked":["Darkness+1","Undo","Hologram"],"picked":"SKIP","floor":35},{"not_picked":["Recycle+1","Hello World+1"],"picked":"Go for the Eyes+1","floor":37},{"not_picked":["Sweeping Beam+1","Streamline+1"],"picked":"Barrage+1","floor":38},{"not_picked":["Leap","Genetic Algorithm"],"picked":"Cold Snap+1","floor":41},{"not_picked":["Ball Lightning+1","Gash+1"],"picked":"Cold Snap+1","floor":45},{"not_picked":["Fission","Hologram+1"],"picked":"Double Energy+1","floor":47}],"player_experience":503023,"relics_obtained":[{"floor":6.0,"key":"Regal Pillow"},{"floor":9.0,"key":"DataDisk"},{"floor":10.0,"key":"Shuriken"},{"floor":24,"key":"Kunai"},{"floor":26,"key":"Molten Egg 2"},{"floor":43,"key":"Frozen Egg 2"}],"event_choices":[{"damage_healed":0.0,"max_hp_gain":0.0,"max_hp_loss":0.0,"gold_gain":0.0,"event_name":"Lab","player_choice":"Got Potions","floor":2.0,"gold_loss":0.0,"damage_taken":0.0},{"cards_removed":["Strike_B"],"damage_healed":0.0,"max_hp_gain":0.0,"max_hp_loss":0.0,"gold_gain":0.0,"event_name":"Living Wall","player_choice":"Forget","floor":5.0,"gold_loss":0.0,"damage_taken":0.0},{"damage_healed":0.0,"max_hp_gain":5.0,"max_hp_loss":0.0,"gold_gain":0.0,"event_name":"Big Fish","player_choice":"Donut","floor":7.0,"gold_loss":0.0,"damage_taken":0.0},{"damage_healed":0.0,"max_hp_gain":0.0,"max_hp_loss":8.0,"gold_gain":0.0,"event_name":"Golden Idol","player_choice":"Lose Max HP","floor":12.0,"gold_loss":0.0,"damage_taken":0.0,"relics_obtained":["Golden Idol"]},{"damage_healed":0,"gold_gain":0,"cards_transformed":["Strike_B","Strike_B"],"player_choice":"Became Test Subject","damage_taken":0,"max_hp_gain":0,"max_hp_loss":0,"event_name":"Drug Dealer","floor":27,"gold_loss":0,"cards_obtained":["Force Field","Electrodynamics"]},{"damage_healed":0,"gold_gain":0,"player_choice":"Gave Idol","damage_taken":0,"relics_obtained":["Bloody Idol"],"max_hp_gain":0,"max_hp_loss":0,"event_name":"Forgotten Altar","floor":28,"relics_lost":["Golden Idol"],"gold_loss":0},{"damage_healed":0,"gold_gain":0,"player_choice":"Bought 1 Potion","damage_taken":0,"max_hp_gain":0,"max_hp_loss":0,"event_name":"The Woman in Blue","floor":39,"gold_loss":0}],"is_beta":false,"boss_relics":[{"not_picked":["Astrolabe","Coffee Dripper"],"picked":"Nuclear Battery"},{"not_picked":["White Beast Statue","Orrery"],"picked":"Inserter"}],"items_purged_floors":[4],"is_endless":false,"potions_floor_spawned":[1,11,16,21,22,30,31,33,35,41],"ascension_level":19}