{"gold_per_floor":[113,113,124,140,36,36,49,49,49,64,64,96,112,131,131,205,205,219,219,82,135,152,152,177,192,192,192,192,211,211,227,227,304,304,315,315,339,353,218,218,236,236,282,282,301,316,316,37,37,37],"floor_reached":50,"playtime":4693,"items_purged":["Defend_G","Strike_G"],"score":928,"play_id":"f7e0d12f-d115-4a6f-84db-cc3855b35230","local_time":"20190220184838","is_ascension_mode":true,"campfire_choices":[{"data":"Neutralize","floor":6.0,"key":"SMITH"},{"floor":8.0,"key":"DIG"},{"floor":11.0,"key":"DIG"},{"floor":15.0,"key":"DIG"},{"floor":23.0,"key":"REST"},{"floor":28.0,"key":"DIG"},{"floor":30.0,"key":"DIG"},{"floor":32.0,"key":"DIG"},{"floor":40,"key":"REST"},{"floor":42,"key":"REST"},{"floor":44,"key":"DIG"},{"floor":49,"key":"REST"}],"neow_cost":"TEN_PERCENT_HP_LOSS","seed_source_timestamp":0,"circlet_count":0,"master_deck":["AscendersBane","Defend_G+1","Defend_G+1","Defend_G+1","Strike_G+1","Strike_G+1","Strike_G+1","Survivor","Neutralize+1","Backstab+1","Well Laid Plans","Malaise","Cloak And Dagger","Dash+1","Poisoned Stab+1","Dagger Spray+1","Venomology","Malaise","Backstab+1","PiercingWail","Cloak And Dagger","Predator+1","Dodge and Roll","Backflip+1","Burst","Flying Knee+1","Trip","Slice+1","Noxious Fumes","Cloak And Dagger"],"special_seed":0,"relics":["Ring of the Snake","Shovel","Molten Egg 2","Oddly Smooth Stone","Centennial Puzzle","Bottled Flame","Philosopher\u0027s Stone","Nloth\u0027s Gift","Potion Belt","Dead Branch","Happy Flower","Mango","Darkstone Periapt","Juzu Bracelet","Empty Cage","Bag of Preparation","Whetstone","Kunai"],"potions_floor_usage":[35,41,45,46,50,50,50],"damage_taken":[{"damage":6.0,"enemies":"Cultist","floor":1.0,"turns":4.0},{"damage":0.0,"enemies":"Small Slimes","floor":3.0,"turns":4.0},{"damage":1.0,"enemies":"Jaw Worm","floor":4.0,"turns":4.0},{"damage":11.0,"enemies":"Large Slime","floor":7.0,"turns":8.0},{"damage":3.0,"enemies":"Exordium Thugs","floor":10.0,"turns":6.0},{"damage":15.0,"enemies":"Gremlin Nob","floor":12.0,"turns":4.0},{"damage":0.0,"enemies":"Looter","floor":13.0,"turns":3.0},{"damage":0.0,"enemies":"Blue Slaver","floor":14.0,"turns":3.0},{"damage":18.0,"enemies":"The Guardian","floor":16.0,"turns":13.0},{"damage":4.0,"enemies":"Chosen","floor":18.0,"turns":8.0},{"damage":7.0,"enemies":"Shell Parasite","floor":22.0,"turns":6.0},{"damage":8.0,"enemies":"Book of Stabbing","floor":24.0,"turns":9.0},{"damage":0.0,"enemies":"3 Cultists","floor":25.0,"turns":4.0},{"damage":0.0,"enemies":"Snecko","floor":29.0,"turns":5.0},{"damage":0.0,"enemies":"Centurion and Healer","floor":31.0,"turns":3.0},{"damage":59.0,"enemies":"Champ","floor":33.0,"turns":20.0},{"damage":51,"enemies":"3 Darklings","floor":35,"turns":12},{"damage":0,"enemies":"Orb Walker","floor":38,"turns":2},{"damage":25,"enemies":"Spire Growth","floor":41,"turns":5},{"damage":0,"enemies":"Writhing Mass","floor":45,"turns":8},{"damage":10,"enemies":"Maw","floor":46,"turns":8},{"damage":51,"enemies":"Donu and Deca","floor":50,"turns":9}],"seed_played":"3704180787350962372","potions_obtained":[{"floor":1.0,"key":"AttackPotion"},{"floor":7.0,"key":"FearPotion"},{"floor":12.0,"key":"Swift Potion"},{"floor":13.0,"key":"Swift Potion"},{"floor":22.0,"key":"Dexterity Potion"},{"floor":33.0,"key":"SpeedPotion"},{"floor":35,"key":"Swift Potion"},{"floor":41,"key":"GamblersBrew"},{"floor":46,"key":"Block Potion"}],"is_trial":false,"path_per_floor":["M","?","M","M","$","R","M","R","T","M","R","E","M","M","R","B",null,"M","?","$","T","M","R","E","M","T","?","R","M","R","M","R","B",null,"M","?","T","M","$","R","M","R","T","R","M","M","?","$","R","B"],"character_chosen":"THE_SILENT","items_purchased":["Cloak And Dagger","Backstab+1","Noxious Fumes","Cloak And Dagger","Kunai"],"campfire_rested":4,"item_purchase_floors":[5,20,39,39,48],"current_hp_per_floor":[53,53,53,52,52,52,41,41,41,38,38,23,23,23,23,5,46,42,42,42,42,35,53,45,45,45,45,59,59,59,59,59,15,59,8,8,8,8,8,30,5,27,27,27,27,17,17,17,39,0],"gold":37,"neow_bonus":"ONE_RARE_RELIC","is_prod":false,"is_daily":false,"chose_seed":false,"campfire_upgraded":1,"win_rate":0,"timestamp":1550684918,"path_taken":["M","?","M","M","?","R","M","R","T","M","R","E","M","M","R","BOSS","M","?","$","?","?","R","E","M","T","?","R","M","R","M","R","BOSS","M","?","?","M","$","R","M","R","T","R","M","M","?","$","R","BOSS"],"build_version":"2019-01-23","purchased_purges":2,"victory":false,"max_hp_per_floor":[60,60,60,60,60,60,60,60,60,60,60,60,60,60,60,60,60,60,60,60,60,60,60,60,60,60,60,74,74,74,74,74,74,74,74,74,74,74,74,74,74,74,74,74,74,74,74,74,74,74],"card_choices":[{"not_picked":["Concentrate","Dagger Spray"],"picked":"Backstab","floor":1.0},{"not_picked":["Deadly Poison","Finisher","Dagger Throw"],"picked":"SKIP","floor":3.0},{"not_picked":["Deadly Poison","Finisher","Dagger Throw"],"picked":"SKIP","floor":3.0},{"not_picked":["Flechettes","Distraction","Acrobatics"],"picked":"SKIP","floor":4.0},{"not_picked":["Prepared","Slice"],"picked":"Dash","floor":7.0},{"not_picked":["Prepared","Bane+1","Reflex"],"picked":"SKIP","floor":10.0},{"not_picked":["Underhanded Strike+1","Reflex"],"picked":"Poisoned Stab+1","floor":12.0},{"not_picked":["All Out Attack+1","Concentrate"],"picked":"Dagger Spray+1","floor":13.0},{"not_picked":["Sucker Punch+1","Backflip"],"picked":"Venomology","floor":14.0},{"not_picked":["Wraith Form v2","Doppelganger"],"picked":"Malaise","floor":16.0},{"not_picked":["Deflect","Endless Agony+1","Accuracy"],"picked":"SKIP","floor":18.0},{"not_picked":["Flying Knee+1","Skewer+1"],"picked":"PiercingWail","floor":22.0},{"not_picked":["Dagger Spray+1","Prepared"],"picked":"Cloak And Dagger","floor":24.0},{"not_picked":["Quick Slash+1","Outmaneuver"],"picked":"Predator+1","floor":25.0},{"not_picked":["PiercingWail","Prepared"],"picked":"Dodge and Roll","floor":29.0},{"not_picked":["Concentrate","Prepared"],"picked":"Backflip+1","floor":31.0},{"not_picked":["Phantasmal Killer","Wraith Form v2"],"picked":"Burst","floor":33.0},{"not_picked":["Dagger Spray+1","Setup"],"picked":"Flying Knee+1","floor":35},{"not_picked":["Madness","PanicButton"],"picked":"Trip","floor":36},{"not_picked":["Flechettes+1","Backflip"],"picked":"Slice+1","floor":38},{"not_picked":["Sucker Punch+1","Prepared+1","Cloak And Dagger"],"picked":"SKIP","floor":41},{"not_picked":["Deflect","Cloak And Dagger","Prepared"],"picked":"SKIP","floor":45},{"not_picked":["Expertise","Quick Slash+1","Choke+1"],"picked":"SKIP","floor":46}],"player_experience":604263,"relics_obtained":[{"floor":8.0,"key":"Molten Egg 2"},{"floor":9.0,"key":"Oddly Smooth Stone"},{"floor":11.0,"key":"Centennial Puzzle"},{"floor":12.0,"key":"Calipers"},{"floor":15.0,"key":"Bottled Flame"},{"floor":21.0,"key":"Potion Belt"},{"floor":24.0,"key":"Dead Branch"},{"floor":26.0,"key":"Happy Flower"},{"floor":28.0,"key":"Mango"},{"floor":30.0,"key":"Darkstone Periapt"},{"floor":32.0,"key":"Juzu Bracelet"},{"floor":43,"key":"Bag of Preparation"},{"floor":44,"key":"Whetstone"}],"event_choices":[{"damage_healed":0.0,"max_hp_gain":0.0,"max_hp_loss":0.0,"gold_gain":0.0,"event_name":"Match and Keep!","player_choice":"2 cards matched","floor":2.0,"gold_loss":0.0,"damage_taken":0.0,"cards_obtained":["Well Laid Plans","Malaise"]},{"damage_healed":0.0,"max_hp_gain":0.0,"max_hp_loss":0.0,"gold_gain":0.0,"event_name":"N\u0027loth","player_choice":"Traded Relic","floor":19.0,"relics_lost":["Calipers"],"gold_loss":0.0,"damage_taken":0.0,"relics_obtained":["Nloth\u0027s Gift"]},{"damage_healed":0.0,"max_hp_gain":0.0,"max_hp_loss":0.0,"gold_gain":0.0,"event_name":"Back to Basics","player_choice":"Simplicity","floor":27.0,"gold_loss":0.0,"damage_taken":0.0,"cards_upgraded":["Defend_G","Defend_G","Defend_G","Defend_G","Strike_G","Strike_G","Strike_G","Strike_G"]},{"damage_healed":0,"gold_gain":0,"player_choice":"Memory 1","damage_taken":0,"max_hp_gain":0,"max_hp_loss":0,"event_name":"SensoryStone","floor":36,"gold_loss":0},{"damage_healed":0,"gold_gain":0,"player_choice":"Ignored","damage_taken":0,"max_hp_gain":0,"max_hp_loss":0,"event_name":"Mysterious Sphere","floor":47,"gold_loss":0}],"is_beta":false,"boss_relics":[{"not_picked":["Pandora\u0027s Box","Runic Pyramid"],"picked":"Philosopher\u0027s Stone"},{"not_picked":["Coffee Dripper","Lizard Tail"],"picked":"Empty Cage"}],"items_purged_floors":[5,20],"is_endless":false,"potions_floor_spawned":[1,7,12,13,22,25,33,35,41,46],"killed_by":"Donu and Deca","ascension_level":20}