{"path_per_floor":["M","M","M","M","M","R","E","R","T","R","M","?","?","M","R","B",null,"M","M","$","?","$","R","M"],"character_chosen":"IRONCLAD","items_purchased":["Body Slam","Medical Kit"],"gold_per_floor":[117,127,141,155,167,167,198,198,244,244,263,263,263,281,281,406,406,427,441,104,4,4,4,29],"floor_reached":25,"campfire_rested":1,"playtime":1932,"current_hp_per_floor":[80,80,80,80,77,77,64,64,64,64,63,43,27,30,69,36,80,59,45,45,45,45,45,15],"items_purged":["Strike_R"],"gold":29,"play_id":"89a830ab-99b4-4471-b326-f428613cc812","is_prod":false,"is_daily":false,"is_ascension_mode":false,"campfire_upgraded":4,"path_taken":["M","M","M","M","M","R","E","R","T","R","M","?","?","M","R","BOSS","M","M","$","?","?","R","M","?"],"build_version":"2018-02-01-PROD3","purchased_purges":1,"victory":false,"master_deck":["Strike_R","Strike_R+1","Strike_R","Strike_R","Defend_R","Defend_R","Defend_R+1","Defend_R","Bash","Metallicize","Pommel Strike+1","Iron Wave+1","Iron Wave","Iron Wave","Flex+1","Sword Boomerang","Pummel","Barricade+1","Twin Strike+1","Shrug It Off","Body Slam","J.A.X.","Sword Boomerang"],"max_hp_per_floor":[80,80,80,80,80,80,80,80,80,80,80,80,80,80,80,80,80,80,80,80,80,80,80,80],"relics":["Burning Blood","Oddly Smooth Stone","Regal Pillow","Golden Idol","Philosopher\u0027s Stone","Medical Kit"],"card_choices":[{"not_picked":["Heavy Blade","Sword Boomerang"],"picked":"Metallicize"},{"not_picked":["True Grit","Anger"],"picked":"Pommel Strike"},{"not_picked":["Dropkick","Power Through"],"picked":"Iron Wave"},{"not_picked":["Clash","Perfected Strike"],"picked":"Iron Wave"},{"not_picked":["Sever Soul","Armaments"],"picked":"Iron Wave"},{"not_picked":["Anger","Brutality"],"picked":"Flex"},{"not_picked":["Rupture","Clothesline"],"picked":"Sword Boomerang"},{"not_picked":["Clothesline","Power Through"],"picked":"Pummel"},{"not_picked":["Reaper","Demon Form"],"picked":"Barricade"},{"not_picked":["Warcry","Clothesline"],"picked":"Twin Strike"},{"not_picked":["Heavy Blade","Headbutt"],"picked":"Shrug It Off"},{"not_picked":["Disarm","Sever Soul"],"picked":"Sword Boomerang"}],"player_experience":14963,"potions_floor_usage":[16],"damage_taken":[{"damage":0,"enemies":"Small Slimes","floor":1,"turns":3},{"damage":6,"enemies":"Blue Slaver","floor":2,"turns":6},{"damage":5,"enemies":"2 Louse","floor":3,"turns":3},{"damage":0,"enemies":"Large Slime","floor":4,"turns":5},{"damage":9,"enemies":"Exordium Wildlife","floor":5,"turns":6},{"damage":19,"enemies":"3 Sentries","floor":7,"turns":10},{"damage":7,"enemies":"Exordium Thugs","floor":11,"turns":4},{"damage":3,"enemies":"2 Fungi Beasts","floor":14,"turns":3},{"damage":39,"enemies":"Hexaghost","floor":16,"turns":9},{"damage":27,"enemies":"Spheric Guardian","floor":18,"turns":6},{"damage":20,"enemies":"3 Byrds","floor":19,"turns":5},{"damage":36,"enemies":"Snake Plant","floor":24,"turns":5},{"damage":19,"enemies":"Sentry and Sphere","floor":25,"turns":3}],"event_choices":[{"event_name":"Golden Idol","player_choice":"Take Damage","floor":12,"damage_taken":0},{"event_name":"Shining Light","player_choice":"Entered Light","floor":13,"damage_taken":0},{"event_name":"Drug Dealer","player_choice":"Got JAXXED","floor":21,"damage_taken":0}],"boss_relics":[{"not_picked":["Eternal Feather","Snecko Eye"],"picked":"Philosopher\u0027s Stone"}],"potions_floor_spawned":[2,4,14,16,19],"seed_played":"3679314957560798259","killed_by":"Sentry and Sphere","ascension_level":0,"is_trial":false}