{"gold_per_floor":[110,110,110,135,20,54,54,89,89,109,128,128,128,152,152,271,271,291,312,312,328,4,4,24,24,24,45,60,60,60,91,91,222,222,235,249,274,19,34,78,78,4,85,8,51,51,51,75,75,75,75,75,25,58,58],"floor_reached":56,"playtime":3604,"items_purged":["Strike_B"],"score":1308,"play_id":"1c97647c-a39a-4ed2-8fa6-9b59daaa01cc","local_time":"20190822221921","is_ascension_mode":true,"campfire_choices":[{"data":"Chill","floor":7,"key":"SMITH"},{"floor":12,"key":"DIG"},{"floor":15,"key":"DIG"},{"floor":23,"key":"DIG"},{"floor":25,"key":"DIG"},{"floor":30,"key":"DIG"},{"floor":32,"key":"REST"},{"data":"Defragment","floor":41,"key":"SMITH"},{"data":"Reboot","floor":46,"key":"SMITH"},{"floor":49,"key":"RECALL"},{"data":"Capacitor","floor":52,"key":"SMITH"}],"neow_cost":"NONE","seed_source_timestamp":449065713108925,"circlet_count":0,"master_deck":["Defend_B","Defend_B","Defend_B","Defend_B","Zap","Dualcast","Hologram","Ball Lightning","Chill+1","BootSequence","Biased Cognition","Coolheaded","Electrodynamics","Cold Snap","Multi-Cast","Capacitor+1","Reboot+1","Rainbow","Redo+1","BootSequence+1","Self Repair","Defragment+1","Machine Learning","Turbo","Defragment+1","Defragment+1","Parasite","White Noise"],"relics":["Cracked Core","NeowsBlessing","Golden Idol","Dead Branch","Shovel","Turnip","Bronze Scales","Meat on the Bone","Empty Cage","Bottled Lightning","Happy Flower","Bottled Tornado","Thread and Needle","Busted Crown","Art of War","Frozen Egg 2","Darkstone Periapt","Letter Opener","Incense Burner"],"potions_floor_usage":[16,16,31,33,40,55,55,55],"damage_taken":[{"damage":0,"enemies":"2 Louse","floor":1,"turns":1},{"damage":0,"enemies":"Small Slimes","floor":4,"turns":1},{"damage":0,"enemies":"Lagavulin","floor":6,"turns":1},{"damage":3,"enemies":"3 Sentries","floor":8,"turns":8},{"damage":0,"enemies":"Cultist","floor":10,"turns":3},{"damage":0,"enemies":"3 Louse","floor":11,"turns":3},{"damage":0,"enemies":"Lots of Slimes","floor":14,"turns":2},{"damage":5,"enemies":"Slime Boss","floor":16,"turns":7},{"damage":0,"enemies":"2 Thieves","floor":18,"turns":3},{"damage":4,"enemies":"Spheric Guardian","floor":19,"turns":4},{"damage":6,"enemies":"Centurion and Healer","floor":21,"turns":3},{"damage":20,"enemies":"Snake Plant","floor":24,"turns":4},{"damage":0,"enemies":"Chosen and Byrds","floor":27,"turns":4},{"damage":3,"enemies":"Cultist and Chosen","floor":28,"turns":5},{"damage":21,"enemies":"Gremlin Leader","floor":31,"turns":6},{"damage":10,"enemies":"Automaton","floor":33,"turns":6},{"damage":0,"enemies":"Orb Walker","floor":35,"turns":4},{"damage":15,"enemies":"3 Darklings","floor":36,"turns":3},{"damage":0,"enemies":"Transient","floor":37,"turns":5},{"damage":3,"enemies":"Maw","floor":39,"turns":8},{"damage":49,"enemies":"Giant Head","floor":40,"turns":11},{"damage":4,"enemies":"Reptomancer","floor":45,"turns":4},{"damage":25,"enemies":"Writhing Mass","floor":48,"turns":5},{"damage":20,"enemies":"Time Eater","floor":50,"turns":8},{"damage":11,"enemies":"Shield and Spear","floor":54,"turns":4},{"damage":44,"enemies":"The Heart","floor":55,"turns":8}],"seed_played":"8776692004933709491","potions_obtained":[{"floor":8,"key":"Block Potion"},{"floor":13,"key":"Energy Potion"},{"floor":13,"key":"FocusPotion"},{"floor":13,"key":"Swift Potion"},{"floor":16,"key":"LiquidBronze"},{"floor":19,"key":"Ancient Potion"},{"floor":21,"key":"EssenceOfSteel"},{"floor":28,"key":"FocusPotion"},{"floor":36,"key":"SkillPotion"},{"floor":37,"key":"Block Potion"},{"floor":48,"key":"PowerPotion"}],"is_trial":false,"path_per_floor":["M","?","?","M","$","E","R","E","T","M","M","R","?","M","R","B",null,"M","M","?","M","$","R","M","R","T","M","M","$","R","E","R","B",null,"M","M","M","$","M","E","R","$","T","$","E","R","?","M","R","B",null,"R","$","E","B",null],"character_chosen":"DEFECT","items_purchased":["Chill","BootSequence","Capacitor","Reboot","Rainbow","Defragment","Art of War","Defragment+1","Regen Potion","PowerPotion"],"campfire_rested":1,"item_purchase_floors":[5,5,22,22,22,38,38,42,44,53],"current_hp_per_floor":[75,80,60,60,60,60,60,57,57,57,57,57,57,57,57,52,80,80,76,68,62,62,62,42,42,42,42,51,51,51,42,66,56,80,80,65,72,72,76,46,46,46,46,46,49,49,49,49,49,48,86,86,86,82,50],"gold":58,"neow_bonus":"THREE_ENEMY_KILL","is_prod":false,"is_daily":false,"chose_seed":false,"campfire_upgraded":4,"win_rate":0,"timestamp":1566505161,"path_taken":["M","?","?","M","$","E","R","E","T","M","M","R","?","M","R","BOSS","M","?","?","M","$","R","M","R","T","M","M","$","R","E","R","BOSS","M","M","M","?","?","E","R","?","T","?","E","R","?","M","R","BOSS","R","$","E","BOSS"],"build_version":"2019-07-17","purchased_purges":1,"victory":true,"max_hp_per_floor":[75,80,80,80,80,80,80,80,80,80,80,80,80,80,80,80,80,80,80,80,80,80,80,80,80,80,80,80,80,80,80,80,80,80,80,80,80,80,80,80,80,80,80,80,80,80,80,86,86,86,86,86,86,86,86],"card_choices":[{"not_picked":["Leap","Gash"],"picked":"Hologram","floor":1},{"not_picked":["Beam Cell","Sweeping Beam"],"picked":"Ball Lightning","floor":4},{"not_picked":["Hologram","Ball Lightning"],"picked":"Biased Cognition","floor":6},{"not_picked":["Lockon","Beam Cell"],"picked":"Coolheaded","floor":8},{"not_picked":["Gash","Coolheaded","Sunder"],"picked":"SKIP","floor":10},{"not_picked":["Doom and Gloom","Rebound","Ball Lightning"],"picked":"SKIP","floor":11},{"not_picked":["Redo","Go for the Eyes","Stack"],"picked":"SKIP","floor":14},{"not_picked":["Rainbow","Multi-Cast"],"picked":"Electrodynamics","floor":16},{"not_picked":["Go for the Eyes","Conserve Battery+1","Redo"],"picked":"SKIP","floor":18},{"not_picked":["Coolheaded+1","Gash+1"],"picked":"Cold Snap","floor":19},{"not_picked":["Aggregate","Redo"],"picked":"Multi-Cast","floor":21},{"not_picked":["Capacitor","Beam Cell+1"],"picked":"Redo+1","floor":24},{"not_picked":["Leap","Rebound"],"picked":"BootSequence+1","floor":27},{"not_picked":["Coolheaded","Cold Snap"],"picked":"Self Repair","floor":28},{"not_picked":["Hologram+1","Cold Snap"],"picked":"Defragment+1","floor":31},{"not_picked":["Thunder Strike","Electrodynamics"],"picked":"Machine Learning","floor":33},{"not_picked":[],"picked":"Turbo","floor":35},{"not_picked":["Conserve Battery+1"],"picked":"SKIP","floor":36},{"not_picked":["Coolheaded"],"picked":"SKIP","floor":37},{"not_picked":["Leap"],"picked":"SKIP","floor":39},{"not_picked":["Gash+1"],"picked":"SKIP","floor":40},{"not_picked":["Leap+1"],"picked":"SKIP","floor":45},{"not_picked":["Hologram+1"],"picked":"SKIP","floor":48},{"not_picked":[],"picked":"White Noise","floor":54}],"player_experience":226958,"relics_obtained":[{"floor":6,"key":"Dead Branch"},{"floor":8,"key":"Shovel"},{"floor":9,"key":"Turnip"},{"floor":12,"key":"Bronze Scales"},{"floor":15,"key":"Meat on the Bone"},{"floor":23,"key":"Bottled Lightning"},{"floor":25,"key":"Happy Flower"},{"floor":30,"key":"Bottled Tornado"},{"floor":31,"key":"Thread and Needle"},{"floor":40,"key":"Frozen Egg 2"},{"floor":43,"key":"Darkstone Periapt"},{"floor":45,"key":"Letter Opener"},{"floor":54,"key":"Incense Burner"}],"event_choices":[{"damage_healed":0,"gold_gain":0,"player_choice":"Donut","damage_taken":0,"max_hp_gain":5,"max_hp_loss":0,"event_name":"Big Fish","floor":2,"gold_loss":0},{"damage_healed":0,"gold_gain":0,"player_choice":"Take Damage","damage_taken":20,"relics_obtained":["Golden Idol"],"max_hp_gain":0,"max_hp_loss":0,"event_name":"Golden Idol","floor":3,"gold_loss":0},{"damage_healed":0,"gold_gain":0,"player_choice":"Got Potions","damage_taken":0,"max_hp_gain":0,"max_hp_loss":0,"event_name":"Lab","floor":13,"gold_loss":0},{"damage_healed":0,"gold_gain":0,"player_choice":"Damaged","damage_taken":8,"max_hp_gain":0,"max_hp_loss":0,"event_name":"Wheel of Change","floor":20,"gold_loss":0},{"cards_removed":["Strike_B"],"damage_healed":0,"gold_gain":0,"player_choice":"Purged","damage_taken":0,"max_hp_gain":0,"max_hp_loss":0,"event_name":"Purifier","floor":47,"gold_loss":0}],"is_beta":false,"boss_relics":[{"not_picked":["Snecko Eye","Runic Dome"],"picked":"Empty Cage"},{"not_picked":["Black Star","Eternal Feather"],"picked":"Busted Crown"}],"items_purged_floors":[38],"is_endless":false,"potions_floor_spawned":[8,16,19,21,28,36,37,45,48],"ascension_level":2}