{"gold_per_floor":[115,125,139,159,159,159,189,205,256,256,266,299,299,315,315,415,415,355,355,355,118,118,118,118,118,118,118,118,118,118,118,118,118,118,118,118,118,118,118,118,118,118,118,28,28,28,28,28,28,28],"floor_reached":51,"playtime":3521,"items_purged":["Strike_R"],"score":1205,"play_id":"7ef3513e-082e-47d4-b8d8-98ff9493ea58","local_time":"20191009175226","is_ascension_mode":true,"campfire_choices":[{"data":"Bash","floor":6,"key":"SMITH"},{"data":"Clothesline","floor":10,"key":"SMITH"},{"data":"Armaments","floor":13,"key":"SMITH"},{"data":"Demon Form","floor":15,"key":"SMITH"},{"data":"Offering","floor":23,"key":"SMITH"},{"data":"Metallicize","floor":27,"key":"SMITH"},{"data":"Limit Break","floor":30,"key":"SMITH"},{"data":"Heavy Blade","floor":32,"key":"SMITH"},{"data":"Offering","floor":41,"key":"SMITH"},{"floor":45,"key":"REST"},{"data":"Battle Trance","floor":47,"key":"SMITH"},{"floor":49,"key":"REST"}],"neow_cost":"NONE","seed_source_timestamp":1487274833060,"circlet_count":0,"master_deck":["AscendersBane","Defend_R","Defend_R","Defend_R+1","Bash+1","Clothesline+1","Metallicize+1","Armaments+1","Cleave","Demon Form+1","Shrug It Off","Battle Trance+1","Heavy Blade+1","Offering+1","Limit Break+1","Ghostly Armor+1","Rupture+1","Combust+1","Offering+1","Pummel+1"],"relics":["Burning Blood","Self Forming Clay","Happy Flower","Singing Bowl","Ectoplasm","Strawberry","Frozen Egg 2","Dodecahedron","Sozu","Calipers","Red Skull","PreservedInsect","Kunai"],"potions_floor_usage":[7,42],"damage_taken":[{"damage":4,"enemies":"2 Louse","floor":1,"turns":3},{"damage":6,"enemies":"Cultist","floor":2,"turns":4},{"damage":8,"enemies":"Small Slimes","floor":3,"turns":4},{"damage":1,"enemies":"2 Fungi Beasts","floor":4,"turns":5},{"damage":15,"enemies":"Gremlin Nob","floor":7,"turns":4},{"damage":9,"enemies":"Blue Slaver","floor":8,"turns":4},{"damage":1,"enemies":"3 Louse","floor":11,"turns":4},{"damage":17,"enemies":"Lagavulin","floor":12,"turns":5},{"damage":1,"enemies":"Looter","floor":14,"turns":4},{"damage":17,"enemies":"Slime Boss","floor":16,"turns":6},{"damage":19,"enemies":"2 Thieves","floor":18,"turns":4},{"damage":1,"enemies":"Spheric Guardian","floor":20,"turns":4},{"damage":16,"enemies":"3 Cultists","floor":22,"turns":4},{"damage":19,"enemies":"Snake Plant","floor":24,"turns":3},{"damage":21,"enemies":"Book of Stabbing","floor":25,"turns":5},{"damage":8,"enemies":"Gremlin Leader","floor":28,"turns":4},{"damage":27,"enemies":"Champ","floor":33,"turns":8},{"damage":9,"enemies":"3 Shapes","floor":35,"turns":4},{"damage":8,"enemies":"3 Darklings","floor":36,"turns":3},{"damage":5,"enemies":"Mind Bloom Boss Battle","floor":39,"turns":6},{"damage":11,"enemies":"Giant Head","floor":40,"turns":6},{"damage":40,"enemies":"Nemesis","floor":42,"turns":7},{"damage":6,"enemies":"Transient","floor":46,"turns":5},{"damage":34,"enemies":"Time Eater","floor":50,"turns":6}],"seed_played":"-3946475930697942590","potions_obtained":[{"floor":2,"key":"SteroidPotion"},{"floor":8,"key":"Ancient Potion"},{"floor":14,"key":"SteroidPotion"},{"floor":16,"key":"Poison Potion"},{"floor":28,"key":"Swift Potion"}],"is_trial":false,"path_per_floor":["M","M","M","M","?","R","E","M","T","R","M","E","R","M","R","B",null,"M","?","M","$","M","R","M","E","T","R","E","?","R","?","R","B",null,"M","M","?","?","?","E","R","E","T","?","R","M","R","$","R","B",null],"character_chosen":"IRONCLAD","items_purchased":["Limit Break"],"campfire_rested":2,"item_purchase_floors":[21],"current_hp_per_floor":[82,82,80,85,78,78,69,66,66,66,71,62,62,67,67,56,82,71,71,76,76,68,68,57,49,49,49,49,84,84,84,84,63,95,94,94,94,94,97,94,94,60,60,60,93,95,95,95,115,87],"gold":28,"neow_bonus":"TEN_PERCENT_HP_BONUS","is_prod":false,"is_daily":false,"chose_seed":false,"campfire_upgraded":10,"win_rate":0,"timestamp":1570636346,"path_taken":["M","M","M","M","?","R","E","M","T","R","M","E","R","M","R","BOSS","M","?","?","$","M","R","M","E","T","R","E","?","R","?","R","BOSS","M","M","?","?","?","E","R","E","T","?","R","M","R","$","R","BOSS"],"build_version":"2019-07-17","purchased_purges":1,"victory":true,"max_hp_per_floor":[88,88,88,88,88,88,88,88,88,88,88,90,90,90,90,90,90,92,92,92,92,94,94,96,103,103,103,105,105,105,105,105,105,105,107,109,109,109,111,113,113,113,113,113,113,115,115,115,115,115],"card_choices":[{"not_picked":["Metallicize","Anger"],"picked":"Clothesline","floor":1},{"not_picked":["Entrench","Headbutt"],"picked":"Metallicize","floor":2},{"not_picked":["Flex","Headbutt"],"picked":"Armaments","floor":3},{"not_picked":["Burning Pact","Headbutt"],"picked":"Cleave","floor":4},{"not_picked":["Thunderclap","Shrug It Off"],"picked":"Demon Form","floor":7},{"not_picked":["Body Slam","Fire Breathing"],"picked":"Shrug It Off","floor":8},{"not_picked":["Cleave","Disarm"],"picked":"Battle Trance","floor":11},{"not_picked":["Clothesline","Double Tap","Searing Blow"],"picked":"Singing Bowl","floor":12},{"not_picked":["True Grit","Dropkick"],"picked":"Heavy Blade","floor":14},{"not_picked":["Feed","Double Tap"],"picked":"Offering","floor":16},{"not_picked":["Armaments+1","Clothesline","Rage+1"],"picked":"Singing Bowl","floor":18},{"not_picked":["Wild Strike","Body Slam"],"picked":"Anger","floor":20},{"not_picked":["Carnage","Power Through+1","Cleave"],"picked":"Singing Bowl","floor":22},{"not_picked":["Battle Trance","Iron Wave","Rage"],"picked":"Singing Bowl","floor":24},{"not_picked":["Heavy Blade","Whirlwind"],"picked":"Ghostly Armor+1","floor":25},{"not_picked":["Cleave","Rampage","Entrench"],"picked":"Singing Bowl","floor":28},{"not_picked":["Brutality+1","Dark Embrace+1"],"picked":"Offering","floor":33},{"not_picked":["Cleave","Iron Wave+1","Warcry"],"picked":"Singing Bowl","floor":35},{"not_picked":["Combust+1","Ghostly Armor","Sentinel+1"],"picked":"Singing Bowl","floor":36},{"not_picked":["Havoc+1","Dropkick","Sentinel"],"picked":"Singing Bowl","floor":39},{"not_picked":["Limit Break","Burning Pact+1","Wild Strike"],"picked":"Singing Bowl","floor":40},{"not_picked":["Havoc","Perfected Strike"],"picked":"Pummel+1","floor":42},{"not_picked":["Cleave","Spot Weakness+1","Armaments+1"],"picked":"Singing Bowl","floor":46}],"player_experience":372267,"relics_obtained":[{"floor":7,"key":"Self Forming Clay"},{"floor":9,"key":"Happy Flower"},{"floor":12,"key":"Singing Bowl"},{"floor":25,"key":"Strawberry"},{"floor":26,"key":"Frozen Egg 2"},{"floor":28,"key":"Dodecahedron"},{"floor":39,"key":"Calipers"},{"floor":40,"key":"Red Skull"},{"floor":42,"key":"PreservedInsect"},{"floor":43,"key":"Kunai"}],"event_choices":[{"cards_removed":["Strike_R"],"damage_healed":0,"gold_gain":0,"player_choice":"Card Removal","damage_taken":7,"max_hp_gain":0,"max_hp_loss":0,"event_name":"Golden Wing","floor":5,"gold_loss":0},{"cards_removed":["Strike_R"],"damage_healed":0,"gold_gain":0,"player_choice":"Purged","damage_taken":0,"max_hp_gain":0,"max_hp_loss":0,"event_name":"Purifier","floor":19,"gold_loss":0},{"damage_healed":35,"gold_gain":0,"player_choice":"Heal","damage_taken":0,"max_hp_gain":0,"max_hp_loss":0,"event_name":"The Library","floor":29,"gold_loss":0},{"damage_healed":0,"gold_gain":0,"cards_transformed":["Strike_R","Strike_R"],"player_choice":"Became Test Subject","damage_taken":0,"max_hp_gain":0,"max_hp_loss":0,"event_name":"Drug Dealer","floor":31,"gold_loss":0,"cards_obtained":["Rupture","Combust"]},{"damage_healed":0,"gold_gain":0,"player_choice":"Ignored","damage_taken":0,"max_hp_gain":0,"max_hp_loss":0,"event_name":"Tomb of Lord Red Mask","floor":37,"gold_loss":0},{"cards_removed":["Defend_R"],"damage_healed":0,"gold_gain":0,"player_choice":"Removed Skill","damage_taken":0,"max_hp_gain":0,"max_hp_loss":0,"event_name":"Falling","floor":38,"gold_loss":0},{"damage_healed":0,"gold_gain":0,"player_choice":"Fight","damage_taken":0,"max_hp_gain":0,"max_hp_loss":0,"event_name":"MindBloom","floor":39,"gold_loss":0},{"cards_removed":["Anger"],"damage_healed":0,"gold_gain":0,"player_choice":"Upgrade and Remove","damage_taken":0,"max_hp_gain":0,"max_hp_loss":0,"event_name":"Designer","floor":44,"gold_loss":90,"cards_upgraded":["Defend_R"]}],"is_beta":false,"boss_relics":[{"not_picked":["Runic Pyramid","Empty Cage"],"picked":"Ectoplasm"},{"not_picked":["Philosopher\u0027s Stone","Astrolabe"],"picked":"Sozu"}],"items_purged_floors":[21],"is_endless":false,"potions_floor_spawned":[2,8,14,16,22,28,35,36],"ascension_level":10}