{"gold_per_floor":[109,34,34,45,64,64,82,94,94,94,124,124,49,64,64,139,139,152,162,33,0,0,0,0,0,0,14,25,51,51,71,71,148,148,159,15,115,469,479,479,489,489,489,489,507,533,533,547,547,547],"floor_reached":51,"playtime":3469,"items_purged":["Defend_G","Strike_G"],"score":1409,"play_id":"97161d41-52f4-4afc-8020-27f7dc373d5d","local_time":"20190129020903","is_ascension_mode":true,"campfire_choices":[{"data":"Terror","floor":6,"key":"SMITH"},{"floor":10,"key":"REST"},{"floor":15,"key":"REST"},{"floor":23,"key":"REST"},{"floor":25,"key":"REST"},{"floor":32,"key":"REST"},{"floor":40,"key":"REST"},{"floor":42,"key":"REST"},{"floor":47,"key":"REST"},{"floor":49,"key":"RECALL"}],"neow_cost":"NONE","seed_source_timestamp":202684530479323,"circlet_count":0,"master_deck":["AscendersBane","Defend_G","Defend_G","Defend_G","Defend_G","Strike_G","Strike_G","Strike_G","Survivor","Neutralize+1","Dagger Spray+1","Cloak And Dagger","Terror+1","Cloak And Dagger","Dash","Cloak And Dagger","Corpse Explosion","Infinite Blades","Footwork+1","Footwork","Backflip","Deflect","Dodge and Roll+1","Backflip","After Image+1","Deflect","Noxious Fumes+1","Dodge and Roll","Adrenaline","Noxious Fumes+1","Dodge and Roll+1","Escape Plan"],"relics":["Ring of the Snake","Ornamental Fan","Vajra","Fusion Hammer","Enchiridion","Tingsha","Frozen Egg 2","Centennial Puzzle","WristBlade","Thread and Needle","Old Coin","Question Card","Potion Belt"],"potions_floor_usage":[14,16,29,31,33,48,50,50,50,50,50],"damage_taken":[{"damage":0,"enemies":"Jaw Worm","floor":1,"turns":5},{"damage":0,"enemies":"2 Louse","floor":4,"turns":2},{"damage":6,"enemies":"Cultist","floor":5,"turns":4},{"damage":8,"enemies":"Large Slime","floor":7,"turns":6},{"damage":6,"enemies":"3 Louse","floor":8,"turns":4},{"damage":41,"enemies":"3 Sentries","floor":11,"turns":11},{"damage":0,"enemies":"Exordium Thugs","floor":14,"turns":6},{"damage":18,"enemies":"Hexaghost","floor":16,"turns":9},{"damage":3,"enemies":"3 Byrds","floor":18,"turns":3},{"damage":3,"enemies":"2 Thieves","floor":19,"turns":3},{"damage":34,"enemies":"Chosen and Byrds","floor":27,"turns":7},{"damage":1,"enemies":"Centurion and Healer","floor":28,"turns":6},{"damage":22,"enemies":"Slavers","floor":29,"turns":4},{"damage":2,"enemies":"Snake Plant","floor":31,"turns":5},{"damage":3,"enemies":"Automaton","floor":33,"turns":11},{"damage":9,"enemies":"3 Darklings","floor":35,"turns":5},{"damage":0,"enemies":"Mind Bloom Boss Battle","floor":37,"turns":7},{"damage":29,"enemies":"2 Orb Walkers","floor":38,"turns":5},{"damage":0,"enemies":"3 Shapes","floor":39,"turns":6},{"damage":0,"enemies":"Sphere and 2 Shapes","floor":41,"turns":8},{"damage":0,"enemies":"3 Darklings","floor":45,"turns":4},{"damage":0,"enemies":"Giant Head","floor":46,"turns":10},{"damage":0,"enemies":"Transient","floor":48,"turns":6},{"damage":106,"enemies":"Awakened One","floor":50,"turns":23}],"seed_played":"8187851555353770788","potions_obtained":[{"floor":4,"key":"Weak Potion"},{"floor":7,"key":"Regen Potion"},{"floor":8,"key":"Strength Potion"},{"floor":14,"key":"SteroidPotion"},{"floor":19,"key":"LiquidBronze"},{"floor":29,"key":"FearPotion"},{"floor":31,"key":"GhostInAJar"},{"floor":38,"key":"EntropicBrew"},{"floor":39,"key":"SkillPotion"},{"floor":46,"key":"EssenceOfSteel"}],"is_trial":false,"path_per_floor":["M","?","?","M","M","R","M","M","T","R","E","?","$","M","R","B",null,"M","M","$","?","?","R","?","R","T","M","M","E","?","M","R","B",null,"M","$","?","?","M","R","M","R","T","?","M","E","R","M","R","B",null],"character_chosen":"THE_SILENT","items_purchased":["Footwork","Backflip","Noxious Fumes+1"],"campfire_rested":8,"item_purchase_floors":[20,20,36],"current_hp_per_floor":[59,59,59,59,53,53,45,39,39,58,17,6,6,21,40,22,55,52,49,49,49,49,66,45,64,64,30,29,7,7,5,24,21,55,46,46,46,17,17,36,36,55,55,55,55,55,66,66,66,15],"gold":547,"neow_bonus":"UPGRADE_CARD","is_prod":false,"is_daily":false,"chose_seed":false,"campfire_upgraded":1,"win_rate":0,"timestamp":1548724143,"path_taken":["M","?","?","M","M","R","M","M","T","R","E","?","?","?","R","BOSS","M","M","$","?","?","R","?","R","T","M","M","E","?","?","R","BOSS","M","$","?","?","M","R","M","R","T","?","M","E","R","M","R","BOSS"],"build_version":"2019-01-23","purchased_purges":2,"victory":true,"max_hp_per_floor":[66,66,66,66,66,66,66,66,66,66,66,66,66,66,66,66,66,66,66,66,66,66,66,66,66,66,66,66,66,66,66,66,66,66,66,66,66,66,66,66,66,66,66,66,66,66,66,66,66,66],"card_choices":[{"not_picked":["Blade Dance","Distraction"],"picked":"Dagger Spray","floor":1},{"not_picked":["Dash","Underhanded Strike"],"picked":"Cloak And Dagger","floor":4},{"not_picked":["Dagger Throw","Flying Knee"],"picked":"Terror","floor":5},{"not_picked":["Caltrops","Eviscerate"],"picked":"Cloak And Dagger","floor":7},{"not_picked":["Quick Slash","Acrobatics","Endless Agony"],"picked":"SKIP","floor":8},{"not_picked":["Venomology","Skewer"],"picked":"Dash","floor":11},{"not_picked":["Setup","Bane"],"picked":"Cloak And Dagger","floor":14},{"not_picked":["Storm of Steel","Envenom"],"picked":"Corpse Explosion","floor":16},{"not_picked":["Backflip","Setup"],"picked":"Infinite Blades","floor":18},{"not_picked":["Bouncing Flask","Skewer"],"picked":"Footwork","floor":19},{"not_picked":["Backstab","PiercingWail"],"picked":"Deflect","floor":27},{"not_picked":["Dagger Throw","Caltrops"],"picked":"Dodge and Roll+1","floor":28},{"not_picked":["Deadly Poison","Endless Agony","Masterful Stab"],"picked":"SKIP","floor":29},{"not_picked":["Dodge and Roll","Concentrate"],"picked":"Backflip","floor":31},{"not_picked":["Corpse Explosion","Tools of the Trade+1"],"picked":"After Image+1","floor":33},{"not_picked":["Finisher","Heel Hook+1"],"picked":"Deflect","floor":35},{"not_picked":["Bane","Predator"],"picked":"Dodge and Roll","floor":37},{"not_picked":["Sucker Punch+1","Slice+1"],"picked":"Adrenaline","floor":39},{"not_picked":["Infinite Blades+1","Dagger Throw"],"picked":"Noxious Fumes+1","floor":41},{"not_picked":["Dash+1","Choke+1","Poisoned Stab"],"picked":"Dodge and Roll+1","floor":45},{"not_picked":["Venomology","Wraith Form v2+1","Dagger Throw"],"picked":"Escape Plan","floor":46},{"not_picked":["Dagger Throw","Sucker Punch+1","Quick Slash","Prepared+1"],"picked":"SKIP","floor":48}],"player_experience":576674,"relics_obtained":[{"floor":9,"key":"Ornamental Fan"},{"floor":11,"key":"Vajra"},{"floor":24,"key":"Enchiridion"},{"floor":26,"key":"Tingsha"},{"floor":29,"key":"Frozen Egg 2"},{"floor":37,"key":"Thread and Needle"},{"floor":38,"key":"Old Coin"},{"floor":43,"key":"Question Card"},{"floor":46,"key":"Potion Belt"}],"event_choices":[{"cards_removed":["Strike_G"],"damage_healed":0,"gold_gain":0,"player_choice":"Card Removal","damage_taken":0,"max_hp_gain":0,"max_hp_loss":0,"event_name":"The Cleric","floor":2,"gold_loss":75},{"damage_healed":0,"gold_gain":0,"player_choice":"Grow","damage_taken":0,"max_hp_gain":0,"max_hp_loss":0,"event_name":"Living Wall","floor":3,"gold_loss":0,"cards_upgraded":["Dagger Spray"]},{"damage_healed":0,"gold_gain":0,"player_choice":"Fled","damage_taken":11,"max_hp_gain":0,"max_hp_loss":0,"event_name":"Scrap Ooze","floor":12,"gold_loss":0},{"damage_healed":0,"gold_gain":0,"player_choice":"Paid Fearfully","damage_taken":0,"max_hp_gain":0,"max_hp_loss":0,"event_name":"Masked Bandits","floor":21,"gold_loss":33},{"damage_healed":0,"gold_gain":0,"player_choice":"Obtained Book","damage_taken":21,"max_hp_gain":0,"max_hp_loss":0,"event_name":"Cursed Tome","floor":24,"gold_loss":0},{"damage_healed":0,"gold_gain":0,"player_choice":"Gave Potion","damage_taken":0,"relics_obtained":["Centennial Puzzle"],"max_hp_gain":0,"max_hp_loss":0,"event_name":"WeMeetAgain","floor":30,"gold_loss":0},{"damage_healed":0,"gold_gain":0,"player_choice":"Fight","damage_taken":0,"max_hp_gain":0,"max_hp_loss":0,"event_name":"MindBloom","floor":37,"gold_loss":0},{"damage_healed":0,"gold_gain":0,"player_choice":"Fight","damage_taken":0,"max_hp_gain":0,"max_hp_loss":0,"event_name":"Mysterious Sphere","floor":38,"gold_loss":0},{"damage_healed":0,"gold_gain":0,"player_choice":"Upgraded","damage_taken":0,"max_hp_gain":0,"max_hp_loss":0,"event_name":"Upgrade Shrine","floor":44,"gold_loss":0,"cards_upgraded":["Footwork"]}],"is_beta":false,"boss_relics":[{"not_picked":["Astrolabe","Eternal Feather"],"picked":"Fusion Hammer"},{"not_picked":["Pandora\u0027s Box","Calling Bell"],"picked":"WristBlade"}],"items_purged_floors":[13,36],"is_endless":false,"potions_floor_spawned":[4,7,8,11,14,19,29,31,38,39,41,46],"ascension_level":19}