{"path_per_floor":["M","M","?","?","?","E","R","E","T","M","T","R","E","$","R","B",null,"M","$","M","?","M","R","E","M","T","M"],"character_chosen":"THE_SILENT","items_purchased":["Vajra","Caltrops","Prepared"],"gold_per_floor":[115,131,131,131,131,165,165,208,285,306,306,306,349,43,43,163,163,178,78,102,102,126,126,170,193,216,235],"floor_reached":28,"campfire_rested":2,"playtime":2297,"current_hp_per_floor":[70,69,70,70,53,25,25,10,10,10,10,31,13,13,34,13,70,56,56,51,51,44,44,38,34,41,4],"items_purged":["Injury","Strike_G"],"gold":235,"score":307,"play_id":"581e6e73-6a01-443e-bbd0-6248ac61dcbd","is_prod":false,"is_daily":false,"is_ascension_mode":true,"campfire_upgraded":2,"path_taken":["M","M","?","?","?","E","R","E","T","?","?","R","E","$","R","BOSS","M","$","M","?","?","R","E","M","T","M","E"],"build_version":"2018-02-12-PROD1","purchased_purges":3,"victory":false,"master_deck":["Defend_G","Defend_G","Defend_G","Defend_G","Defend_G","Strike_G","Survivor","Neutralize+1","Terror","Dash","Infinite Blades+1","Quick Slash","Flying Knee","Accuracy","Caltrops","Prepared","Adrenaline+1","Leg Sweep+1","Slice+1","Calculated Gamble+1","Dagger Spray+1","Cloak And Dagger","Leg Sweep+1","Prepared"],"max_hp_per_floor":[70,70,70,70,70,70,70,70,70,70,70,70,70,70,70,70,70,70,70,70,70,70,70,70,70,77,77],"relics":["Ring of the Snake","Golden Idol","Anchor","Omamori","Bottled Flame","Unceasing Top","Art of War","Vajra","Astrolabe","Frozen Egg 2","Strawberry"],"card_choices":[{"not_picked":["Bane","Quick Slash"],"picked":"Terror"},{"not_picked":["Acrobatics","Deflect"],"picked":"Dodge and Roll"},{"not_picked":["A Thousand Cuts","Poisoned Stab"],"picked":"Infinite Blades"},{"not_picked":["Acrobatics","Prepared"],"picked":"Quick Slash"},{"not_picked":["Heel Hook","Eviscerate"],"picked":"Flying Knee"},{"not_picked":["All Out Attack","Tools of the Trade"],"picked":"Accuracy"},{"not_picked":["Night Terror","Bullet Time"],"picked":"Adrenaline"},{"not_picked":["Sucker Punch","Deadly Poison"],"picked":"Dagger Spray"},{"not_picked":["Bane","Choke"],"picked":"Leg Sweep"},{"not_picked":["Sucker Punch","PiercingWail"],"picked":"Prepared"}],"player_experience":129738,"potions_floor_usage":[28],"damage_taken":[{"damage":0.0,"enemies":"Cultist","floor":1.0,"turns":4.0},{"damage":1.0,"enemies":"2 Louse","floor":2.0,"turns":3.0},{"damage":28.0,"enemies":"3 Sentries","floor":6.0,"turns":11.0},{"damage":15.0,"enemies":"Gremlin Nob","floor":8.0,"turns":4.0},{"damage":0.0,"enemies":"Blue Slaver","floor":10.0,"turns":3.0},{"damage":18.0,"enemies":"3 Sentries","floor":13.0,"turns":7.0},{"damage":21.0,"enemies":"The Guardian","floor":16.0,"turns":8.0},{"damage":14.0,"enemies":"Spheric Guardian","floor":18.0,"turns":4.0},{"damage":5.0,"enemies":"3 Byrds","floor":20.0,"turns":3.0},{"damage":7.0,"enemies":"Snake Plant","floor":22.0,"turns":5.0},{"damage":6.0,"enemies":"Slavers","floor":24.0,"turns":6.0},{"damage":4,"enemies":"Centurion and Healer","floor":25,"turns":7},{"damage":37,"enemies":"Cultist and Chosen","floor":27,"turns":6},{"damage":10,"enemies":"Gremlin Leader","floor":28,"turns":2}],"event_choices":[{"event_name":"Bonfire Elementals","player_choice":"COMMON","floor":3.0,"damage_taken":0.0},{"event_name":"Match and Keep!","player_choice":"2 cards matched","floor":4.0,"damage_taken":0.0},{"event_name":"Golden Idol","player_choice":"Take Damage","floor":5.0,"damage_taken":0.0},{"event_name":"The Library","player_choice":"Read","floor":21.0,"damage_taken":0.0}],"boss_relics":[],"potions_floor_spawned":[2,8,13,16,22,27],"seed_played":"7153829978400383545","killed_by":"Gremlin Leader","ascension_level":4,"is_trial":false}