{"gold_per_floor":[116,130,36,55,55,81,94,104,152,162,177,177,177,192,192,271,271,243,114,133,133,145,145,145],"floor_reached":24,"playtime":1555,"items_purged":["Strike_B"],"score":384,"play_id":"a6ee13b4-ad05-4441-bb0f-3687da89c2e0","local_time":"20190106220335","is_ascension_mode":true,"campfire_choices":[{"floor":12,"key":"REST"},{"data":"Defragment","floor":15,"key":"SMITH"},{"floor":23,"key":"REST"}],"neow_cost":"NONE","seed_source_timestamp":1465538678437719,"circlet_count":0,"master_deck":["AscendersBane","Strike_B","Strike_B","Strike_B","Defend_B","Defend_B","Defend_B","Defend_B","Zap","Dualcast","Creative AI","Barrage","White Noise+1","Capacitor","Ball Lightning","Ball Lightning","Glacier","Consume","Defragment+1","Steam Power","Auto Shields","Coolheaded","Seek","Leap","Auto Shields","Redo+1"],"relics":["Cracked Core","Girya","Ancient Tea Set","Inserter"],"potions_floor_usage":[6,10,18,22,24],"damage_taken":[{"damage":10,"enemies":"2 Louse","floor":1,"turns":3},{"damage":2,"enemies":"Cultist","floor":2,"turns":4},{"damage":0,"enemies":"Small Slimes","floor":4,"turns":3},{"damage":16,"enemies":"3 Sentries","floor":6,"turns":6},{"damage":7,"enemies":"Exordium Wildlife","floor":7,"turns":3},{"damage":6,"enemies":"Looter","floor":8,"turns":2},{"damage":1,"enemies":"Red Slaver","floor":10,"turns":3},{"damage":0,"enemies":"Exordium Wildlife","floor":11,"turns":4},{"damage":0,"enemies":"Looter","floor":14,"turns":4},{"damage":20,"enemies":"Slime Boss","floor":16,"turns":9},{"damage":28,"enemies":"2 Thieves","floor":18,"turns":4},{"damage":0,"enemies":"Spheric Guardian","floor":20,"turns":3},{"damage":16,"enemies":"Centurion and Healer","floor":22,"turns":4},{"damage":40,"enemies":"Slavers","floor":24,"turns":3}],"seed_played":"8114883554197468394","potions_obtained":[{"floor":1,"key":"SkillPotion"},{"floor":4,"key":"Dexterity Potion"},{"floor":7,"key":"SteroidPotion"},{"floor":14,"key":"Poison Potion"},{"floor":22,"key":"SkillPotion"}],"is_trial":false,"path_per_floor":["M","M","$","M","?","E","M","M","T","M","M","R","?","M","R","B",null,"M","$","M","?","M","R","E"],"character_chosen":"DEFECT","items_purchased":["Capacitor","Ball Lightning","Block Potion"],"campfire_rested":2,"item_purchase_floors":[3,3,19],"current_hp_per_floor":[54,52,52,52,52,36,29,23,23,22,22,43,43,43,43,23,59,31,31,31,31,15,36,0],"gold":145,"neow_bonus":"ONE_RANDOM_RARE_CARD","is_prod":false,"is_daily":false,"chose_seed":false,"campfire_upgraded":1,"win_rate":0,"timestamp":1546808615,"path_taken":["M","M","$","M","?","E","M","?","T","M","?","R","?","M","R","BOSS","M","?","M","?","M","R","E"],"build_version":"2019-01-03v4","purchased_purges":1,"victory":false,"max_hp_per_floor":[71,71,71,71,71,71,71,71,71,71,71,71,71,71,71,71,71,71,71,71,71,71,71,71],"card_choices":[{"not_picked":["Rip and Tear","Reinforced Body"],"picked":"Barrage","floor":1},{"not_picked":["Streamline","Ball Lightning"],"picked":"White Noise","floor":2},{"not_picked":["Tempest","Rebound"],"picked":"Ball Lightning","floor":4},{"not_picked":["Loop","Skim"],"picked":"Glacier","floor":6},{"not_picked":["Steam","Redo"],"picked":"Consume","floor":7},{"not_picked":["Turbo","Gash"],"picked":"Defragment","floor":8},{"not_picked":["Compile Driver","Thunder Strike","Recycle"],"picked":"SKIP","floor":10},{"not_picked":["Stack","Storm"],"picked":"Steam Power","floor":11},{"not_picked":["Hologram","Double Energy"],"picked":"Coolheaded","floor":14},{"not_picked":["Core Surge","Amplify"],"picked":"Seek","floor":16},{"not_picked":["Compile Driver","Hologram"],"picked":"Leap","floor":18},{"not_picked":["Ball Lightning","Steam"],"picked":"Auto Shields","floor":20},{"not_picked":["Lockon","Auto Shields+1"],"picked":"Redo+1","floor":22}],"player_experience":483630,"relics_obtained":[{"floor":6,"key":"Girya"},{"floor":9,"key":"Ancient Tea Set"}],"event_choices":[{"damage_healed":0,"gold_gain":0,"player_choice":"Upgraded","damage_taken":0,"max_hp_gain":0,"max_hp_loss":0,"event_name":"Upgrade Shrine","floor":5,"gold_loss":0,"cards_upgraded":["White Noise"]},{"damage_healed":0,"gold_gain":0,"player_choice":"1 cards matched","damage_taken":0,"max_hp_gain":0,"max_hp_loss":0,"event_name":"Match and Keep!","floor":13,"gold_loss":0,"cards_obtained":["Auto Shields"]},{"damage_healed":0,"gold_gain":0,"player_choice":"Ignored","damage_taken":0,"max_hp_gain":0,"max_hp_loss":0,"event_name":"Cursed Tome","floor":21,"gold_loss":0}],"is_beta":false,"boss_relics":[{"not_picked":["Velvet Choker","Eternal Feather"],"picked":"Inserter"}],"items_purged_floors":[19],"is_endless":false,"potions_floor_spawned":[1,4,7,14,20,22],"killed_by":"Slavers","ascension_level":18}