{"gold_per_floor":[110,127,127,0,71,71,105,119,198,198,225,242,8,19,19,92,92,111,127,44,44,3,29,42,68,68,68,88,88,118,147,159,245,257,282,310,322,334,360,372,397,76,103,103,115,128,128,138,138,138],"floor_reached":51,"playtime":2503,"items_purged":["Strike_B","Strike_B"],"score":1489,"play_id":"6d073896-15e6-483e-87f6-a65b1f2d3fad","local_time":"20191009140332","is_ascension_mode":true,"campfire_choices":[{"data":"Dualcast","floor":6.0,"key":"SMITH"},{"data":"Zap","floor":10.0,"key":"SMITH"},{"data":"Biased Cognition","floor":15.0,"key":"SMITH"},{"data":"Defragment","floor":27.0,"key":"SMITH"},{"data":"Defragment","floor":29.0,"key":"SMITH"},{"data":"Seek","floor":32.0,"key":"SMITH"},{"data":"Amplify","floor":40.0,"key":"SMITH"},{"data":"Panacea","floor":44,"key":"SMITH"},{"data":"Defragment","floor":49,"key":"SMITH"}],"neow_cost":"NONE","seed_source_timestamp":395560185535941,"circlet_count":0,"master_deck":["AscendersBane","Defend_B","Defend_B","Zap+1","Dualcast+1","Auto Shields+1","Storm","BootSequence","Biased Cognition+1","Cold Snap","Capacitor","Cold Snap","Chaos","Electrodynamics","Undo+1","Fission+1","Defragment+1","Defragment+1","Defragment+1","Capacitor","Glacier","Seek+1","Force Field","Glacier","Amplify+1","Panacea+1","Biased Cognition+1","Defragment+1"],"special_seed":0,"relics":["Cracked Core","NeowsBlessing","Meat on the Bone","Pantograph","Mummified Hand","Pear","Astrolabe","Pocketwatch","Omamori","Kunai","MawBank","Runic Pyramid","DollysMirror","Smiling Mask"],"potions_floor_usage":[46,50],"damage_taken":[{"damage":0.0,"enemies":"Jaw Worm","floor":1.0,"turns":1.0},{"damage":0.0,"enemies":"Cultist","floor":2.0,"turns":1.0},{"damage":0.0,"enemies":"3 Sentries","floor":7.0,"turns":1.0},{"damage":0.0,"enemies":"2 Louse","floor":8.0,"turns":2.0},{"damage":15.0,"enemies":"Lagavulin","floor":11.0,"turns":6.0},{"damage":6.0,"enemies":"Exordium Wildlife","floor":12.0,"turns":3.0},{"damage":0.0,"enemies":"2 Fungi Beasts","floor":14.0,"turns":3.0},{"damage":1.0,"enemies":"Slime Boss","floor":16.0,"turns":8.0},{"damage":0.0,"enemies":"Spheric Guardian","floor":18.0,"turns":3.0},{"damage":0.0,"enemies":"3 Byrds","floor":19.0,"turns":4.0},{"damage":12.0,"enemies":"Book of Stabbing","floor":23.0,"turns":4.0},{"damage":9.0,"enemies":"Centurion and Healer","floor":24.0,"turns":3.0},{"damage":13.0,"enemies":"Slavers","floor":25.0,"turns":3.0},{"damage":17.0,"enemies":"3 Cultists","floor":28.0,"turns":4.0},{"damage":14.0,"enemies":"Book of Stabbing","floor":30.0,"turns":5.0},{"damage":1.0,"enemies":"Snake Plant","floor":31.0,"turns":3.0},{"damage":0.0,"enemies":"Champ","floor":33.0,"turns":10.0},{"damage":1.0,"enemies":"3 Darklings","floor":35.0,"turns":3.0},{"damage":0.0,"enemies":"3 Shapes","floor":36.0,"turns":4.0},{"damage":0.0,"enemies":"Spire Growth","floor":39.0,"turns":4.0},{"damage":1.0,"enemies":"Sphere and 2 Shapes","floor":41.0,"turns":3.0},{"damage":0,"enemies":"Maw","floor":45,"turns":5},{"damage":8,"enemies":"4 Shapes","floor":46,"turns":4},{"damage":2,"enemies":"3 Darklings","floor":48,"turns":3},{"damage":35,"enemies":"Awakened One","floor":50,"turns":10}],"seed_played":"-6676820704099356797","potions_obtained":[{"floor":8.0,"key":"Block Potion"},{"floor":12.0,"key":"GamblersBrew"},{"floor":31.0,"key":"GamblersBrew"},{"floor":41.0,"key":"FocusPotion"},{"floor":48,"key":"SteroidPotion"}],"is_trial":false,"path_per_floor":["M","M","?","$","T","R","E","M","T","R","E","M","$","M","R","B",null,"M","M","$","?","$","E","M","E","T","R","M","R","E","M","R","B",null,"M","M","?","?","M","R","M","$","T","R","M","M","?","M","R","B",null],"character_chosen":"DEFECT","items_purchased":["Ball Lightning","Capacitor","Cold Snap","Defragment","Capacitor","Panacea","DollysMirror"],"campfire_rested":0,"item_purchase_floors":[4,13,13,20,22,42,42],"current_hp_per_floor":[64,64,64,64,64,64,64,64,64,64,59,53,53,53,53,77,80,80,80,80,80,80,68,59,46,46,46,41,41,39,50,50,75,80,79,79,79,79,79,79,78,78,78,78,78,70,70,68,68,42],"gold":138,"neow_bonus":"THREE_ENEMY_KILL","is_prod":false,"is_daily":false,"chose_seed":false,"campfire_upgraded":9,"win_rate":0,"timestamp":1570647812,"path_taken":["M","M","?","$","?","R","E","M","T","R","E","M","?","?","R","BOSS","M","M","$","?","?","E","?","E","T","R","M","R","E","M","R","BOSS","M","M","?","?","M","R","M","$","T","R","M","M","?","M","R","BOSS"],"build_version":"2019-07-17","purchased_purges":2,"victory":true,"max_hp_per_floor":[71,71,71,71,71,71,71,71,71,71,81,81,81,81,81,81,81,81,81,81,81,81,81,81,81,81,81,81,81,81,81,81,81,81,81,81,81,81,81,81,81,81,81,81,81,81,77,77,77,77],"card_choices":[{"not_picked":["Barrage","Stack","Turbo"],"picked":"SKIP","floor":1.0},{"not_picked":["Rebound","Turbo"],"picked":"Auto Shields","floor":2.0},{"not_picked":["Consume","Heatsinks"],"picked":"Storm","floor":7.0},{"not_picked":["Redo","Barrage"],"picked":"BootSequence","floor":8.0},{"not_picked":["Rip and Tear","Ball Lightning"],"picked":"Biased Cognition","floor":11.0},{"not_picked":["Sweeping Beam","Ball Lightning"],"picked":"Cold Snap","floor":12.0},{"not_picked":["Double Energy","Streamline"],"picked":"Chaos","floor":14.0},{"not_picked":["Fission","Buffer"],"picked":"Electrodynamics","floor":16.0},{"not_picked":["Rebound","Beam Cell"],"picked":"Defragment","floor":18.0},{"not_picked":["Gash","Reprogram","Darkness"],"picked":"SKIP","floor":19.0},{"not_picked":["Stack","Rebound"],"picked":"Glacier","floor":23.0},{"not_picked":["Coolheaded","Streamline"],"picked":"Seek","floor":24.0},{"not_picked":["Melter","Steam+1"],"picked":"Force Field","floor":25.0},{"not_picked":["Cold Snap","Beam Cell","White Noise"],"picked":"SKIP","floor":28.0},{"not_picked":["Blizzard","Go for the Eyes"],"picked":"Glacier","floor":30.0},{"not_picked":["Genetic Algorithm","Darkness","BootSequence"],"picked":"SKIP","floor":31.0},{"not_picked":["Fission","Meteor Strike"],"picked":"Amplify","floor":33.0},{"not_picked":["Rebound+1","Streamline","Cold Snap"],"picked":"SKIP","floor":35.0},{"not_picked":["Coolheaded","Redo","Ball Lightning"],"picked":"SKIP","floor":36.0},{"not_picked":["Turbo","Auto Shields","Sweeping Beam"],"picked":"SKIP","floor":39.0},{"not_picked":["Tempest","Genetic Algorithm+1","Stack"],"picked":"SKIP","floor":41.0},{"not_picked":["Barrage","Recycle","Gash"],"picked":"SKIP","floor":45},{"not_picked":["Barrage+1","Capacitor"],"picked":"Defragment","floor":46},{"not_picked":["Sweeping Beam","Biased Cognition","Hologram"],"picked":"SKIP","floor":48}],"player_experience":314196,"relics_obtained":[{"floor":5.0,"key":"Meat on the Bone"},{"floor":7.0,"key":"Pantograph"},{"floor":9.0,"key":"Mummified Hand"},{"floor":11.0,"key":"Pear"},{"floor":23.0,"key":"Pocketwatch"},{"floor":25.0,"key":"Omamori"},{"floor":26.0,"key":"Kunai"},{"floor":30.0,"key":"MawBank"},{"floor":43,"key":"Smiling Mask"}],"event_choices":[{"damage_healed":0.0,"max_hp_gain":0.0,"max_hp_loss":0.0,"gold_gain":0.0,"event_name":"Living Wall","player_choice":"Grow","floor":3.0,"gold_loss":0.0,"damage_taken":0.0,"cards_upgraded":["Auto Shields"]},{"cards_removed":["Defend_B"],"damage_healed":0.0,"max_hp_gain":0.0,"max_hp_loss":0.0,"gold_gain":0.0,"event_name":"Purifier","player_choice":"Purged","floor":21.0,"gold_loss":0.0,"damage_taken":0.0},{"damage_healed":0.0,"max_hp_gain":0.0,"max_hp_loss":0.0,"gold_gain":0.0,"event_name":"SensoryStone","player_choice":"Memory 1","floor":37.0,"gold_loss":0.0,"damage_taken":0.0},{"cards_removed":["Ball Lightning"],"damage_healed":0.0,"max_hp_gain":0.0,"max_hp_loss":0.0,"gold_gain":0.0,"event_name":"Falling","player_choice":"Removed Attack","floor":38.0,"gold_loss":0.0,"damage_taken":0.0},{"damage_healed":0,"gold_gain":0,"player_choice":"Max HP","damage_taken":0,"max_hp_gain":0,"max_hp_loss":4,"event_name":"Winding Halls","floor":47,"gold_loss":0}],"is_beta":false,"boss_relics":[{"not_picked":["White Beast Statue","Pandora\u0027s Box"],"picked":"Astrolabe"},{"not_picked":["Eternal Feather","Tiny House"],"picked":"Runic Pyramid"}],"items_purged_floors":[4,13],"is_endless":false,"potions_floor_spawned":[8,12,14,18,19,31,33,39,41,48],"ascension_level":18}