{"gold_per_floor":[115,125,125,141,30,30,41,41,41,41,55,83,100,100,100,174,174,187,207,207,225,235,235,235],"floor_reached":24,"playtime":1414,"items_purged":["Strike_G"],"score":390,"play_id":"ec403c98-94db-4ecc-8ada-4e26bbbeb670","local_time":"20190127224218","is_ascension_mode":true,"campfire_choices":[{"data":"Neutralize","floor":6.0,"key":"SMITH"},{"data":"Infinite Blades","floor":8.0,"key":"SMITH"},{"data":"Backflip","floor":10.0,"key":"SMITH"},{"floor":15,"key":"REST"},{"floor":23,"key":"REST"}],"neow_cost":"NONE","seed_source_timestamp":0,"circlet_count":0,"master_deck":["AscendersBane","Defend_G","Defend_G","Defend_G","Defend_G","Defend_G","Strike_G","Strike_G","Strike_G","Strike_G","Survivor","Neutralize+1","PiercingWail","Poisoned Stab","Infinite Blades+1","Caltrops","Backflip+1","Poisoned Stab","Cloak And Dagger+1","Blade Dance","Burst","Caltrops","Dodge and Roll+1","Finisher","Endless Agony"],"special_seed":0,"relics":["Ring of the Snake","NeowsBlessing","CultistMask","Strawberry","Meat on the Bone","Fusion Hammer"],"potions_floor_usage":[16,16,24],"damage_taken":[{"damage":0.0,"enemies":"Cultist","floor":1.0,"turns":1.0},{"damage":0.0,"enemies":"Jaw Worm","floor":2.0,"turns":1.0},{"damage":0.0,"enemies":"2 Louse","floor":4.0,"turns":1.0},{"damage":14.0,"enemies":"Exordium Wildlife","floor":7.0,"turns":7.0},{"damage":12.0,"enemies":"Large Slime","floor":11.0,"turns":8.0},{"damage":18.0,"enemies":"3 Sentries","floor":12.0,"turns":9.0},{"damage":10.0,"enemies":"Lots of Slimes","floor":13.0,"turns":6.0},{"damage":44,"enemies":"Hexaghost","floor":16,"turns":10},{"damage":4,"enemies":"3 Byrds","floor":18,"turns":4},{"damage":11,"enemies":"Shell Parasite","floor":19,"turns":6},{"damage":18,"enemies":"Colosseum Slavers","floor":20,"turns":7},{"damage":22,"enemies":"Centurion and Healer","floor":21,"turns":9},{"damage":12,"enemies":"Snake Plant","floor":22,"turns":5},{"damage":50,"enemies":"Book of Stabbing","floor":24,"turns":4}],"seed_played":"3039136616530893584","potions_obtained":[{"floor":2.0,"key":"Poison Potion"},{"floor":12.0,"key":"SkillPotion"},{"floor":13.0,"key":"GhostInAJar"},{"floor":22,"key":"PowerPotion"}],"is_trial":false,"path_per_floor":["M","M","?","M","$","R","M","R","T","R","M","E","M","?","R","B",null,"M","M","?","M","M","R","E"],"character_chosen":"THE_SILENT","items_purchased":["Caltrops"],"campfire_rested":2,"item_purchase_floors":[5],"current_hp_per_floor":[59,59,59,59,59,59,45,45,52,52,40,22,24,24,45,13,58,54,43,37,27,27,48,0],"gold":235,"neow_bonus":"THREE_ENEMY_KILL","is_prod":false,"is_daily":false,"chose_seed":false,"campfire_upgraded":3,"win_rate":0,"timestamp":1548625338,"path_taken":["M","?","?","M","$","R","M","R","T","R","?","E","M","?","R","BOSS","M","?","?","M","M","R","E"],"build_version":"2019-01-23","purchased_purges":1,"victory":false,"max_hp_per_floor":[66,66,66,66,66,66,66,66,73,73,73,73,73,73,73,73,73,73,73,73,73,73,73,73],"card_choices":[{"not_picked":["Acrobatics","Accuracy"],"picked":"PiercingWail","floor":1.0},{"not_picked":["Deadly Poison","Bane"],"picked":"Poisoned Stab","floor":2.0},{"not_picked":["Well Laid Plans","All Out Attack"],"picked":"Infinite Blades","floor":4.0},{"not_picked":["Deflect","Deadly Poison"],"picked":"Backflip","floor":7.0},{"not_picked":["Slice","Backflip"],"picked":"Poisoned Stab","floor":11.0},{"not_picked":["Leg Sweep","Sucker Punch"],"picked":"Cloak And Dagger","floor":12.0},{"not_picked":["Dodge and Roll","Quick Slash"],"picked":"Blade Dance","floor":13.0},{"not_picked":["Phantasmal Killer","Tools of the Trade"],"picked":"Burst","floor":16},{"not_picked":["Backstab","Bane"],"picked":"Caltrops","floor":18},{"not_picked":["Reflex","Leg Sweep"],"picked":"Dodge and Roll+1","floor":19},{"not_picked":["Flying Knee","Dodge and Roll"],"picked":"Finisher","floor":21},{"not_picked":["Reflex","Dagger Spray"],"picked":"Endless Agony","floor":22}],"player_experience":567366,"relics_obtained":[{"floor":9.0,"key":"Strawberry"},{"floor":12.0,"key":"Meat on the Bone"}],"event_choices":[{"damage_healed":0.0,"max_hp_gain":0.0,"max_hp_loss":0.0,"gold_gain":0.0,"event_name":"FaceTrader","player_choice":"Trade","floor":3.0,"gold_loss":0.0,"damage_taken":0.0,"relics_obtained":["CultistMask"]},{"damage_healed":0.0,"max_hp_gain":0.0,"max_hp_loss":0.0,"gold_gain":0.0,"event_name":"Accursed Blacksmith","player_choice":"Forge","floor":14.0,"gold_loss":0.0,"damage_taken":0.0,"cards_upgraded":["Cloak And Dagger"]},{"damage_healed":0,"gold_gain":0,"player_choice":"Fight","damage_taken":0,"max_hp_gain":0,"max_hp_loss":0,"event_name":"Colosseum","floor":20,"gold_loss":0},{"damage_healed":0,"gold_gain":0,"player_choice":"Fled From Nobs","damage_taken":0,"max_hp_gain":0,"max_hp_loss":0,"event_name":"Colosseum","floor":20,"gold_loss":0}],"is_beta":false,"boss_relics":[{"not_picked":["Lizard Tail","Astrolabe"],"picked":"Fusion Hammer"}],"items_purged_floors":[5],"is_endless":false,"potions_floor_spawned":[2,12,13,20,22],"killed_by":"Book of Stabbing","ascension_level":19}