{"gold_per_floor":[117,192,29,29,129,129,147,172,172,172,72,72,99,110,110,213,213,230,145,161,172,184,184,211,211,234,234,253,253,280,280,280,379,379,389,264,264,281,159,159,187,187,240,240,569,569,585,565,565,565,565,565,25,56,56],"floor_reached":56,"playtime":3274,"items_purged":["Strike_G","Strike_G","Strike_G","Strike_G"],"score":2008,"play_id":"35a82ae7-03ec-4bf3-af93-95a5d2718a9f","local_time":"20181212155254","is_ascension_mode":true,"campfire_choices":[{"data":"Sucker Punch","floor":6,"key":"SMITH"},{"data":"Crippling Poison","floor":10,"key":"SMITH"},{"data":"Footwork","floor":12,"key":"SMITH"},{"data":"Bullet Time","floor":15,"key":"SMITH"},{"data":"After Image","floor":23,"key":"SMITH"},{"floor":25,"key":"REST"},{"floor":29,"key":"REST"},{"data":"Blade Dance","floor":32,"key":"SMITH"},{"data":"Blind","floor":40,"key":"SMITH"},{"floor":42,"key":"REST"},{"data":"After Image","floor":44,"key":"SMITH"},{"floor":46,"key":"RECALL"},{"floor":49,"key":"REST"},{"data":"After Image","floor":52,"key":"SMITH"}],"neow_cost":"NONE","seed_source_timestamp":6898619833785,"circlet_count":0,"master_deck":["AscendersBane","Defend_G","Defend_G","Defend_G","Defend_G","Defend_G","Strike_G+1","Survivor","Neutralize+1","Sucker Punch+1","Footwork+1","Poisoned Stab","PiercingWail","Crippling Poison+1","Bullet Time+1","Terror","After Image+1","Footwork","Catalyst","Finisher","Deadly Poison","Malaise","Cloak And Dagger","Blade Dance+1","Catalyst","After Image+1","Calculated Gamble","Blade Dance","Blind+1","Cloak And Dagger","Dodge and Roll+1","Noxious Fumes","Cloak And Dagger","After Image+1","Blade Dance+1","Choke","Bouncing Flask+1","Bullet Time","Prepared"],"relics":["Ring of the Snake","NeowsBlessing","Whetstone","Bottled Lightning","Anchor","Runic Pyramid","Shuriken","Prayer Wheel","Snake Skull","Philosopher\u0027s Stone","Blue Candle","Centennial Puzzle","Old Coin","Pen Nib","Lantern"],"potions_floor_usage":[16,21,41],"damage_taken":[{"damage":0,"enemies":"Small Slimes","floor":1,"turns":2},{"damage":0,"enemies":"Jaw Worm","floor":7,"turns":1},{"damage":0,"enemies":"Lagavulin","floor":8,"turns":1},{"damage":19,"enemies":"Gremlin Nob","floor":13,"turns":4},{"damage":0,"enemies":"Cultist","floor":14,"turns":4},{"damage":3,"enemies":"The Guardian","floor":16,"turns":12},{"damage":1,"enemies":"3 Byrds","floor":18,"turns":5},{"damage":6,"enemies":"Spheric Guardian","floor":20,"turns":6},{"damage":1,"enemies":"3 Cultists","floor":21,"turns":6},{"damage":1,"enemies":"Snecko","floor":22,"turns":5},{"damage":41,"enemies":"Slavers","floor":24,"turns":7},{"damage":1,"enemies":"Centurion and Healer","floor":28,"turns":7},{"damage":0,"enemies":"Book of Stabbing","floor":30,"turns":6},{"damage":6,"enemies":"Champ","floor":33,"turns":11},{"damage":0,"enemies":"3 Darklings","floor":35,"turns":5},{"damage":2,"enemies":"3 Shapes","floor":38,"turns":5},{"damage":40,"enemies":"Reptomancer","floor":41,"turns":7},{"damage":0,"enemies":"Giant Head","floor":45,"turns":9},{"damage":4,"enemies":"Writhing Mass","floor":47,"turns":6},{"damage":22,"enemies":"Donu and Deca","floor":50,"turns":12},{"damage":10,"enemies":"Shield and Spear","floor":54,"turns":8},{"damage":40,"enemies":"The Heart","floor":55,"turns":11}],"seed_played":"73037251339480908","potions_obtained":[{"floor":1,"key":"Block Potion"},{"floor":8,"key":"Explosive Potion"},{"floor":18,"key":"FairyPotion"},{"floor":24,"key":"FearPotion"},{"floor":30,"key":"AttackPotion"},{"floor":41,"key":"Ancient Potion"},{"floor":45,"key":"Fire Potion"}],"is_trial":false,"path_per_floor":["M","?","$","?","?","R","M","E","T","R","$","R","E","M","R","B",null,"M","?","M","M","M","R","E","R","T","?","M","R","E","?","R","B",null,"M","$","?","M","$","R","E","R","T","R","E","R","M","?","R","B",null,"R","$","E","B",null],"character_chosen":"THE_SILENT","items_purchased":["Footwork","Poisoned Stab","Noxious Fumes","Cloak And Dagger","Bullet Time","Pen Nib","GamblersBrew"],"campfire_rested":4,"item_purchase_floors":[3,3,39,39,53,53,53],"current_hp_per_floor":[63,52,52,52,52,52,52,52,52,52,52,52,33,33,33,30,60,59,59,53,52,51,51,10,31,31,31,30,51,51,51,51,45,64,64,64,64,62,62,62,22,43,43,43,43,43,39,39,60,38,62,62,62,52,12],"gold":56,"neow_bonus":"THREE_ENEMY_KILL","is_prod":false,"is_daily":false,"chose_seed":false,"campfire_upgraded":9,"win_rate":0,"timestamp":1544626374,"path_taken":["M","?","$","?","?","R","?","E","T","R","$","R","E","M","R","BOSS","M","?","M","M","M","R","E","R","T","?","M","R","E","?","R","BOSS","M","$","?","M","$","R","E","R","T","R","E","R","M","?","R","BOSS","R","$","E","BOSS"],"build_version":"2018-12-06","purchased_purges":4,"victory":true,"max_hp_per_floor":[70,70,70,70,70,70,70,70,70,70,70,70,70,70,70,70,70,70,70,70,70,70,70,70,70,70,70,70,70,70,70,70,70,70,70,70,70,70,70,70,70,70,70,70,70,70,70,70,70,70,70,70,70,70,70],"card_choices":[{"not_picked":["Infinite Blades","Dodge and Roll"],"picked":"Sucker Punch","floor":1},{"not_picked":["Distraction","Heel Hook"],"picked":"PiercingWail","floor":7},{"not_picked":["Underhanded Strike","Dagger Throw"],"picked":"Crippling Poison","floor":8},{"not_picked":["All Out Attack","Dagger Spray"],"picked":"Bullet Time","floor":13},{"not_picked":["Underhanded Strike","Backflip"],"picked":"Terror","floor":14},{"not_picked":["Bullet Time","Unload"],"picked":"After Image","floor":16},{"not_picked":["Underhanded Strike","Blade Dance"],"picked":"Footwork","floor":18},{"not_picked":["Caltrops","Well Laid Plans"],"picked":"Catalyst","floor":20},{"not_picked":["Masterful Stab","Dagger Throw"],"picked":"Finisher","floor":21},{"not_picked":["Well Laid Plans","Bane"],"picked":"Deadly Poison","floor":22},{"not_picked":["Skewer","PiercingWail"],"picked":"Malaise","floor":24},{"not_picked":["Choke","All Out Attack"],"picked":"Cloak And Dagger","floor":28},{"not_picked":["Backflip","Endless Agony"],"picked":"Blade Dance","floor":28},{"not_picked":["Flechettes","Distraction"],"picked":"Catalyst","floor":30},{"not_picked":["Grand Finale","Die Die Die"],"picked":"After Image","floor":33},{"not_picked":["Heel Hook","Sucker Punch"],"picked":"Calculated Gamble","floor":35},{"not_picked":["Predator","Outmaneuver"],"picked":"Blade Dance","floor":35},{"not_picked":["Violence","Metamorphosis"],"picked":"Blind","floor":37},{"not_picked":["All Out Attack","Dodge and Roll"],"picked":"Cloak And Dagger","floor":38},{"not_picked":["Flying Knee","Underhanded Strike"],"picked":"Dodge and Roll+1","floor":38},{"not_picked":["Flying Knee","Backflip+1"],"picked":"After Image","floor":41},{"not_picked":["Tactician+1","Caltrops"],"picked":"Blade Dance+1","floor":45},{"not_picked":["Well Laid Plans+1","All Out Attack"],"picked":"Choke","floor":47},{"not_picked":["Flying Knee+1","Quick Slash"],"picked":"Bouncing Flask+1","floor":47},{"not_picked":["Tactician+1","Bane"],"picked":"Prepared","floor":54}],"player_experience":330008,"relics_obtained":[{"floor":8,"key":"Whetstone"},{"floor":9,"key":"Bottled Lightning"},{"floor":13,"key":"Anchor"},{"floor":24,"key":"Prayer Wheel"},{"floor":30,"key":"Snake Skull"},{"floor":41,"key":"Blue Candle"},{"floor":43,"key":"Centennial Puzzle"},{"floor":45,"key":"Old Coin"},{"floor":54,"key":"Lantern"}],"event_choices":[{"damage_healed":0,"gold_gain":75,"player_choice":"Gather Gold","damage_taken":11,"max_hp_gain":0,"max_hp_loss":0,"event_name":"World of Goop","floor":2,"gold_loss":0},{"damage_healed":0,"gold_gain":0,"player_choice":"Leave","damage_taken":0,"max_hp_gain":0,"max_hp_loss":0,"event_name":"The Cleric","floor":4,"gold_loss":0},{"damage_healed":0,"gold_gain":100,"player_choice":"Pray","damage_taken":0,"max_hp_gain":0,"max_hp_loss":0,"event_name":"Golden Shrine","floor":5,"gold_loss":0},{"damage_healed":0,"gold_gain":0,"player_choice":"Obtained Relic","damage_taken":0,"relics_obtained":["Shuriken"],"max_hp_gain":0,"max_hp_loss":0,"event_name":"Addict","floor":19,"gold_loss":85},{"damage_healed":0,"gold_gain":0,"player_choice":"Ignored","damage_taken":0,"max_hp_gain":0,"max_hp_loss":0,"event_name":"Vampires","floor":27,"gold_loss":0},{"damage_healed":0,"gold_gain":0,"player_choice":"Ignored","damage_taken":0,"max_hp_gain":0,"max_hp_loss":0,"event_name":"Ghosts","floor":31,"gold_loss":0},{"damage_healed":0,"gold_gain":0,"player_choice":"Memory 1","damage_taken":0,"max_hp_gain":0,"max_hp_loss":0,"event_name":"SensoryStone","floor":37,"gold_loss":0},{"damage_healed":0,"gold_gain":0,"player_choice":"Bought 1 Potion","damage_taken":0,"max_hp_gain":0,"max_hp_loss":0,"event_name":"The Woman in Blue","floor":48,"gold_loss":0}],"is_beta":false,"boss_relics":[{"not_picked":["Ring of the Serpent","Black Star"],"picked":"Runic Pyramid"},{"not_picked":["WristBlade","Astrolabe"],"picked":"Philosopher\u0027s Stone"}],"items_purged_floors":[3,11,36,53],"is_endless":false,"potions_floor_spawned":[1,8,13,18,24,30,41,45,47],"ascension_level":12}