{"path_per_floor":["M","?","M","$","M","E","?","T","T","R","M","M","?","$","R"],"character_chosen":"IRONCLAD","items_purchased":["Dropkick","Offering"],"gold_per_floor":[110,185,201,48,63,93,93,167,167,167,185,199,199,56,56,56],"floor_reached":16,"campfire_rested":1,"playtime":965,"current_hp_per_floor":[72,61,67,67,69,39,39,39,39,60,61,49,49,49,49,0],"items_purged":["Defend_R"],"gold":56,"score":125,"play_id":"14d3d122-161e-47fb-b831-feebaa5a28f8","local_time":"20180522111911","is_prod":false,"is_daily":false,"chose_seed":false,"is_ascension_mode":true,"campfire_upgraded":1,"timestamp":1526980751,"campfire_choices":[{"floor":10,"key":"REST"},{"data":"Offering","floor":15,"key":"SMITH"}],"path_taken":["M","?","M","$","M","E","?","?","T","R","M","?","?","$","R","BOSS"],"build_version":"2018-05-17","seed_source_timestamp":602217077346009,"purchased_purges":1,"victory":false,"master_deck":["Strike_R+1","Defend_R","Defend_R","Defend_R","Bash","Armaments","Dropkick+1","Offering","Offering+1"],"max_hp_per_floor":[72,72,72,72,72,72,72,72,72,72,72,72,72,72,72,72],"relics":["Burning Blood","Whetstone","Mummified Hand","Du-Vu Doll"],"card_choices":[{"not_picked":["Sever Soul","Power Through"],"picked":"Armaments","floor":1},{"not_picked":["Feel No Pain","Pommel Strike","Evolve"],"picked":"SKIP","floor":3},{"not_picked":["Thunderclap","Headbutt","Flame Barrier"],"picked":"SKIP","floor":5},{"not_picked":["True Grit","Armaments","Flex"],"picked":"SKIP","floor":6},{"not_picked":["Fire Breathing","Second Wind","Anger"],"picked":"SKIP","floor":11},{"not_picked":["Heavy Blade","Twin Strike","Warcry"],"picked":"SKIP","floor":12}],"player_experience":243450,"potions_floor_usage":[],"damage_taken":[{"damage":5,"enemies":"Small Slimes","floor":1,"turns":4},{"damage":0,"enemies":"2 Louse","floor":3,"turns":3},{"damage":4,"enemies":"Jaw Worm","floor":5,"turns":4},{"damage":36,"enemies":"Lagavulin","floor":6,"turns":8},{"damage":5,"enemies":"Red Slaver","floor":11,"turns":3},{"damage":18,"enemies":"Large Slime","floor":12,"turns":7},{"damage":51,"enemies":"Hexaghost","floor":16,"turns":12}],"relics_obtained":[{"floor":6,"key":"Whetstone"},{"floor":8,"key":"Mummified Hand"},{"floor":9,"key":"Du-Vu Doll"}],"event_choices":[{"event_name":"World of Goop","player_choice":"Gather Gold","floor":2,"damage_taken":0},{"event_name":"Purifier","player_choice":"One Purge","floor":7,"damage_taken":0},{"event_name":"Transmorgrifier","player_choice":"Transform","floor":13,"damage_taken":0}],"boss_relics":[],"potions_floor_spawned":[1,3,12],"seed_played":"5015882249555399617","killed_by":"Hexaghost","ascension_level":5,"potions_obtained":[{"floor":1,"key":"Strength Potion"},{"floor":3,"key":"SmokeBomb"},{"floor":12,"key":"SpeedPotion"}],"is_trial":false}