{"gold_per_floor":[116,116,129,144,144,144,170,170,170,186,156,171,185,200,200,304,304,320,1,1,1,19,19,54,66,66,86,103,103,103,120,120,221,221,236,48,48,64,75,75,75,75,75,86,118,118,143,162,162,162,162,162,9,39,39],"floor_reached":55,"playtime":8872,"items_purged":[],"score":837,"play_id":"a262c8eb-2dcb-4a80-901d-e82d837dc5b5","local_time":"20190417111420","is_ascension_mode":true,"campfire_choices":[{"data":"Leg Sweep","floor":6.0,"key":"SMITH"},{"floor":15.0,"key":"REST"},{"floor":23.0,"key":"RECALL"},{"floor":29.0,"key":"REST"},{"floor":32.0,"key":"REST"},{"floor":40.0,"key":"REST"},{"floor":42.0,"key":"REST"},{"floor":46.0,"key":"REST"},{"floor":49.0,"key":"REST"},{"floor":52.0,"key":"REST"}],"neow_cost":"NONE","seed_source_timestamp":0,"circlet_count":0,"master_deck":["Defend_G","Defend_G","Defend_G","Defend_G","Defend_G","Strike_G","Strike_G","Strike_G+1","Strike_G","Strike_G","Survivor","Neutralize+1","Deflect","Leg Sweep+1","Acrobatics","A Thousand Cuts","Parasite","Quick Slash","Slice","Slice","Slice","Backflip","After Image","Backflip","Flying Knee","Prepared","Well Laid Plans","Footwork","Deflect","Blade Dance","Infinite Blades+1","Dagger Throw","Tools of the Trade","Distraction+1","Backstab","PiercingWail","Infinite Blades+1","Prepared","Deep Breath","Flash of Steel","Apotheosis","Underhanded Strike","Flying Knee","Acrobatics+1","Endless Agony","Envenom+1","Sucker Punch+1","Acrobatics+1","Sadistic Nature+1","Leg Sweep","Dagger Throw","Slice+1"],"special_seed":0,"relics":["Ring of the Snake","Shuriken","White Beast Statue","Membership Card","Lantern","MutagenicStrength","Ice Cream","Du-Vu Doll","Juzu Bracelet","Fusion Hammer","Frozen Egg 2","Dream Catcher","Torii","Bag of Marbles","Art of War"],"potions_floor_usage":[55,55,55],"damage_taken":[{"damage":0.0,"enemies":"Jaw Worm","floor":1.0,"turns":5.0},{"damage":2.0,"enemies":"2 Louse","floor":3.0,"turns":3.0},{"damage":0.0,"enemies":"Cultist","floor":4.0,"turns":4.0},{"damage":31.0,"enemies":"Lagavulin","floor":7.0,"turns":16.0},{"damage":4.0,"enemies":"Exordium Thugs","floor":10.0,"turns":5.0},{"damage":0.0,"enemies":"Looter","floor":11.0,"turns":4.0},{"damage":0.0,"enemies":"2 Fungi Beasts","floor":12.0,"turns":3.0},{"damage":12.0,"enemies":"Exordium Thugs","floor":13.0,"turns":6.0},{"damage":7.0,"enemies":"3 Louse","floor":14.0,"turns":3.0},{"damage":16.0,"enemies":"Hexaghost","floor":16.0,"turns":8.0},{"damage":13.0,"enemies":"3 Byrds","floor":18.0,"turns":6.0},{"damage":5.0,"enemies":"Chosen","floor":22.0,"turns":7.0},{"damage":31.0,"enemies":"Gremlin Leader","floor":24.0,"turns":9.0},{"damage":11.0,"enemies":"Snake Plant","floor":25.0,"turns":6.0},{"damage":14.0,"enemies":"Snecko","floor":27.0,"turns":7.0},{"damage":0.0,"enemies":"3 Cultists","floor":28.0,"turns":7.0},{"damage":9.0,"enemies":"Sentry and Sphere","floor":31.0,"turns":5.0},{"damage":31.0,"enemies":"Automaton","floor":33.0,"turns":9.0},{"damage":26.0,"enemies":"3 Darklings","floor":35.0,"turns":5.0},{"damage":5.0,"enemies":"3 Shapes","floor":38.0,"turns":4.0},{"damage":11.0,"enemies":"Sphere and 2 Shapes","floor":39.0,"turns":4.0},{"damage":23.0,"enemies":"Writhing Mass","floor":44.0,"turns":6.0},{"damage":9.0,"enemies":"Nemesis","floor":45.0,"turns":7.0},{"damage":0.0,"enemies":"Giant Head","floor":47.0,"turns":7.0},{"damage":10.0,"enemies":"Jaw Worm Horde","floor":48.0,"turns":2.0},{"damage":45.0,"enemies":"Donu and Deca","floor":50.0,"turns":8.0},{"damage":38.0,"enemies":"Shield and Spear","floor":54.0,"turns":6.0},{"damage":44,"enemies":"The Heart","floor":55,"turns":3}],"seed_played":"-9056433552345751195","potions_obtained":[{"floor":3.0,"key":"Dexterity Potion"},{"floor":13.0,"key":"FearPotion"},{"floor":14.0,"key":"Strength Potion"},{"floor":18.0,"key":"Ancient Potion"},{"floor":22.0,"key":"Poison Potion"},{"floor":24.0,"key":"Poison Potion"},{"floor":25.0,"key":"Weak Potion"},{"floor":27.0,"key":"Fire Potion"},{"floor":28.0,"key":"Explosive Potion"},{"floor":31.0,"key":"GhostInAJar"},{"floor":33.0,"key":"LiquidBronze"},{"floor":35.0,"key":"Regen Potion"},{"floor":38.0,"key":"SmokeBomb"},{"floor":39.0,"key":"Ancient Potion"},{"floor":44.0,"key":"Dexterity Potion"},{"floor":45.0,"key":"SpeedPotion"},{"floor":47.0,"key":"Strength Potion"},{"floor":48.0,"key":"Swift Potion"},{"floor":54.0,"key":"Swift Potion"}],"is_trial":false,"path_per_floor":["M","?","M","M","?","R","E","?","T","M","M","M","M","M","R","B",null,"M","$","?","?","M","R","E","M","T","M","M","R","?","M","R","B",null,"M","$","?","M","M","R","?","R","T","M","E","R","E","M","R","B",null,"R","$","E","B"],"character_chosen":"THE_SILENT","items_purchased":["Flying Knee","Membership Card","Lantern","Prepared","Frozen Egg 2","Backstab","PiercingWail","Sadistic Nature+1","Leg Sweep","Dagger Throw","Dexterity Potion"],"campfire_rested":8,"item_purchase_floors":[19,19,19,19,36,36,36,53,53,53,53],"current_hp_per_floor":[77,62,60,60,65,65,34,54,54,50,50,50,38,31,55,39,82,69,69,69,69,64,64,33,22,22,8,8,32,32,23,47,16,82,56,56,56,51,49,73,63,82,82,59,50,74,74,64,82,37,82,82,82,44,0],"gold":39,"neow_bonus":"TEN_PERCENT_HP_BONUS","is_prod":false,"is_daily":false,"chose_seed":false,"campfire_upgraded":1,"win_rate":0,"timestamp":1555514060,"path_taken":["M","?","M","M","?","R","E","?","T","M","M","M","M","M","R","BOSS","M","$","?","?","M","R","E","M","T","M","M","R","?","M","R","BOSS","M","$","?","M","M","R","?","R","T","M","E","R","E","M","R","BOSS","R","$","E","BOSS"],"build_version":"2019-01-23","purchased_purges":0,"victory":false,"max_hp_per_floor":[77,77,77,77,82,82,82,82,82,82,82,82,82,82,82,82,82,82,82,82,82,82,82,82,82,82,82,82,82,82,82,82,82,82,82,82,82,82,82,82,82,82,82,82,82,82,82,82,82,82,82,82,82,82,82],"card_choices":[{"not_picked":["Backstab","Quick Slash"],"picked":"Deflect","floor":1.0},{"not_picked":["Slice","Underhanded Strike"],"picked":"Leg Sweep","floor":3.0},{"not_picked":["Deflect","Doppelganger"],"picked":"Acrobatics","floor":4.0},{"not_picked":["Backflip","Expertise"],"picked":"A Thousand Cuts","floor":7.0},{"not_picked":["Choke","PiercingWail"],"picked":"Quick Slash","floor":10.0},{"not_picked":["Deflect","Escape Plan"],"picked":"Slice","floor":11.0},{"not_picked":["Deflect","Accuracy"],"picked":"Slice","floor":12.0},{"not_picked":["PiercingWail","Storm of Steel"],"picked":"Slice","floor":13.0},{"not_picked":["Deflect","Acrobatics"],"picked":"Backflip","floor":14.0},{"not_picked":["A Thousand Cuts","Die Die Die"],"picked":"After Image","floor":16.0},{"not_picked":["Poisoned Stab","Prepared"],"picked":"Backflip","floor":18.0},{"not_picked":["Deadly Poison","PiercingWail+1"],"picked":"Well Laid Plans","floor":22.0},{"not_picked":["Noxious Fumes","Calculated Gamble"],"picked":"Footwork","floor":24.0},{"not_picked":["PiercingWail","Bane"],"picked":"Deflect","floor":25.0},{"not_picked":["Reflex","Outmaneuver"],"picked":"Blade Dance","floor":27.0},{"not_picked":["Outmaneuver","Sucker Punch+1"],"picked":"Infinite Blades+1","floor":28.0},{"not_picked":["Slice","Underhanded Strike"],"picked":"Dagger Throw","floor":31.0},{"not_picked":["Bullet Time","Wraith Form v2"],"picked":"Tools of the Trade","floor":33.0},{"not_picked":["Backflip","Flechettes"],"picked":"Distraction+1","floor":35.0},{"not_picked":["Tactician","Footwork+1"],"picked":"Infinite Blades+1","floor":38.0},{"not_picked":["Backflip+1","Riddle With Holes"],"picked":"Prepared","floor":39.0},{"not_picked":["Impatience","Enlightenment"],"picked":"Deep Breath","floor":41.0},{"not_picked":["Mayhem+1","Deep Breath"],"picked":"Flash of Steel","floor":41.0},{"not_picked":["Purity","Thinking Ahead"],"picked":"Apotheosis","floor":41.0},{"not_picked":["Outmaneuver","Dodge and Roll"],"picked":"Underhanded Strike","floor":44.0},{"not_picked":["Bane","Flechettes+1"],"picked":"Flying Knee","floor":45.0},{"not_picked":["Flechettes","Blade Dance"],"picked":"Acrobatics+1","floor":46.0},{"not_picked":["Catalyst","All Out Attack"],"picked":"Endless Agony","floor":47.0},{"not_picked":["PiercingWail","Flechettes+1"],"picked":"Envenom+1","floor":48.0},{"not_picked":["Backstab","Slice"],"picked":"Sucker Punch+1","floor":49.0},{"not_picked":["Blade Dance","Dagger Spray+1"],"picked":"Acrobatics+1","floor":52.0},{"not_picked":["Sucker Punch","Underhanded Strike"],"picked":"Slice+1","floor":54.0}],"player_experience":101828,"relics_obtained":[{"floor":7.0,"key":"Shuriken"},{"floor":24.0,"key":"Ice Cream"},{"floor":26.0,"key":"Du-Vu Doll"},{"floor":43.0,"key":"Dream Catcher"},{"floor":45.0,"key":"Torii"},{"floor":47.0,"key":"Bag of Marbles"},{"floor":54.0,"key":"Art of War"}],"event_choices":[{"damage_healed":0.0,"max_hp_gain":0.0,"max_hp_loss":0.0,"gold_gain":0.0,"event_name":"Shining Light","player_choice":"Entered Light","floor":2.0,"gold_loss":0.0,"damage_taken":15.0,"cards_upgraded":["Neutralize","Strike_G"]},{"damage_healed":0.0,"max_hp_gain":5.0,"max_hp_loss":0.0,"gold_gain":0.0,"event_name":"Big Fish","player_choice":"Donut","floor":5.0,"gold_loss":0.0,"damage_taken":0.0},{"damage_healed":20.0,"max_hp_gain":0.0,"max_hp_loss":0.0,"gold_gain":0.0,"event_name":"Mushrooms","player_choice":"Healed and dodged fight","floor":8.0,"gold_loss":0.0,"damage_taken":0.0,"cards_obtained":["Parasite"]},{"damage_healed":0.0,"max_hp_gain":0.0,"max_hp_loss":0.0,"gold_gain":0.0,"event_name":"Vampires","player_choice":"Ignored","floor":20.0,"gold_loss":0.0,"damage_taken":0.0},{"damage_healed":0.0,"max_hp_gain":0.0,"max_hp_loss":0.0,"gold_gain":0.0,"event_name":"Drug Dealer","player_choice":"Inject Mutagens","floor":21.0,"gold_loss":0.0,"damage_taken":0.0,"relics_obtained":["MutagenicStrength"]},{"damage_healed":0.0,"max_hp_gain":0.0,"max_hp_loss":0.0,"gold_gain":0.0,"event_name":"WeMeetAgain","player_choice":"Gave Potion","floor":30.0,"gold_loss":0.0,"damage_taken":0.0,"relics_obtained":["Juzu Bracelet"]},{"damage_healed":0.0,"max_hp_gain":0.0,"max_hp_loss":0.0,"gold_gain":0.0,"event_name":"Fountain of Cleansing","player_choice":"Ignored","floor":37.0,"gold_loss":0.0,"damage_taken":0.0},{"damage_healed":0.0,"max_hp_gain":0.0,"max_hp_loss":0.0,"gold_gain":0.0,"event_name":"SensoryStone","player_choice":"Memory 3","floor":41.0,"gold_loss":0.0,"damage_taken":10.0}],"is_beta":false,"boss_relics":[{"not_picked":["Pandora\u0027s Box","Calling Bell"],"picked":"White Beast Statue"},{"not_picked":["Snecko Eye","Runic Pyramid"],"picked":"Fusion Hammer"}],"items_purged_floors":[],"is_endless":false,"potions_floor_spawned":[3,13,14,18,22,24,25,27,28,31,33,35,38,39,44,45,47,48,54],"killed_by":"The Heart","ascension_level":1}