{"gold_per_floor":[111,34,44,55,20,46,46,57,104,104,104,104,121,98,98,98],"floor_reached":16,"playtime":800,"items_purged":[],"score":204,"play_id":"422e1023-9a74-486b-b40f-44c366a6ac37","local_time":"20190209003556","is_ascension_mode":true,"campfire_choices":[{"floor":11,"key":"REST"},{"data":"Burst","floor":15,"key":"SMITH"}],"neow_cost":"NONE","seed_source_timestamp":166530815136578,"circlet_count":0,"master_deck":["AscendersBane","Defend_G+1","Defend_G","Defend_G","Defend_G","Defend_G","Strike_G","Strike_G","Strike_G+1","Strike_G","Strike_G","Survivor","Neutralize+1","PiercingWail","Noxious Fumes+1","Leg Sweep","Backflip","Dodge and Roll","Catalyst","Burst+1"],"relics":["Ring of the Snake","Pantograph","Potion Belt","Frozen Egg 2"],"potions_floor_usage":[6,16,16],"damage_taken":[{"damage":5,"enemies":"Small Slimes","floor":1,"turns":4},{"damage":2,"enemies":"2 Louse","floor":3,"turns":4},{"damage":0,"enemies":"Cultist","floor":4,"turns":5},{"damage":19,"enemies":"Lagavulin","floor":6,"turns":10},{"damage":15,"enemies":"Lots of Slimes","floor":8,"turns":6},{"damage":10,"enemies":"Exordium Wildlife","floor":13,"turns":6},{"damage":6,"enemies":"Exordium Thugs","floor":14,"turns":6},{"damage":40,"enemies":"Slime Boss","floor":16,"turns":9}],"seed_played":"1499912913953381142","potions_obtained":[{"floor":3,"key":"Explosive Potion"},{"floor":4,"key":"SteroidPotion"},{"floor":6,"key":"Block Potion"},{"floor":13,"key":"EssenceOfSteel"},{"floor":14,"key":"PowerPotion"}],"is_trial":false,"path_per_floor":["M","$","M","M","?","E","?","M","T","?","R","T","M","M","R","B"],"character_chosen":"THE_SILENT","items_purchased":["Noxious Fumes"],"campfire_rested":1,"item_purchase_floors":[2],"current_hp_per_floor":[54,54,52,52,66,47,47,32,32,12,31,31,21,15,15,0],"gold":98,"neow_bonus":"UPGRADE_CARD","is_prod":false,"is_daily":false,"chose_seed":false,"campfire_upgraded":1,"win_rate":0,"timestamp":1549668956,"path_taken":["M","$","M","M","?","E","?","M","T","?","R","?","M","M","R","BOSS"],"build_version":"2019-01-23","purchased_purges":0,"victory":false,"max_hp_per_floor":[66,66,66,66,66,66,66,66,66,66,66,66,66,66,66,66],"card_choices":[{"not_picked":["Dagger Throw","Flying Knee"],"picked":"PiercingWail","floor":1},{"not_picked":["All Out Attack","Backflip"],"picked":"Leg Sweep","floor":3},{"not_picked":["Dodge and Roll","Dagger Spray"],"picked":"Backflip","floor":4},{"not_picked":["Eviscerate","Bane"],"picked":"Dodge and Roll","floor":6},{"not_picked":["Setup","Deadly Poison"],"picked":"Catalyst","floor":8},{"not_picked":["Prepared","Bane"],"picked":"Burst","floor":13},{"not_picked":["Deflect","Endless Agony","Dagger Throw"],"picked":"SKIP","floor":14}],"player_experience":603463,"relics_obtained":[{"floor":6,"key":"Pantograph"},{"floor":9,"key":"Potion Belt"},{"floor":12,"key":"Frozen Egg 2"}],"event_choices":[{"damage_healed":16,"gold_gain":0,"player_choice":"Healed","damage_taken":0,"max_hp_gain":0,"max_hp_loss":0,"event_name":"The Cleric","floor":5,"gold_loss":35},{"damage_healed":0,"gold_gain":0,"player_choice":"Grow","damage_taken":0,"max_hp_gain":0,"max_hp_loss":0,"event_name":"Living Wall","floor":7,"gold_loss":0,"cards_upgraded":["Noxious Fumes"]},{"damage_healed":0,"gold_gain":0,"player_choice":"Entered Light","damage_taken":20,"max_hp_gain":0,"max_hp_loss":0,"event_name":"Shining Light","floor":10,"gold_loss":0,"cards_upgraded":["Strike_G","Defend_G"]}],"is_beta":false,"boss_relics":[],"items_purged_floors":[],"is_endless":false,"potions_floor_spawned":[3,4,6,13,14],"killed_by":"Slime Boss","ascension_level":20}