{"gold_per_floor":[211,223,148,148,160,160,160,193,239,99,99,117,137,12,12,12],"floor_reached":16,"playtime":766,"items_purged":["Strike_B","Strike_B","Strike_B"],"score":190,"play_id":"0305b00f-6e89-413f-babb-6abd60b8b55f","local_time":"20190106222603","is_ascension_mode":true,"campfire_choices":[{"data":"Zap","floor":6,"key":"SMITH"},{"floor":11,"key":"REST"},{"data":"Defragment","floor":15,"key":"SMITH"}],"neow_cost":"NONE","seed_source_timestamp":1467675659391381,"circlet_count":0,"master_deck":["AscendersBane","Strike_B","Defend_B","Defend_B","Defend_B","Zap+1","Dualcast","Leap","Self Repair","White Noise","Go for the Eyes","Defragment+1"],"relics":["Cracked Core","Anchor","Bag of Marbles"],"potions_floor_usage":[8,8],"damage_taken":[{"damage":7,"enemies":"Jaw Worm","floor":1,"turns":4},{"damage":1,"enemies":"2 Louse","floor":2,"turns":2},{"damage":1,"enemies":"Cultist","floor":5,"turns":3},{"damage":39,"enemies":"Gremlin Nob","floor":8,"turns":4},{"damage":4,"enemies":"3 Louse","floor":12,"turns":3},{"damage":12,"enemies":"Lots of Slimes","floor":13,"turns":5},{"damage":45,"enemies":"Slime Boss","floor":16,"turns":10}],"seed_played":"2121992824183568179","potions_obtained":[{"floor":1,"key":"SteroidPotion"},{"floor":2,"key":"FocusPotion"}],"is_trial":false,"path_per_floor":["M","M","$","?","M","R","?","E","T","$","R","M","M","$","R","B"],"character_chosen":"DEFECT","items_purchased":["White Noise"],"campfire_rested":1,"item_purchase_floors":[10],"current_hp_per_floor":[57,56,56,56,55,55,60,21,21,21,43,46,41,41,41,0],"gold":12,"neow_bonus":"HUNDRED_GOLD","is_prod":false,"is_daily":false,"chose_seed":false,"campfire_upgraded":2,"win_rate":0,"timestamp":1546809963,"path_taken":["M","M","$","?","M","R","?","E","T","$","R","M","M","$","R","BOSS"],"build_version":"2019-01-03v4","purchased_purges":3,"victory":false,"max_hp_per_floor":[71,71,71,71,71,71,76,76,76,76,76,76,76,76,76,76],"card_choices":[{"not_picked":["Scrape","Compile Driver","Gash"],"picked":"SKIP","floor":1},{"not_picked":["Heatsinks","Beam Cell","Consume"],"picked":"SKIP","floor":2},{"not_picked":["Aggregate","Stack"],"picked":"Leap","floor":5},{"not_picked":["Stack","Beam Cell"],"picked":"Self Repair","floor":8},{"not_picked":["Beam Cell","Skim"],"picked":"Go for the Eyes","floor":12},{"not_picked":["Ball Lightning","Conserve Battery"],"picked":"Defragment","floor":13}],"player_experience":485731,"relics_obtained":[{"floor":8,"key":"Anchor"},{"floor":9,"key":"Bag of Marbles"}],"event_choices":[{"cards_removed":["Defend_B"],"damage_healed":0,"gold_gain":0,"player_choice":"Forget","damage_taken":0,"max_hp_gain":0,"max_hp_loss":0,"event_name":"Living Wall","floor":4,"gold_loss":0},{"damage_healed":0,"gold_gain":0,"player_choice":"Donut","damage_taken":0,"max_hp_gain":5,"max_hp_loss":0,"event_name":"Big Fish","floor":7,"gold_loss":0}],"is_beta":false,"boss_relics":[],"items_purged_floors":[3,10,14],"is_endless":false,"potions_floor_spawned":[1,2,5],"killed_by":"Slime Boss","ascension_level":18}