{"gold_per_floor":[116,135,15,33,46,46,64,89,89,121,121,92,92,124,124,221,221,234,246,134,114,114],"floor_reached":22,"playtime":3170,"items_purged":["Strike_G"],"score":301,"play_id":"9b47c38c-e745-4d32-8e55-9cf158da95d3","local_time":"20181211020211","is_ascension_mode":true,"campfire_choices":[{"data":"Neutralize","floor":6,"key":"SMITH"},{"floor":13,"key":"REST"},{"floor":15,"key":"REST"}],"neow_cost":"PERCENT_DAMAGE","seed_source_timestamp":2263112358184788,"circlet_count":0,"master_deck":["AscendersBane","Defend_G","Defend_G","Defend_G","Defend_G","Strike_G","Strike_G","Strike_G","Survivor","Neutralize+1","Storm of Steel","Backflip","Deflect","Sucker Punch","Tools of the Trade","Dodge and Roll","Blur","Poisoned Stab","Cloak And Dagger","Poisoned Stab","Blade Dance","A Thousand Cuts","Reflex","Dagger Spray+1","Caltrops"],"relics":["Ring of the Snake","Odd Mushroom","Ice Cream","Du-Vu Doll","Runic Pyramid"],"potions_floor_usage":[10,10,14],"damage_taken":[{"damage":1,"enemies":"2 Louse","floor":1,"turns":3},{"damage":0,"enemies":"Small Slimes","floor":2,"turns":4},{"damage":1,"enemies":"Cultist","floor":4,"turns":5},{"damage":1,"enemies":"Looter","floor":5,"turns":5},{"damage":1,"enemies":"Blue Slaver","floor":7,"turns":7},{"damage":26,"enemies":"The Mushroom Lair","floor":8,"turns":6},{"damage":13,"enemies":"3 Sentries","floor":10,"turns":18},{"damage":16,"enemies":"Gremlin Nob","floor":14,"turns":5},{"damage":20,"enemies":"The Guardian","floor":16,"turns":17},{"damage":19,"enemies":"Spheric Guardian","floor":18,"turns":5},{"damage":1,"enemies":"Chosen","floor":19,"turns":6},{"damage":42,"enemies":"Snake Plant","floor":22,"turns":5}],"seed_played":"9002507053570662438","potions_obtained":[{"floor":4,"key":"GhostInAJar"},{"floor":7,"key":"Dexterity Potion"},{"floor":10,"key":"EssenceOfSteel"},{"floor":16,"key":"LiquidBronze"},{"floor":21,"key":"GamblersBrew"}],"is_trial":false,"path_per_floor":["M","M","$","M","M","R","M","?","T","E","?","?","R","E","R","B",null,"M","M","$","?","M"],"character_chosen":"THE_SILENT","items_purchased":["Tools of the Trade","Dodge and Roll","Caltrops"],"campfire_rested":2,"item_purchase_floors":[3,3,20],"current_hp_per_floor":[44,44,44,43,42,42,41,15,15,2,2,2,23,7,28,8,55,36,35,35,35,0],"gold":114,"neow_bonus":"TRANSFORM_TWO_CARDS","is_prod":false,"is_daily":false,"chose_seed":false,"campfire_upgraded":1,"win_rate":0,"timestamp":1544490131,"path_taken":["M","M","$","M","M","R","M","?","T","E","?","?","R","E","R","BOSS","M","M","$","?","M"],"build_version":"2018-12-06","purchased_purges":1,"victory":false,"max_hp_per_floor":[70,70,70,70,70,70,70,70,70,70,70,70,70,70,70,70,70,70,70,70,70,70],"card_choices":[{"not_picked":["Dagger Throw","Reflex"],"picked":"Deflect","floor":1},{"not_picked":["Bouncing Flask","Quick Slash"],"picked":"Sucker Punch","floor":2},{"not_picked":["Masterful Stab","Deadly Poison"],"picked":"Blur","floor":4},{"not_picked":["Concentrate","Setup","Bane"],"picked":"SKIP","floor":5},{"not_picked":["Flechettes","Backflip"],"picked":"Poisoned Stab","floor":7},{"not_picked":["Slice","Poisoned Stab"],"picked":"Cloak And Dagger","floor":8},{"not_picked":["Finisher","Bane"],"picked":"Poisoned Stab","floor":10},{"not_picked":["Bane","Endless Agony"],"picked":"Blade Dance","floor":14},{"not_picked":["Venomology","Night Terror"],"picked":"A Thousand Cuts","floor":16},{"not_picked":["Eviscerate","Slice"],"picked":"Reflex","floor":18},{"not_picked":["Bouncing Flask","Acrobatics+1"],"picked":"Dagger Spray+1","floor":19}],"player_experience":313362,"relics_obtained":[{"floor":8,"key":"Odd Mushroom"},{"floor":10,"key":"Ice Cream"},{"floor":14,"key":"Du-Vu Doll"}],"event_choices":[{"damage_healed":0,"gold_gain":0,"player_choice":"Fought Mushrooms","damage_taken":0,"max_hp_gain":0,"max_hp_loss":0,"event_name":"Mushrooms","floor":8,"gold_loss":0},{"damage_healed":0,"gold_gain":0,"player_choice":"Fled","damage_taken":0,"max_hp_gain":0,"max_hp_loss":0,"event_name":"Scrap Ooze","floor":11,"gold_loss":0},{"damage_healed":0,"gold_gain":0,"player_choice":"Left Gold","damage_taken":0,"max_hp_gain":0,"max_hp_loss":0,"event_name":"World of Goop","floor":12,"gold_loss":29},{"damage_healed":0,"gold_gain":0,"player_choice":"Bought 1 Potion","damage_taken":0,"max_hp_gain":0,"max_hp_loss":0,"event_name":"The Woman in Blue","floor":21,"gold_loss":0}],"is_beta":false,"boss_relics":[{"not_picked":["Cursed Key","Orrery"],"picked":"Runic Pyramid"}],"items_purged_floors":[20],"is_endless":false,"potions_floor_spawned":[4,7,10,16],"killed_by":"Snake Plant","ascension_level":11}