{"gold_per_floor":[119,119,5,15,15,15,41,52,52,91,121,133,145,187,199,211],"floor_reached":16,"playtime":550,"items_purged":["Defend_G"],"score":140,"play_id":"2cb3b92d-d7b1-47b8-aa9a-fb0a764faffe","local_time":"20181210162243","is_ascension_mode":true,"campfire_choices":[{"data":"Footwork","floor":6,"key":"SMITH"},{"floor":13,"key":"REST"},{"data":"Backflip","floor":15,"key":"SMITH"}],"neow_cost":"NONE","seed_source_timestamp":2230966194874254,"circlet_count":0,"master_deck":["Defend_G","Defend_G","Defend_G","Defend_G","Strike_G+1","Strike_G","Strike_G+1","Strike_G","Strike_G","Survivor","Neutralize","Well Laid Plans","Footwork+1","Backflip","Backflip+1"],"relics":["Ring of the Snake","NeowsBlessing","Dodecahedron","MawBank","Pen Nib","Bag of Marbles"],"potions_floor_usage":[10],"damage_taken":[{"damage":0,"enemies":"Small Slimes","floor":1,"turns":1},{"damage":0,"enemies":"2 Louse","floor":4,"turns":1},{"damage":0,"enemies":"3 Sentries","floor":7,"turns":1},{"damage":0,"enemies":"Cultist","floor":8,"turns":3},{"damage":39,"enemies":"Gremlin Nob","floor":10,"turns":6},{"damage":5,"enemies":"3 Louse","floor":11,"turns":4},{"damage":54,"enemies":"Slime Boss","floor":16,"turns":10}],"seed_played":"5238246274298669524","potions_obtained":[{"floor":4,"key":"LiquidBronze"},{"floor":8,"key":"Regen Potion"},{"floor":10,"key":"LiquidBronze"}],"is_trial":false,"path_per_floor":["M","?","$","M","?","R","E","M","T","E","M","?","R","?","R","B"],"character_chosen":"THE_SILENT","items_purchased":["Well Laid Plans"],"campfire_rested":1,"item_purchase_floors":[3],"current_hp_per_floor":[70,56,56,56,56,56,56,56,56,32,27,24,45,45,45,0],"gold":211,"neow_bonus":"THREE_ENEMY_KILL","is_prod":false,"is_daily":false,"chose_seed":false,"campfire_upgraded":2,"win_rate":0,"timestamp":1544455363,"path_taken":["M","?","$","M","?","R","E","M","T","E","M","?","R","?","R","BOSS"],"build_version":"2018-12-06","purchased_purges":1,"victory":false,"max_hp_per_floor":[70,70,70,70,70,70,70,70,70,70,70,70,70,70,70,70],"card_choices":[{"not_picked":["Bane","Leg Sweep","Flechettes"],"picked":"SKIP","floor":1},{"not_picked":["Prepared","Endless Agony"],"picked":"Footwork","floor":4},{"not_picked":["Prepared","Deflect"],"picked":"Backflip","floor":7},{"not_picked":["Reflex","Crippling Poison"],"picked":"Backflip","floor":8},{"not_picked":["Deadly Poison","Catalyst","Blade Dance"],"picked":"SKIP","floor":10},{"not_picked":["Bullet Time","Dash","Deadly Poison"],"picked":"SKIP","floor":11}],"player_experience":301502,"relics_obtained":[{"floor":7,"key":"Dodecahedron"},{"floor":9,"key":"MawBank"},{"floor":10,"key":"Pen Nib"}],"event_choices":[{"damage_healed":0,"gold_gain":0,"player_choice":"Entered Light","damage_taken":14,"max_hp_gain":0,"max_hp_loss":0,"event_name":"Shining Light","floor":2,"gold_loss":0,"cards_upgraded":["Strike_G","Strike_G"]},{"damage_healed":0,"gold_gain":0,"player_choice":"Ignored","damage_taken":0,"max_hp_gain":0,"max_hp_loss":0,"event_name":"Liars Game","floor":5,"gold_loss":0},{"damage_healed":0,"gold_gain":0,"player_choice":"Success","damage_taken":3,"relics_obtained":["Bag of Marbles"],"max_hp_gain":0,"max_hp_loss":0,"event_name":"Scrap Ooze","floor":12,"gold_loss":0},{"damage_healed":0,"gold_gain":30,"player_choice":"Searched \u00271\u0027 times","damage_taken":0,"max_hp_gain":0,"max_hp_loss":0,"event_name":"Dead Adventurer","floor":14,"gold_loss":0}],"is_beta":false,"boss_relics":[],"items_purged_floors":[3],"is_endless":false,"potions_floor_spawned":[4,8,10],"killed_by":"Slime Boss","ascension_level":1}