{"gold_per_floor":[214,231,156,156,172,172,191,191,191,201,232,42,57,57,57,132,132,148,166,178,188,103,115,143,171,183,195,207,250,287,319,331,415,427,456,482,544,576,601,640,664,676,688,718,746,758,785,797,809,821],"floor_reached":51,"playtime":4132,"items_purged":["Strike_G"],"score":1219,"play_id":"a8708efb-9422-4f98-963d-40224e7e0105","local_time":"20190112004123","is_ascension_mode":true,"campfire_choices":[{"data":"Dash","floor":6.0,"key":"SMITH"},{"data":"Neutralize","floor":8.0,"key":"SMITH"},{"data":"Bullet Time","floor":15.0,"key":"SMITH"},{"floor":23,"key":"REST"},{"floor":27,"key":"REST"},{"data":"After Image","floor":32,"key":"SMITH"},{"floor":42,"key":"REST"},{"data":"After Image","floor":46,"key":"SMITH"},{"data":"Footwork","floor":49,"key":"SMITH"}],"neow_cost":"NONE","seed_source_timestamp":0,"circlet_count":0,"master_deck":["AscendersBane","Defend_G","Defend_G","Survivor","Neutralize+1","Backflip","Dash+1","Backflip","Terror","Bullet Time+1","Cloak And Dagger","Bouncing Flask","Noxious Fumes","PiercingWail","After Image+1","Phantasmal Killer+1","All Out Attack+1","Acrobatics+1","Noxious Fumes+1","Footwork+1","Noxious Fumes+1","PiercingWail","Corpse Explosion","Escape Plan","After Image+1","Blur","Escape Plan","Backflip+1"],"special_seed":0,"relics":["Ring of the Snake","Potion Belt","Paper Crane","Astrolabe","MawBank","Tough Bandages","Bottled Flame","Anchor","Philosopher\u0027s Stone","Mummified Hand","Pantograph"],"potions_floor_usage":[29,31,39,39,50,50,50],"damage_taken":[{"damage":0.0,"enemies":"Small Slimes","floor":1.0,"turns":6.0},{"damage":0.0,"enemies":"2 Louse","floor":2.0,"turns":5.0},{"damage":0.0,"enemies":"Jaw Worm","floor":5.0,"turns":6.0},{"damage":7.0,"enemies":"Gremlin Gang","floor":7.0,"turns":7.0},{"damage":0.0,"enemies":"3 Louse","floor":10.0,"turns":6.0},{"damage":20.0,"enemies":"Lagavulin","floor":11.0,"turns":8.0},{"damage":0.0,"enemies":"Blue Slaver","floor":13.0,"turns":3.0},{"damage":7.0,"enemies":"The Guardian","floor":16.0,"turns":9.0},{"damage":5,"enemies":"2 Thieves","floor":18,"turns":5},{"damage":6,"enemies":"Spheric Guardian","floor":19,"turns":3},{"damage":14,"enemies":"Snake Plant","floor":20,"turns":7},{"damage":9,"enemies":"Centurion and Healer","floor":21,"turns":7},{"damage":0,"enemies":"Chosen and Byrds","floor":24,"turns":4},{"damage":4,"enemies":"Shelled Parasite and Fungi","floor":25,"turns":8},{"damage":6,"enemies":"Slavers","floor":29,"turns":5},{"damage":0,"enemies":"Snecko","floor":31,"turns":7},{"damage":4,"enemies":"Collector","floor":33,"turns":9},{"damage":2,"enemies":"Orb Walker","floor":35,"turns":5},{"damage":0,"enemies":"3 Shapes","floor":36,"turns":4},{"damage":2,"enemies":"3 Darklings","floor":38,"turns":5},{"damage":16,"enemies":"Jaw Worm Horde","floor":39,"turns":4},{"damage":17,"enemies":"Reptomancer","floor":40,"turns":7},{"damage":0,"enemies":"Maw","floor":41,"turns":8},{"damage":0,"enemies":"4 Shapes","floor":44,"turns":3},{"damage":0,"enemies":"Jaw Worm Horde","floor":45,"turns":3},{"damage":0,"enemies":"Maw","floor":47,"turns":7},{"damage":29,"enemies":"Donu and Deca","floor":50,"turns":9}],"seed_played":"-7641645331836699001","potions_obtained":[{"floor":2.0,"key":"Strength Potion"},{"floor":5.0,"key":"SpeedPotion"},{"floor":11.0,"key":"GamblersBrew"},{"floor":16.0,"key":"GamblersBrew"},{"floor":18,"key":"FairyPotion"},{"floor":21,"key":"Ancient Potion"},{"floor":31,"key":"Swift Potion"},{"floor":33,"key":"Poison Potion"},{"floor":39,"key":"Fruit Juice"},{"floor":45,"key":"GamblersBrew"}],"is_trial":false,"path_per_floor":["M","M","?","?","M","R","M","R","T","M","E","$","M","$","R","B",null,"M","M","M","M","?","R","M","M","T","R","?","E","T","M","R","B",null,"M","M","?","M","M","E","M","R","T","M","M","R","M","?","R","B",null],"character_chosen":"THE_SILENT","items_purchased":["Bouncing Flask","Noxious Fumes"],"campfire_rested":3,"item_purchase_floors":[12,12],"current_hp_per_floor":[59,59,59,52,52,52,45,45,45,45,25,25,25,25,25,18,54,49,43,29,20,20,39,39,35,35,54,54,48,48,48,48,44,61,59,59,59,57,46,29,29,50,50,50,50,50,50,50,50,42],"gold":833,"neow_bonus":"HUNDRED_GOLD","is_prod":false,"is_daily":false,"chose_seed":false,"campfire_upgraded":6,"win_rate":0,"timestamp":1547250083,"path_taken":["M","M","?","?","M","R","M","R","T","M","E","?","M","$","R","BOSS","M","?","M","M","?","R","M","M","T","R","?","E","?","M","R","BOSS","M","M","?","?","M","E","M","R","T","M","M","R","M","?","R","BOSS"],"build_version":"2019-01-10","purchased_purges":1,"victory":true,"max_hp_per_floor":[66,66,66,66,66,66,66,66,66,66,66,66,66,66,66,66,66,66,66,66,66,66,66,66,66,66,66,66,66,66,66,66,66,66,66,66,66,66,71,71,71,71,71,71,71,71,71,71,71,71],"card_choices":[{"not_picked":["Reflex","Accuracy"],"picked":"Backflip","floor":1.0},{"not_picked":["Poisoned Stab","Blade Dance"],"picked":"Dash","floor":2.0},{"not_picked":["Quick Slash","Prepared"],"picked":"Backflip","floor":5.0},{"not_picked":["Underhanded Strike","Quick Slash"],"picked":"Terror","floor":7.0},{"not_picked":["Backflip","Masterful Stab"],"picked":"Bullet Time","floor":10.0},{"not_picked":["Choke","Outmaneuver"],"picked":"Cloak And Dagger","floor":11.0},{"not_picked":["Acrobatics","Outmaneuver"],"picked":"PiercingWail","floor":13.0},{"not_picked":["Envenom","Wraith Form v2"],"picked":"After Image","floor":16.0},{"not_picked":["Caltrops+1","Prepared"],"picked":"Noxious Fumes+1","floor":18},{"not_picked":["Caltrops+1","Quick Slash"],"picked":"Footwork","floor":19},{"not_picked":["Blade Dance","Dagger Spray","Acrobatics"],"picked":"SKIP","floor":20},{"not_picked":["Distraction","Flechettes","Bane"],"picked":"SKIP","floor":21},{"not_picked":["Flying Knee+1","Bane"],"picked":"Noxious Fumes+1","floor":24},{"not_picked":["Prepared+1","Tools of the Trade"],"picked":"PiercingWail","floor":25},{"not_picked":["Underhanded Strike","Deadly Poison","Sucker Punch"],"picked":"SKIP","floor":29},{"not_picked":["Slice","Underhanded Strike","Poisoned Stab"],"picked":"SKIP","floor":31},{"not_picked":["A Thousand Cuts","Grand Finale"],"picked":"Corpse Explosion","floor":33},{"not_picked":["Poisoned Stab","Terror","Underhanded Strike"],"picked":"SKIP","floor":35},{"not_picked":["Poisoned Stab","Riddle With Holes"],"picked":"Escape Plan","floor":36},{"not_picked":["Cloak And Dagger","Reflex"],"picked":"After Image","floor":38},{"not_picked":["Setup+1","Masterful Stab","Outmaneuver"],"picked":"SKIP","floor":39},{"not_picked":["Poisoned Stab","Sucker Punch"],"picked":"Blur","floor":40},{"not_picked":["Bouncing Flask+1","Leg Sweep"],"picked":"Escape Plan","floor":41},{"not_picked":["Dagger Throw","PiercingWail","A Thousand Cuts"],"picked":"SKIP","floor":44},{"not_picked":["Bane","Slice","Dagger Throw+1"],"picked":"SKIP","floor":45},{"not_picked":["Outmaneuver+1","PiercingWail"],"picked":"Backflip+1","floor":47}],"player_experience":513844,"relics_obtained":[{"floor":9.0,"key":"Potion Belt"},{"floor":11.0,"key":"Paper Crane"},{"floor":26,"key":"Tough Bandages"},{"floor":29,"key":"Bottled Flame"},{"floor":30,"key":"Anchor"},{"floor":40,"key":"Mummified Hand"},{"floor":43,"key":"Pantograph"}],"event_choices":[{"cards_removed":["Strike_G"],"damage_healed":0.0,"max_hp_gain":0.0,"max_hp_loss":0.0,"gold_gain":0.0,"event_name":"The Cleric","player_choice":"Card Removal","floor":3.0,"gold_loss":75.0,"damage_taken":0.0},{"cards_removed":["Strike_G"],"damage_healed":0.0,"max_hp_gain":0.0,"max_hp_loss":0.0,"gold_gain":0.0,"event_name":"Golden Wing","player_choice":"Card Removal","floor":4.0,"gold_loss":0.0,"damage_taken":7.0},{"damage_healed":0,"gold_gain":0,"player_choice":"Obtained Relic","damage_taken":0,"relics_obtained":["MawBank"],"max_hp_gain":0,"max_hp_loss":0,"event_name":"Addict","floor":22,"gold_loss":85},{"cards_removed":["Strike_G"],"damage_healed":0,"gold_gain":0,"player_choice":"Elegance","damage_taken":0,"max_hp_gain":0,"max_hp_loss":0,"event_name":"Back to Basics","floor":28,"gold_loss":0},{"damage_healed":0,"gold_gain":50,"player_choice":"Pray","damage_taken":0,"max_hp_gain":0,"max_hp_loss":0,"event_name":"Golden Shrine","floor":37,"gold_loss":0},{"cards_removed":["Defend_G"],"damage_healed":0,"gold_gain":0,"player_choice":"Purged","damage_taken":0,"max_hp_gain":0,"max_hp_loss":0,"event_name":"Purifier","floor":48,"gold_loss":0}],"is_beta":false,"boss_relics":[{"not_picked":["Lizard Tail","Ring of the Serpent"],"picked":"Astrolabe"},{"not_picked":["Velvet Choker","Calling Bell"],"picked":"Philosopher\u0027s Stone"}],"items_purged_floors":[12],"is_endless":false,"potions_floor_spawned":[2,5,11,16,18,21,31,33,39,45],"ascension_level":15}