{"gold_per_floor":[114,129,54,68,82,82,82,108,108,126,126,3,21,55,55,158,158,177,177],"floor_reached":19,"playtime":1245,"items_purged":["Defend_B","Strike_B"],"score":245,"play_id":"3cddf7b0-27f0-46aa-8c21-246687585428","local_time":"20181213191707","is_ascension_mode":true,"campfire_choices":[{"data":"Zap","floor":6,"key":"SMITH"},{"data":"Buffer","floor":11,"key":"SMITH"},{"floor":15,"key":"REST"}],"neow_cost":"NONE","seed_source_timestamp":108197600042048,"circlet_count":0,"master_deck":["Defend_B","Defend_B","Zap+1","Dualcast","Buffer+1","Turbo","Compile Driver","Hologram","Compile Driver","Biased Cognition","Auto Shields","Turbo","Cold Snap","Capacitor","Amplify","Streamline"],"relics":["Cracked Core","Blue Candle","Bottled Lightning","Meat on the Bone","Empty Cage"],"potions_floor_usage":[16,19],"damage_taken":[{"damage":0,"enemies":"2 Louse","floor":1,"turns":2},{"damage":7,"enemies":"Jaw Worm","floor":2,"turns":3},{"damage":8,"enemies":"Small Slimes","floor":4,"turns":3},{"damage":0,"enemies":"2 Fungi Beasts","floor":5,"turns":4},{"damage":26,"enemies":"Gremlin Nob","floor":8,"turns":4},{"damage":0,"enemies":"Exordium Wildlife","floor":10,"turns":4},{"damage":0,"enemies":"3 Louse","floor":13,"turns":2},{"damage":0,"enemies":"Lagavulin","floor":14,"turns":5},{"damage":12,"enemies":"Slime Boss","floor":16,"turns":11},{"damage":20,"enemies":"3 Byrds","floor":18,"turns":6},{"damage":0,"enemies":"Colosseum Slavers","floor":19,"turns":4},{"damage":59,"enemies":"Colosseum Nobs","floor":19,"turns":5}],"seed_played":"-2197504339718343695","potions_obtained":[{"floor":4,"key":"LiquidBronze"},{"floor":8,"key":"PowerPotion"},{"floor":13,"key":"FearPotion"},{"floor":16,"key":"Dexterity Potion"}],"is_trial":false,"path_per_floor":["M","M","$","M","M","R","?","E","T","M","R","$","M","E","R","B",null,"M","?"],"character_chosen":"DEFECT","items_purchased":["Turbo"],"campfire_rested":1,"item_purchase_floors":[12],"current_hp_per_floor":[75,68,68,60,60,60,53,27,27,27,27,27,27,27,49,49,75,55,0],"gold":177,"neow_bonus":"TRANSFORM_CARD","is_prod":false,"is_daily":false,"chose_seed":false,"campfire_upgraded":2,"win_rate":0,"timestamp":1544725027,"path_taken":["M","M","$","M","M","R","?","E","T","M","R","$","M","E","R","BOSS","M","?"],"build_version":"2018-12-06","purchased_purges":2,"victory":false,"max_hp_per_floor":[75,75,75,75,75,75,75,75,75,75,75,75,75,75,75,75,75,75,75],"card_choices":[{"not_picked":["Barrage","Sunder"],"picked":"Turbo","floor":1},{"not_picked":["Go for the Eyes","Turbo"],"picked":"Compile Driver","floor":2},{"not_picked":["Reprogram","Go for the Eyes"],"picked":"Hologram","floor":4},{"not_picked":["Coolheaded","Darkness"],"picked":"Compile Driver","floor":5},{"not_picked":["Stack","Steam"],"picked":"Biased Cognition","floor":8},{"not_picked":["Sweeping Beam","Fusion"],"picked":"Auto Shields","floor":10},{"not_picked":["Tempest","Barrage"],"picked":"Cold Snap","floor":13},{"not_picked":["Hologram","Beam Cell"],"picked":"Capacitor","floor":14},{"not_picked":["Reboot","Fission"],"picked":"Amplify","floor":16},{"not_picked":["Undo","Go for the Eyes"],"picked":"Streamline","floor":18}],"player_experience":345474,"relics_obtained":[{"floor":8,"key":"Blue Candle"},{"floor":9,"key":"Bottled Lightning"},{"floor":14,"key":"Meat on the Bone"}],"event_choices":[{"cards_removed":["Strike_B"],"damage_healed":0,"gold_gain":0,"player_choice":"Card Removal","damage_taken":7,"max_hp_gain":0,"max_hp_loss":0,"event_name":"Golden Wing","floor":7,"gold_loss":0},{"damage_healed":0,"gold_gain":0,"player_choice":"Fight","damage_taken":0,"max_hp_gain":0,"max_hp_loss":0,"event_name":"Colosseum","floor":19,"gold_loss":0},{"damage_healed":0,"gold_gain":0,"player_choice":"Fought Nobs","damage_taken":0,"max_hp_gain":0,"max_hp_loss":0,"event_name":"Colosseum","floor":19,"gold_loss":0}],"is_beta":false,"boss_relics":[{"not_picked":["Runic Dome","Pandora\u0027s Box"],"picked":"Empty Cage"}],"items_purged_floors":[3,12],"is_endless":false,"potions_floor_spawned":[4,8,13,16,19],"killed_by":"Colosseum Nobs","ascension_level":4}