{"gold_per_floor":[114,129,144,124,139,169,169,184,239,239,254,284,284,9,9,109,109,124,139,164,179,194,194,209,239,239,269,269,47,77,92,92,192,192,207,222,268,268,318,318,348,348,348,378,378,201,216,231,231,231],"floor_reached":51,"playtime":2930,"items_purged":[],"score":1052,"play_id":"e9f1d4a3-78d3-4be4-aeba-f5eedaa19857","local_time":"20190812133129","daily_mods":["Specialized","Hoarder","Binary"],"is_ascension_mode":false,"campfire_choices":[{"floor":7,"key":"REST"},{"data":"Double Energy","floor":10,"key":"SMITH"},{"data":"Double Energy","floor":13,"key":"SMITH"},{"data":"Double Energy","floor":15,"key":"SMITH"},{"floor":23,"key":"REST"},{"floor":28,"key":"REST"},{"floor":32,"key":"REST"},{"floor":40,"key":"REST"},{"floor":42,"key":"REST"},{"floor":45,"key":"REST"},{"floor":49,"key":"REST"}],"neow_cost":"","seed_source_timestamp":0,"circlet_count":0,"master_deck":["Strike_B","Strike_B","Strike_B","Strike_B","Defend_B","Defend_B","Defend_B","Defend_B","Zap","Dualcast","Sunder","Sunder","Sunder","Sunder","Sunder","Sunder","Sunder","Sunder","Sunder","Sunder","Sunder","Sunder","Sunder","Sunder","Double Energy+1","Double Energy+1","Double Energy+1","Conserve Battery","Conserve Battery","Conserve Battery","Beam Cell","Beam Cell","Beam Cell","Go for the Eyes","Go for the Eyes","Go for the Eyes","Conserve Battery+1","Conserve Battery+1","Conserve Battery+1","Turbo+1","Turbo+1","Turbo+1","Leap+1","Leap+1","Leap+1","Defragment+1","Defragment+1","Defragment+1","Echo Form+1","Echo Form+1","Echo Form+1","Parasite","Parasite","Parasite","Decay","Decay","Decay","Loop+1","Loop+1","Loop+1","Gash","Gash","Gash"],"special_seed":18120,"relics":["FrozenCore","Singing Bowl","Tiny Chest","Bottled Lightning","Frozen Egg 2","Strawberry","Dream Catcher","FossilizedHelix","Happy Flower","Bronze Scales","Blue Candle","Cursed Key","WingedGreaves","Lantern","PreservedInsect","Symbiotic Virus","Mango"],"potions_floor_usage":[6,12,16,16,21,30,33,37,44,50,50],"damage_taken":[{"damage":0,"enemies":"2 Louse","floor":1,"turns":1},{"damage":0,"enemies":"Cultist","floor":2,"turns":2},{"damage":11,"enemies":"Jaw Worm","floor":3,"turns":2},{"damage":10,"enemies":"Looter","floor":5,"turns":2},{"damage":18,"enemies":"Gremlin Nob","floor":6,"turns":3},{"damage":5,"enemies":"Blue Slaver","floor":8,"turns":2},{"damage":4,"enemies":"Large Slime","floor":11,"turns":2},{"damage":9,"enemies":"3 Sentries","floor":12,"turns":3},{"damage":29,"enemies":"The Guardian","floor":16,"turns":7},{"damage":8,"enemies":"Shell Parasite","floor":18,"turns":2},{"damage":19,"enemies":"2 Thieves","floor":19,"turns":3},{"damage":15,"enemies":"Sentry and Sphere","floor":21,"turns":4},{"damage":11,"enemies":"Snake Plant","floor":22,"turns":5},{"damage":8,"enemies":"3 Cultists","floor":24,"turns":5},{"damage":19,"enemies":"Book of Stabbing","floor":25,"turns":5},{"damage":15,"enemies":"Slavers","floor":27,"turns":4},{"damage":0,"enemies":"Book of Stabbing","floor":30,"turns":4},{"damage":0,"enemies":"Chosen and Byrds","floor":31,"turns":4},{"damage":29,"enemies":"Automaton","floor":33,"turns":14},{"damage":0,"enemies":"Orb Walker","floor":35,"turns":5},{"damage":24,"enemies":"3 Darklings","floor":36,"turns":5},{"damage":21,"enemies":"2 Orb Walkers","floor":37,"turns":6},{"damage":18,"enemies":"Reptomancer","floor":41,"turns":7},{"damage":72,"enemies":"Nemesis","floor":44,"turns":9},{"damage":24,"enemies":"Maw","floor":47,"turns":8},{"damage":41,"enemies":"Sphere and 2 Shapes","floor":48,"turns":4},{"damage":64,"enemies":"Donu and Deca","floor":50,"turns":7}],"seed_played":"6720078143573282166","potions_obtained":[{"floor":1,"key":"SkillPotion"},{"floor":2,"key":"LiquidBronze"},{"floor":4,"key":"SpeedPotion"},{"floor":6,"key":"AttackPotion"},{"floor":12,"key":"Energy Potion"},{"floor":18,"key":"Strength Potion"},{"floor":22,"key":"EssenceOfSteel"},{"floor":30,"key":"LiquidBronze"},{"floor":31,"key":"GamblersBrew"},{"floor":36,"key":"FearPotion"},{"floor":44,"key":"Energy Potion"}],"is_trial":false,"path_per_floor":["M","M","M","?","M","E","R","M","T","R","M","E","R","$","R","B",null,"M","M","T","M","M","R","M","E","T","E","R","$","E","M","R","B",null,"M","M","?","?","T","R","E","R","T","E","R","$","M","M","R","B",null],"character_chosen":"DEFECT","items_purchased":["Frozen Egg 2","Beam Cell","Defragment+1","Bronze Scales","Loop+1","PowerPotion","Gash"],"campfire_rested":8,"item_purchase_floors":[14,14,29,29,46,46,46],"current_hp_per_floor":[75,75,64,64,54,38,61,58,58,58,56,49,49,49,49,22,85,79,60,67,52,41,69,61,44,44,31,62,62,64,66,99,70,106,108,86,67,67,67,102,86,118,118,62,104,104,82,43,87,23],"gold":231,"neow_bonus":"","is_prod":false,"is_daily":true,"chose_seed":false,"campfire_upgraded":3,"win_rate":0,"timestamp":1565609489,"path_taken":["M","M","M","?","?","E","R","M","T","R","M","E","R","$","R","BOSS","M","?","?","M","M","R","M","E","T","E","R","$","E","M","R","BOSS","M","M","?","?","?","R","E","R","T","E","R","$","M","M","R","BOSS"],"build_version":"2019-07-17","purchased_purges":0,"victory":true,"max_hp_per_floor":[75,75,75,75,75,77,77,79,79,79,81,83,83,83,83,85,85,87,87,94,94,94,94,94,96,96,98,100,100,102,104,106,106,106,108,110,112,112,112,114,116,118,118,134,136,136,138,140,142,142],"card_choices":[{"not_picked":["Redo","Streamline"],"picked":"SKIP","floor":1},{"not_picked":["Sweeping Beam"],"picked":"Double Energy","floor":2},{"not_picked":["Lockon","FTL"],"picked":"SKIP","floor":3},{"not_picked":["Go for the Eyes"],"picked":"Conserve Battery","floor":5},{"not_picked":["FTL","Melter"],"picked":"Singing Bowl","floor":6},{"not_picked":["Stack","Rip and Tear"],"picked":"Singing Bowl","floor":8},{"not_picked":["Turbo","Go for the Eyes"],"picked":"Singing Bowl","floor":11},{"not_picked":["Biased Cognition","Heatsinks"],"picked":"Singing Bowl","floor":12},{"not_picked":["Core Surge","Biased Cognition+1"],"picked":"Singing Bowl","floor":16},{"not_picked":["Beam Cell+1","FTL+1"],"picked":"Singing Bowl","floor":18},{"not_picked":["Chaos+1"],"picked":"Go for the Eyes","floor":19},{"not_picked":["Leap"],"picked":"Conserve Battery+1","floor":21},{"not_picked":["Conserve Battery"],"picked":"Turbo+1","floor":22},{"not_picked":["Defragment+1"],"picked":"Leap+1","floor":24},{"not_picked":["Loop+1","Steam Power"],"picked":"Singing Bowl","floor":25},{"not_picked":["Lockon","Redo+1"],"picked":"Singing Bowl","floor":27},{"not_picked":["Hologram","Recycle"],"picked":"Singing Bowl","floor":28},{"not_picked":["Leap","Coolheaded"],"picked":"Singing Bowl","floor":30},{"not_picked":["Gash","Fusion+1"],"picked":"Singing Bowl","floor":31},{"not_picked":["Reprogram+1","Hologram+1"],"picked":"Singing Bowl","floor":32},{"not_picked":["Thunder Strike"],"picked":"Echo Form+1","floor":33},{"not_picked":["Turbo","Rebound+1"],"picked":"Singing Bowl","floor":35},{"not_picked":["Redo+1","Cold Snap"],"picked":"Singing Bowl","floor":36},{"not_picked":["Stack","Beam Cell"],"picked":"Singing Bowl","floor":37},{"not_picked":["Lockon+1","Chill"],"picked":"Singing Bowl","floor":40},{"not_picked":["Streamline","Recycle+1"],"picked":"Singing Bowl","floor":41},{"not_picked":["Sweeping Beam+1","Skim"],"picked":"Singing Bowl","floor":42},{"not_picked":["Heatsinks+1","Stack+1"],"picked":"Singing Bowl","floor":44},{"not_picked":["Melter","Cold Snap"],"picked":"Singing Bowl","floor":45},{"not_picked":["Recycle+1","Fission"],"picked":"Singing Bowl","floor":47},{"not_picked":["Rebound","Go for the Eyes"],"picked":"Singing Bowl","floor":48},{"not_picked":["Sunder","Cold Snap+1"],"picked":"Singing Bowl","floor":49}],"player_experience":192704,"relics_obtained":[{"floor":6,"key":"Singing Bowl"},{"floor":9,"key":"Tiny Chest"},{"floor":12,"key":"Bottled Lightning"},{"floor":20,"key":"Strawberry"},{"floor":25,"key":"Dream Catcher"},{"floor":26,"key":"FossilizedHelix"},{"floor":27,"key":"Happy Flower"},{"floor":30,"key":"Blue Candle"},{"floor":37,"key":"WingedGreaves"},{"floor":39,"key":"Lantern"},{"floor":41,"key":"PreservedInsect"},{"floor":43,"key":"Symbiotic Virus"},{"floor":44,"key":"Mango"}],"event_choices":[{"damage_healed":0,"gold_gain":0,"player_choice":"Bought 1 Potion","damage_taken":0,"max_hp_gain":0,"max_hp_loss":0,"event_name":"The Woman in Blue","floor":4,"gold_loss":0},{"damage_healed":0,"gold_gain":0,"player_choice":"Fight","damage_taken":0,"max_hp_gain":0,"max_hp_loss":0,"event_name":"Mysterious Sphere","floor":37,"gold_loss":0},{"cards_removed":["Sunder"],"damage_healed":0,"gold_gain":0,"player_choice":"Removed Attack","damage_taken":0,"max_hp_gain":0,"max_hp_loss":0,"event_name":"Falling","floor":38,"gold_loss":0}],"is_beta":false,"boss_relics":[{"not_picked":["Runic Dome","Pandora\u0027s Box"],"picked":"FrozenCore"},{"not_picked":["Velvet Choker","Lizard Tail"],"picked":"Cursed Key"}],"items_purged_floors":[],"is_endless":false,"potions_floor_spawned":[1,2,5,6,12,18,22,30,31,36,44],"ascension_level":0}