{"gold_per_floor":[109,123,139,154,171,171,198,198,198,212,212,228,228,228,228,299,299,311,136,148,198,123,123,17,17,17,43,66,78,118,143,155,246,258,290,321,347,99,110,142,157,157,157,157,157,157,157,173,173,173,173],"floor_reached":52,"playtime":3830,"items_purged":["Strike_B","Strike_B"],"score":1762,"play_id":"f39dcef4-726a-4695-9313-77ad3fbfed7f","local_time":"20190114175555","is_ascension_mode":true,"campfire_choices":[{"data":"Dualcast","floor":6,"key":"SMITH"},{"data":"Cold Snap","floor":8,"key":"SMITH"},{"data":"White Noise","floor":11,"key":"SMITH"},{"data":"Compile Driver","floor":13,"key":"SMITH"},{"data":"Ball Lightning","floor":15,"key":"SMITH"},{"data":"Defragment","floor":23,"key":"SMITH"},{"data":"Creative AI","floor":29,"key":"SMITH"},{"floor":32,"key":"REST"},{"floor":44,"key":"REST"},{"data":"Buffer","floor":46,"key":"SMITH"},{"data":"Seek","floor":49,"key":"SMITH"}],"neow_cost":"NONE","seed_source_timestamp":139877406761120,"circlet_count":0,"master_deck":["AscendersBane","Defend_B","Defend_B","Defend_B","Defend_B","Zap+1","Dualcast+1","Glacier","Ball Lightning+1","Cold Snap+1","White Noise+1","Seek+1","Compile Driver+1","Creative AI+1","Leap","Defragment+1","Coolheaded","Coolheaded","Capacitor","Conserve Battery","Self Repair","Conserve Battery","Auto Shields","Barrage+1","Buffer+1","Loop","Conserve Battery+1","Parasite","Force Field+1","Turbo"],"relics":["Cracked Core","Matryoshka","Ornamental Fan","Bottled Flame","Sozu","MawBank","Symbiotic Virus","Strawberry","Inserter","DataDisk","Bird Faced Urn","Molten Egg 2","Kunai"],"potions_floor_usage":[7,18,37],"damage_taken":[{"damage":5,"enemies":"2 Louse","floor":1,"turns":2},{"damage":4,"enemies":"Jaw Worm","floor":2,"turns":3},{"damage":0,"enemies":"Small Slimes","floor":3,"turns":3},{"damage":5,"enemies":"2 Fungi Beasts","floor":4,"turns":3},{"damage":0,"enemies":"Blue Slaver","floor":5,"turns":4},{"damage":0,"enemies":"Lagavulin","floor":7,"turns":7},{"damage":13,"enemies":"Exordium Wildlife","floor":10,"turns":5},{"damage":0,"enemies":"2 Fungi Beasts","floor":12,"turns":2},{"damage":9,"enemies":"The Guardian","floor":16,"turns":12},{"damage":0,"enemies":"Chosen","floor":18,"turns":3},{"damage":5,"enemies":"3 Byrds","floor":20,"turns":4},{"damage":8,"enemies":"Colosseum Slavers","floor":25,"turns":6},{"damage":15,"enemies":"3 Cultists","floor":27,"turns":6},{"damage":0,"enemies":"Cultist and Chosen","floor":28,"turns":7},{"damage":21,"enemies":"Gremlin Leader","floor":30,"turns":8},{"damage":8,"enemies":"Centurion and Healer","floor":31,"turns":7},{"damage":49,"enemies":"Champ","floor":33,"turns":14},{"damage":3,"enemies":"Orb Walker","floor":35,"turns":3},{"damage":0,"enemies":"3 Shapes","floor":36,"turns":6},{"damage":2,"enemies":"Transient","floor":37,"turns":6},{"damage":13,"enemies":"Writhing Mass","floor":39,"turns":7},{"damage":46,"enemies":"Giant Head","floor":40,"turns":10},{"damage":32,"enemies":"4 Shapes","floor":41,"turns":7},{"damage":1,"enemies":"Sphere and 2 Shapes","floor":48,"turns":11},{"damage":43,"enemies":"Donu and Deca","floor":50,"turns":15},{"damage":65,"enemies":"Time Eater","floor":51,"turns":7}],"seed_played":"-4699861839658207535","potions_obtained":[{"floor":3,"key":"Fire Potion"},{"floor":4,"key":"SmokeBomb"},{"floor":5,"key":"Ancient Potion"},{"floor":10,"key":"Explosive Potion"}],"is_trial":false,"path_per_floor":["M","M","M","M","M","R","E","R","T","M","R","M","R","?","R","B",null,"M","$","M","?","?","R","$","?","T","M","M","R","E","M","R","B",null,"M","M","M","$","M","E","M","?","T","R","T","R","?","M","R","B","B",null],"character_chosen":"DEFECT","items_purchased":["Defragment","Coolheaded","Capacitor","Conserve Battery","DataDisk"],"campfire_rested":2,"item_purchase_floors":[19,19,24,24,38],"current_hp_per_floor":[59,55,55,50,50,50,50,50,50,37,37,37,37,37,37,28,60,60,60,55,55,55,55,55,47,47,32,39,39,32,31,54,12,62,66,73,78,78,72,33,18,18,18,41,41,41,41,59,59,65,28],"gold":173,"neow_bonus":"UPGRADE_CARD","is_prod":false,"is_daily":false,"chose_seed":false,"campfire_upgraded":9,"win_rate":0,"timestamp":1547484955,"path_taken":["M","M","M","M","M","R","E","R","T","M","R","M","R","?","R","BOSS","M","$","M","?","?","R","$","?","T","M","M","R","E","M","R","BOSS","M","M","M","$","M","E","M","?","T","R","?","R","?","M","R","BOSS","BOSS"],"build_version":"2019-01-10","purchased_purges":2,"victory":true,"max_hp_per_floor":[71,71,71,71,71,71,71,71,71,71,71,71,71,71,71,71,71,71,71,71,71,71,71,71,71,71,71,71,71,78,78,78,78,78,78,78,78,78,78,78,78,78,78,78,78,78,78,78,78,78,78],"card_choices":[{"not_picked":["Ball Lightning","Hologram"],"picked":"Glacier","floor":1},{"not_picked":["Sweeping Beam","Conserve Battery"],"picked":"Ball Lightning","floor":2},{"not_picked":["Sweeping Beam","Chaos"],"picked":"Cold Snap","floor":3},{"not_picked":["Hologram","Turbo"],"picked":"White Noise","floor":4},{"not_picked":["Lockon","Steam","Sweeping Beam"],"picked":"SKIP","floor":5},{"not_picked":["Amplify","Redo"],"picked":"Seek","floor":7},{"not_picked":["Steam Power","Redo"],"picked":"Compile Driver","floor":10},{"not_picked":["Sweeping Beam","Stack","Scrape"],"picked":"SKIP","floor":12},{"not_picked":["Fission","Buffer"],"picked":"Creative AI","floor":16},{"not_picked":["Sweeping Beam","Redo"],"picked":"Leap","floor":18},{"not_picked":["Conserve Battery","Beam Cell"],"picked":"Coolheaded","floor":20},{"not_picked":["Conserve Battery","Force Field"],"picked":"Self Repair","floor":27},{"not_picked":["Static Discharge","Ball Lightning"],"picked":"Conserve Battery","floor":28},{"not_picked":["Steam","Rebound"],"picked":"Auto Shields","floor":30},{"not_picked":["Turbo","Capacitor"],"picked":"Barrage+1","floor":31},{"not_picked":["Meteor Strike","Creative AI"],"picked":"Buffer","floor":33},{"not_picked":["Fusion","Redo"],"picked":"Loop","floor":35},{"not_picked":["Go for the Eyes","Gash"],"picked":"Conserve Battery+1","floor":36},{"not_picked":["Compile Driver","Steam Power","Rebound"],"picked":"SKIP","floor":37},{"not_picked":["Steam Power","Gash+1","Redo"],"picked":"SKIP","floor":39},{"not_picked":["Gash","Buffer"],"picked":"Force Field+1","floor":40},{"not_picked":["Auto Shields","Rip and Tear","Lockon"],"picked":"SKIP","floor":41},{"not_picked":["Conserve Battery","Beam Cell+1"],"picked":"Turbo","floor":48}],"player_experience":528864,"relics_obtained":[{"floor":7,"key":"Matryoshka"},{"floor":9,"key":"Ornamental Fan"},{"floor":9,"key":"Bottled Flame"},{"floor":26,"key":"MawBank"},{"floor":26,"key":"Symbiotic Virus"},{"floor":30,"key":"Strawberry"},{"floor":40,"key":"Bird Faced Urn"},{"floor":43,"key":"Molten Egg 2"},{"floor":45,"key":"Kunai"}],"event_choices":[{"damage_healed":0,"gold_gain":0,"player_choice":"Ignored","damage_taken":0,"max_hp_gain":0,"max_hp_loss":0,"event_name":"Liars Game","floor":14,"gold_loss":0},{"damage_healed":0,"gold_gain":50,"player_choice":"Stole From Cult","damage_taken":0,"max_hp_gain":0,"max_hp_loss":0,"event_name":"Nest","floor":21,"gold_loss":0},{"cards_removed":["Strike_B"],"damage_healed":0,"gold_gain":0,"player_choice":"Gave Gold","damage_taken":0,"max_hp_gain":0,"max_hp_loss":0,"event_name":"Beggar","floor":22,"gold_loss":75},{"damage_healed":0,"gold_gain":0,"player_choice":"Fight","damage_taken":0,"max_hp_gain":0,"max_hp_loss":0,"event_name":"Colosseum","floor":25,"gold_loss":0},{"damage_healed":0,"gold_gain":0,"player_choice":"Fled From Nobs","damage_taken":0,"max_hp_gain":0,"max_hp_loss":0,"event_name":"Colosseum","floor":25,"gold_loss":0},{"cards_removed":["Strike_B"],"damage_healed":0,"gold_gain":0,"player_choice":"Removed Attack","damage_taken":0,"max_hp_gain":0,"max_hp_loss":0,"event_name":"Falling","floor":42,"gold_loss":0},{"damage_healed":0,"gold_gain":0,"player_choice":"0 cards matched","damage_taken":0,"max_hp_gain":0,"max_hp_loss":0,"event_name":"Match and Keep!","floor":47,"gold_loss":0,"cards_obtained":[]}],"is_beta":false,"boss_relics":[{"not_picked":["Philosopher\u0027s Stone","Orrery"],"picked":"Sozu"},{"not_picked":["Runic Dome","White Beast Statue"],"picked":"Inserter"}],"items_purged_floors":[19,38],"is_endless":false,"potions_floor_spawned":[3,4,5,10,20,30,33,37,39,40,48],"ascension_level":20}