{"gold_per_floor":[117,292,309,384,402,435,435,454,484,464,464,476,508,525,525,525],"floor_reached":16,"playtime":970,"items_purged":[],"score":112,"play_id":"77deebee-ebcc-4399-828e-288b3ae967d2","local_time":"20181207170823","is_ascension_mode":false,"campfire_choices":[{"floor":7,"key":"REST"},{"data":"Fission","floor":11,"key":"SMITH"},{"data":"Defragment","floor":15,"key":"SMITH"}],"neow_cost":"NONE","seed_source_timestamp":1974081847467426,"circlet_count":0,"master_deck":["Strike_B","Strike_B","Strike_B","Strike_B","Defend_B","Defend_B","Defend_B","Defend_B","Zap","Dualcast","Fission+1","Rebound","Doubt","BootSequence","Melter","Ball Lightning","Sweeping Beam","Conserve Battery","Defragment","Defragment+1"],"relics":["Cracked Core","Happy Flower","Tiny Chest","Pear"],"potions_floor_usage":[6,13,13],"damage_taken":[{"damage":0,"enemies":"2 Louse","floor":1,"turns":2},{"damage":5,"enemies":"Cultist","floor":3,"turns":4},{"damage":1,"enemies":"Jaw Worm","floor":5,"turns":2},{"damage":49,"enemies":"Lagavulin","floor":6,"turns":9},{"damage":0,"enemies":"Large Slime","floor":8,"turns":6},{"damage":1,"enemies":"Lots of Slimes","floor":12,"turns":2},{"damage":16,"enemies":"Gremlin Nob","floor":13,"turns":4},{"damage":0,"enemies":"2 Fungi Beasts","floor":14,"turns":1},{"damage":34,"enemies":"The Guardian","floor":16,"turns":8}],"seed_played":"8216744773128075342","potions_obtained":[{"floor":3,"key":"Strength Potion"},{"floor":5,"key":"Weak Potion"},{"floor":6,"key":"EssenceOfSteel"},{"floor":10,"key":"EssenceOfSteel"},{"floor":12,"key":"Energy Potion"},{"floor":14,"key":"Strength Potion"}],"is_trial":false,"path_per_floor":["M","?","M","?","M","E","R","M","T","?","R","M","E","M","R","B"],"character_chosen":"DEFECT","items_purchased":[],"campfire_rested":1,"item_purchase_floors":[],"current_hp_per_floor":[75,75,70,63,62,13,35,35,35,35,35,34,28,28,28,0],"gold":525,"neow_bonus":"ONE_RANDOM_RARE_CARD","is_prod":false,"is_daily":false,"chose_seed":false,"campfire_upgraded":2,"win_rate":0.0,"timestamp":1544198903,"path_taken":["M","?","M","?","M","E","R","?","T","?","R","M","E","M","R","BOSS"],"build_version":"2018-12-06","purchased_purges":0,"victory":false,"max_hp_per_floor":[75,75,75,75,75,75,75,75,75,75,75,75,85,85,85,85],"card_choices":[{"not_picked":["BootSequence","Undo"],"picked":"Rebound","floor":1},{"not_picked":["Stack","Aggregate"],"picked":"BootSequence","floor":3},{"not_picked":["Sweeping Beam","Steam"],"picked":"Melter","floor":5},{"not_picked":["Reprogram","Conserve Battery"],"picked":"Ball Lightning","floor":6},{"not_picked":["Cold Snap","Barrage"],"picked":"Sweeping Beam","floor":8},{"not_picked":["Go for the Eyes","Stack"],"picked":"Conserve Battery","floor":12},{"not_picked":["Gash","Buffer"],"picked":"Defragment","floor":13},{"not_picked":["White Noise","Sweeping Beam"],"picked":"Defragment","floor":14}],"player_experience":272633,"relics_obtained":[{"floor":6,"key":"Happy Flower"},{"floor":9,"key":"Tiny Chest"},{"floor":13,"key":"Pear"}],"event_choices":[{"damage_healed":0,"gold_gain":175,"player_choice":"AGREE","damage_taken":0,"max_hp_gain":0,"max_hp_loss":0,"event_name":"Liars Game","floor":2,"gold_loss":0,"cards_obtained":["Doubt"]},{"damage_healed":0,"gold_gain":75,"player_choice":"Touch","damage_taken":7,"max_hp_gain":0,"max_hp_loss":0,"event_name":"FaceTrader","floor":4,"gold_loss":0},{"damage_healed":0,"gold_gain":0,"player_choice":"Bought 1 Potion","damage_taken":0,"max_hp_gain":0,"max_hp_loss":0,"event_name":"The Woman in Blue","floor":10,"gold_loss":0}],"is_beta":false,"boss_relics":[],"items_purged_floors":[],"is_endless":false,"potions_floor_spawned":[3,5,6,12,14],"killed_by":"The Guardian","ascension_level":0}