{"gold_per_floor":[115,115,65,65,65,98,98,98,121,155,171,189,202,215,215,318,318,336,353,263,278,278,278,294,184,232,243,243,305,18,18,18,115,115,130,130,143,189,206,206,223,239,292,292,326,336,14,14,14,14,14,14,14,47,47],"floor_reached":56,"playtime":4606,"items_purged":["Defend_R","Regret","Pain"],"score":1232,"play_id":"e63938de-19f5-4232-90d2-4e81f763fac3","local_time":"20190723160316","is_ascension_mode":false,"campfire_choices":[{"data":"Demon Form","floor":8.0,"key":"SMITH"},{"data":"Heavy Blade","floor":15.0,"key":"SMITH"},{"data":"Rage","floor":23.0,"key":"SMITH"},{"floor":28.0,"key":"REST"},{"data":"Apotheosis","floor":32.0,"key":"SMITH"},{"data":"Power Through","floor":40,"key":"SMITH"},{"floor":44,"key":"RECALL"},{"floor":49,"key":"REST"},{"data":"Warcry","floor":52,"key":"SMITH"}],"neow_cost":"NONE","seed_source_timestamp":0,"circlet_count":0,"master_deck":["Defend_R","Bash","Rage+1","Demon Form+1","Heavy Blade+1","Metallicize","Flex","Intimidate+1","Offering","Heavy Blade+1","Seeing Red+1","Metallicize","Shrug It Off+1","Twin Strike+1","Apotheosis+1","Flex","Limit Break+1","Warcry+1","Evolve+1","Power Through+1","Heavy Blade+1","Double Tap","Shrug It Off"],"special_seed":0,"relics":["Burning Blood","NeowsBlessing","Letter Opener","Centennial Puzzle","Bag of Preparation","Incense Burner","Cursed Key","PreservedInsect","Tiny Chest","Empty Cage","Sundial","Prayer Wheel","Lantern","Red Skull"],"potions_floor_usage":[45,55],"damage_taken":[{"damage":0.0,"enemies":"Small Slimes","floor":1.0,"turns":1.0},{"damage":0.0,"enemies":"Lagavulin","floor":6.0,"turns":1.0},{"damage":0.0,"enemies":"3 Sentries","floor":10.0,"turns":1.0},{"damage":3.0,"enemies":"Jaw Worm","floor":11.0,"turns":3.0},{"damage":0.0,"enemies":"Cultist","floor":12.0,"turns":3.0},{"damage":1.0,"enemies":"2 Fungi Beasts","floor":13.0,"turns":3.0},{"damage":1.0,"enemies":"Lots of Slimes","floor":14.0,"turns":5.0},{"damage":9.0,"enemies":"The Guardian","floor":16.0,"turns":5.0},{"damage":4.0,"enemies":"Shell Parasite","floor":18.0,"turns":4.0},{"damage":15.0,"enemies":"3 Byrds","floor":19.0,"turns":5.0},{"damage":12.0,"enemies":"Centurion and Healer","floor":21.0,"turns":3.0},{"damage":7.0,"enemies":"3 Cultists","floor":24.0,"turns":5.0},{"damage":22.0,"enemies":"Snake Plant","floor":27.0,"turns":2.0},{"damage":11.0,"enemies":"Slavers","floor":29.0,"turns":5.0},{"damage":15.0,"enemies":"Champ","floor":33.0,"turns":7.0},{"damage":17.0,"enemies":"3 Darklings","floor":35.0,"turns":3.0},{"damage":8,"enemies":"3 Shapes","floor":37,"turns":5},{"damage":12,"enemies":"2 Orb Walkers","floor":38,"turns":3},{"damage":3,"enemies":"Sphere and 2 Shapes","floor":39,"turns":4},{"damage":4,"enemies":"Jaw Worm Horde","floor":41,"turns":4},{"damage":2,"enemies":"Transient","floor":42,"turns":5},{"damage":33,"enemies":"Nemesis","floor":45,"turns":5},{"damage":10,"enemies":"Writhing Mass","floor":46,"turns":3},{"damage":12,"enemies":"Donu and Deca","floor":50,"turns":7},{"damage":26,"enemies":"Shield and Spear","floor":54,"turns":4},{"damage":82,"enemies":"The Heart","floor":55,"turns":7}],"seed_played":"-2500060180366443525","potions_obtained":[{"floor":10.0,"key":"Ancient Potion"},{"floor":11.0,"key":"Strength Potion"},{"floor":16.0,"key":"FairyPotion"},{"floor":18.0,"key":"Ancient Potion"},{"floor":24.0,"key":"SpeedPotion"},{"floor":29.0,"key":"Energy Potion"},{"floor":38,"key":"Energy Potion"},{"floor":54,"key":"BloodPotion"}],"is_trial":false,"path_per_floor":["M","?","?","$","?","E","?","R","T","E","M","M","M","M","R","B",null,"M","M","?","M","?","R","M","$","T","M","R","E","$","?","R","B",null,"M","?","M","?","M","R","M","M","T","R","E","M","$","?","R","B",null,"R","$","E","B",null],"character_chosen":"IRONCLAD","items_purchased":["Metallicize","Apotheosis","Double Tap","Shrug It Off"],"campfire_rested":2,"item_purchase_floors":[25,30,47,47],"current_hp_per_floor":[80,62,62,62,55,61,61,61,61,67,70,76,80,80,80,77,80,80,71,71,65,65,65,64,64,64,48,72,67,67,67,67,58,80,69,69,67,61,64,64,66,70,70,70,43,39,39,39,63,57,80,80,80,60,14],"gold":47,"neow_bonus":"THREE_ENEMY_KILL","is_prod":false,"is_daily":false,"chose_seed":false,"campfire_upgraded":6,"win_rate":0,"timestamp":1563890596,"path_taken":["M","?","?","$","?","E","?","R","T","E","?","M","M","M","R","BOSS","M","M","?","?","?","R","M","$","T","M","R","E","$","?","R","BOSS","M","?","?","?","M","R","M","M","T","R","E","M","$","?","R","BOSS","R","$","E","BOSS"],"build_version":"2019-07-17","purchased_purges":3,"victory":true,"max_hp_per_floor":[80,80,80,80,80,80,80,80,80,80,80,80,80,80,80,80,80,80,80,80,80,80,80,80,80,80,80,80,80,80,80,80,80,80,80,80,80,80,80,80,80,80,80,80,80,80,80,80,80,80,80,80,80,80,80],"card_choices":[{"not_picked":["Shrug It Off","Battle Trance"],"picked":"Rage","floor":1.0},{"not_picked":["Sword Boomerang","Dual Wield"],"picked":"Demon Form","floor":6.0},{"not_picked":["Rampage","Thunderclap"],"picked":"Heavy Blade","floor":10.0},{"not_picked":["Entrench","Power Through"],"picked":"Metallicize","floor":11.0},{"not_picked":["Armaments","Cleave"],"picked":"Flex","floor":12.0},{"not_picked":["Armaments","Wild Strike"],"picked":"Intimidate","floor":13.0},{"not_picked":["Iron Wave","Sword Boomerang","Perfected Strike"],"picked":"SKIP","floor":14.0},{"not_picked":["Iron Wave","Sword Boomerang","Perfected Strike"],"picked":"SKIP","floor":14.0},{"not_picked":["Fiend Fire","Reaper"],"picked":"Offering","floor":16.0},{"not_picked":["Shrug It Off","Armaments","Clash"],"picked":"SKIP","floor":18.0},{"not_picked":["Metallicize","Shockwave"],"picked":"Heavy Blade+1","floor":19.0},{"not_picked":["Evolve","True Grit+1","Infernal Blade"],"picked":"SKIP","floor":21.0},{"not_picked":["Uppercut+1","Headbutt"],"picked":"Seeing Red+1","floor":24.0},{"not_picked":["Clash","Brutality"],"picked":"Shrug It Off+1","floor":27.0},{"not_picked":["Brutality","Clothesline+1"],"picked":"Twin Strike+1","floor":29.0},{"not_picked":["Barricade","Demon Form"],"picked":"Limit Break","floor":33.0},{"not_picked":["Heavy Blade+1","Clash+1","Flex+1"],"picked":"SKIP","floor":35.0},{"not_picked":["Second Wind+1","Twin Strike","Armaments+1"],"picked":"SKIP","floor":37},{"not_picked":["Dropkick+1","Havoc"],"picked":"Warcry","floor":38},{"not_picked":["Immolate","Anger"],"picked":"Evolve+1","floor":39},{"not_picked":["Wild Strike","Sever Soul"],"picked":"Power Through","floor":39},{"not_picked":["Sever Soul+1","Seeing Red","Havoc+1"],"picked":"SKIP","floor":41},{"not_picked":["Sword Boomerang","Carnage","Power Through"],"picked":"SKIP","floor":41},{"not_picked":["Anger+1","Pommel Strike+1","Wild Strike+1"],"picked":"SKIP","floor":42},{"not_picked":["True Grit","Battle Trance","Seeing Red"],"picked":"SKIP","floor":42},{"not_picked":["Fire Breathing","Exhume"],"picked":"Heavy Blade+1","floor":45},{"not_picked":["Second Wind","Sword Boomerang+1","Dropkick+1"],"picked":"SKIP","floor":46},{"not_picked":["Wild Strike+1","Body Slam","Headbutt"],"picked":"SKIP","floor":46},{"not_picked":["Headbutt","Berserk","Dropkick+1"],"picked":"SKIP","floor":54}],"player_experience":98135,"relics_obtained":[{"floor":6.0,"key":"Centennial Puzzle"},{"floor":9.0,"key":"Bag of Preparation"},{"floor":10.0,"key":"Incense Burner"},{"floor":26.0,"key":"PreservedInsect"},{"floor":29.0,"key":"Tiny Chest"},{"floor":38,"key":"Prayer Wheel"},{"floor":45,"key":"Lantern"},{"floor":54,"key":"Red Skull"}],"event_choices":[{"damage_healed":0.0,"max_hp_gain":0.0,"max_hp_loss":0.0,"gold_gain":0.0,"event_name":"Scrap Ooze","player_choice":"Success","floor":2.0,"gold_loss":0.0,"damage_taken":18.0,"relics_obtained":["Letter Opener"]},{"cards_removed":["Strike_R"],"damage_healed":0.0,"max_hp_gain":0.0,"max_hp_loss":0.0,"gold_gain":0.0,"event_name":"The Cleric","player_choice":"Card Removal","floor":3.0,"gold_loss":50.0,"damage_taken":0.0},{"cards_removed":["Strike_R"],"damage_healed":0.0,"max_hp_gain":0.0,"max_hp_loss":0.0,"gold_gain":0.0,"event_name":"Golden Wing","player_choice":"Card Removal","floor":5.0,"gold_loss":0.0,"damage_taken":7.0},{"cards_removed":["Defend_R"],"damage_healed":0.0,"max_hp_gain":0.0,"max_hp_loss":0.0,"gold_gain":0.0,"event_name":"Bonfire Elementals","player_choice":"Offered Basic","floor":7.0,"gold_loss":0.0,"damage_taken":0.0},{"cards_removed":["Strike_R"],"damage_healed":0.0,"max_hp_gain":0.0,"max_hp_loss":0.0,"gold_gain":0.0,"event_name":"Designer","player_choice":"Upgrade and Remove","floor":20.0,"gold_loss":90.0,"damage_taken":0.0,"cards_upgraded":["Intimidate"]},{"cards_removed":["Strike_R"],"damage_healed":0.0,"max_hp_gain":0.0,"max_hp_loss":0.0,"gold_gain":0.0,"event_name":"Back to Basics","player_choice":"Elegance","floor":22.0,"gold_loss":0.0,"damage_taken":0.0},{"damage_healed":0.0,"max_hp_gain":0.0,"max_hp_loss":0.0,"gold_gain":0.0,"event_name":"The Library","player_choice":"Read","floor":31.0,"gold_loss":0.0,"damage_taken":0.0,"cards_obtained":["Flex"]},{"damage_healed":0,"gold_gain":0,"player_choice":"Gave Potion","damage_taken":0,"relics_obtained":["Sundial"],"max_hp_gain":0,"max_hp_loss":0,"event_name":"WeMeetAgain","floor":36,"gold_loss":0},{"damage_healed":0,"gold_gain":0,"player_choice":"Fight","damage_taken":0,"max_hp_gain":0,"max_hp_loss":0,"event_name":"Mysterious Sphere","floor":38,"gold_loss":0},{"damage_healed":0,"gold_gain":0,"player_choice":"Upgraded","damage_taken":0,"max_hp_gain":0,"max_hp_loss":0,"event_name":"Upgrade Shrine","floor":48,"gold_loss":0,"cards_upgraded":["Limit Break"]}],"is_beta":false,"boss_relics":[{"not_picked":["Fusion Hammer","Pandora\u0027s Box"],"picked":"Cursed Key"},{"not_picked":["Eternal Feather","Runic Dome"],"picked":"Empty Cage"}],"items_purged_floors":[25,30,47],"is_endless":false,"potions_floor_spawned":[10,11,16,18,24,29,38,39,42,54],"ascension_level":0}