{"path_per_floor":["M","?","M","$","?","E","M","R","T","E","R","$","T","M","R","B",null,"M","$","M","?"],"character_chosen":"THE_SILENT","items_purchased":["Bane","Well Laid Plans","Footwork"],"gold_per_floor":[118,118,137,39,39,74,93,93,93,122,122,42,72,83,83,181,181,196,22,34,34,34],"floor_reached":22,"campfire_rested":1,"playtime":1098,"current_hp_per_floor":[63,68,68,68,53,53,53,53,53,47,47,47,47,24,46,45,68,28,28,26,51,0],"items_purged":["Strike_G","Strike_G"],"gold":34,"score":315,"play_id":"e0c6946d-d3ca-4643-a24f-49c2661dfba1","local_time":"20180413170351","is_prod":false,"is_daily":false,"chose_seed":false,"is_ascension_mode":true,"campfire_upgraded":2,"timestamp":1523631831,"path_taken":["M","?","?","?","?","E","?","R","T","E","R","?","?","M","R","BOSS","M","$","M","?","M"],"build_version":"2018-04-12","seed_source_timestamp":579322761285,"purchased_purges":2,"victory":false,"master_deck":["Defend_G+1","Defend_G","Defend_G+1","Defend_G+1","Defend_G","Strike_G","Strike_G","Strike_G","Survivor","Neutralize","Bouncing Flask","Bane","After Image+1","Prepared+1","Noxious Fumes+1","Well Laid Plans","Blur","Cloak And Dagger","Footwork","Bane"],"max_hp_per_floor":[70,75,75,75,75,75,75,75,75,75,75,75,75,75,75,75,75,75,75,75,75,75],"relics":["Ring of the Snake","NeowsBlessing","Vajra","Letter Opener","War Paint","Tiny Chest","Runic Pyramid"],"card_choices":[{"not_picked":["Cloak And Dagger","PiercingWail"],"picked":"Bouncing Flask","floor":3},{"not_picked":["Slice","Flying Knee"],"picked":"After Image","floor":6},{"not_picked":["Flechettes","Acrobatics"],"picked":"Prepared","floor":7},{"not_picked":["Masterful Stab","Outmaneuver"],"picked":"Noxious Fumes","floor":10},{"not_picked":["Dodge and Roll","Prepared"],"picked":"Blur","floor":14},{"not_picked":["Quick Slash","Deadly Poison"],"picked":"Cloak And Dagger","floor":18},{"not_picked":["Dagger Throw","Deadly Poison"],"picked":"Bane","floor":20}],"player_experience":240227,"potions_floor_usage":[16,22],"damage_taken":[{"damage":0,"enemies":"Cultist","floor":1,"turns":1},{"damage":0,"enemies":"Small Slimes","floor":3,"turns":1},{"damage":0,"enemies":"3 Sentries","floor":6,"turns":1},{"damage":0,"enemies":"2 Louse","floor":7,"turns":3},{"damage":6,"enemies":"Lagavulin","floor":10,"turns":6},{"damage":23,"enemies":"Lots of Slimes","floor":14,"turns":5},{"damage":1,"enemies":"Slime Boss","floor":16,"turns":10},{"damage":40,"enemies":"3 Byrds","floor":18,"turns":6},{"damage":2,"enemies":"Chosen","floor":20,"turns":5},{"damage":52,"enemies":"3 Cultists","floor":22,"turns":6}],"event_choices":[{"event_name":"Big Fish","player_choice":"Donut","floor":2,"damage_taken":0},{"event_name":"Shining Light","player_choice":"Entered Light","floor":5,"damage_taken":0},{"event_name":"The Library","player_choice":"Heal","floor":21,"damage_taken":0}],"boss_relics":[{"not_picked":["Velvet Choker","Snecko Eye"],"picked":"Runic Pyramid"}],"potions_floor_spawned":[6,10,14],"seed_played":"34134272134374840","killed_by":"3 Cultists","ascension_level":9,"is_trial":false}