{"gold_per_floor":[115,131,131,151,129,129,160,177,177,177,188,188,45,59,59,162,162,175,375,387,406,506,540,540,370,370,396,408,420,461,493,505,517],"floor_reached":33,"playtime":2434,"items_purged":["Strike_B","Strike_B"],"score":445,"play_id":"e0299a79-4eec-4265-8f20-c24251f457c5","local_time":"20190103183435","is_ascension_mode":true,"campfire_choices":[{"floor":6,"key":"REST"},{"floor":10,"key":"REST"},{"data":"1","floor":12,"key":"LIFT"},{"floor":15,"key":"REST"},{"data":"2","floor":24,"key":"LIFT"},{"floor":28,"key":"REST"},{"data":"Defragment","floor":32,"key":"SMITH"}],"neow_cost":"TEN_PERCENT_HP_LOSS","seed_source_timestamp":1192916869468444,"circlet_count":0,"master_deck":["AscendersBane","Strike_B","Strike_B","Defend_B","Defend_B","Defend_B","Defend_B","Zap","Dualcast","Genetic Algorithm","Compile Driver","Defragment+1","Ball Lightning","White Noise","Leap","Barrage","Leap","Self Repair","Leap","Conserve Battery","Seek","Conserve Battery","White Noise","Redo+1","Barrage+1","Capacitor","Machine Learning","Steam","Defragment","Core Surge","Chill+1","Reprogram+1","Self Repair","Turbo+1"],"relics":["Cracked Core","Prayer Wheel","Girya","Torii","Ice Cream","Nuclear Battery","Unceasing Top","MawBank","Boot"],"potions_floor_usage":[4,7,11,30,31,33],"damage_taken":[{"damage":1,"enemies":"Cultist","floor":1,"turns":3},{"damage":1,"enemies":"2 Louse","floor":2,"turns":3},{"damage":7,"enemies":"Jaw Worm","floor":4,"turns":4},{"damage":29,"enemies":"Lagavulin","floor":7,"turns":5},{"damage":15,"enemies":"3 Louse","floor":8,"turns":5},{"damage":1,"enemies":"Lots of Slimes","floor":11,"turns":2},{"damage":0,"enemies":"Large Slime","floor":14,"turns":5},{"damage":18,"enemies":"Hexaghost","floor":16,"turns":11},{"damage":9,"enemies":"Spheric Guardian","floor":18,"turns":6},{"damage":0,"enemies":"Chosen","floor":20,"turns":5},{"damage":23,"enemies":"Sentry and Sphere","floor":21,"turns":5},{"damage":36,"enemies":"Gremlin Leader","floor":23,"turns":10},{"damage":17,"enemies":"Snake Plant","floor":27,"turns":4},{"damage":9,"enemies":"Slavers","floor":30,"turns":6},{"damage":0,"enemies":"Cultist and Chosen","floor":31,"turns":6},{"damage":44,"enemies":"Collector","floor":33,"turns":10}],"seed_played":"-4129264243547109351","potions_obtained":[{"floor":1,"key":"Poison Potion"},{"floor":2,"key":"SkillPotion"},{"floor":8,"key":"Explosive Potion"},{"floor":23,"key":"Fire Potion"},{"floor":27,"key":"LiquidBronze"},{"floor":31,"key":"Fruit Juice"}],"is_trial":false,"path_per_floor":["M","M","?","M","?","R","E","M","T","R","M","R","$","M","R","B",null,"M","?","M","M","?","E","R","$","T","M","R","$","E","M","R","B"],"character_chosen":"DEFECT","items_purchased":["Self Repair","Defragment"],"campfire_rested":4,"item_purchase_floors":[13,25],"current_hp_per_floor":[67,66,33,26,26,46,17,2,2,22,21,21,21,28,48,37,60,58,58,65,49,49,20,20,20,20,10,30,30,28,40,40,0],"gold":517,"neow_bonus":"ONE_RARE_RELIC","is_prod":false,"is_daily":false,"chose_seed":false,"campfire_upgraded":1,"win_rate":0,"timestamp":1546536875,"path_taken":["M","?","?","M","?","R","E","M","T","R","M","R","$","M","R","BOSS","M","?","?","M","?","E","R","$","T","M","R","?","E","?","R","BOSS"],"build_version":"2018-12-20","purchased_purges":2,"victory":false,"max_hp_per_floor":[68,68,68,68,68,68,68,68,68,68,68,68,68,68,68,68,68,68,68,68,68,68,68,68,68,68,68,68,68,68,73,73,73],"card_choices":[{"not_picked":["Static Discharge","Reinforced Body"],"picked":"Genetic Algorithm","floor":1},{"not_picked":["Lockon","Gash","Sweeping Beam"],"picked":"SKIP","floor":1},{"not_picked":["Aggregate","Streamline"],"picked":"Compile Driver","floor":2},{"not_picked":["Stack","Conserve Battery"],"picked":"Defragment","floor":2},{"not_picked":["Stack","Core Surge"],"picked":"Ball Lightning","floor":4},{"not_picked":["Stack","Aggregate"],"picked":"White Noise","floor":4},{"not_picked":["Heatsinks","Doom and Gloom","Redo"],"picked":"SKIP","floor":7},{"not_picked":["Reprogram","Chill"],"picked":"Leap","floor":8},{"not_picked":["Consume","Streamline"],"picked":"Barrage","floor":8},{"not_picked":["Beam Cell","Stack"],"picked":"Leap","floor":11},{"not_picked":["Streamline","Blizzard","Gash"],"picked":"SKIP","floor":11},{"not_picked":["Genetic Algorithm","All For One"],"picked":"Leap","floor":14},{"not_picked":["Leap","Redo"],"picked":"Conserve Battery","floor":14},{"not_picked":["Buffer","All For One"],"picked":"Seek","floor":16},{"not_picked":["Leap","Beam Cell+1"],"picked":"Conserve Battery","floor":18},{"not_picked":["Leap","Rebound"],"picked":"White Noise","floor":18},{"not_picked":["Double Energy","Coolheaded"],"picked":"Redo+1","floor":20},{"not_picked":["Steam","Ball Lightning"],"picked":"Barrage+1","floor":20},{"not_picked":["Recycle","Doom and Gloom"],"picked":"Capacitor","floor":21},{"not_picked":["Redo","Ball Lightning"],"picked":"Machine Learning","floor":21},{"not_picked":["Redo","Genetic Algorithm+1"],"picked":"Steam","floor":23},{"not_picked":["Lockon","Redo"],"picked":"Core Surge","floor":27},{"not_picked":["Leap","Redo"],"picked":"Chill+1","floor":27},{"not_picked":["Reinforced Body+1","Leap"],"picked":"Reprogram+1","floor":30},{"not_picked":["Static Discharge","Redo+1"],"picked":"Self Repair","floor":31},{"not_picked":["Rainbow","Gash+1"],"picked":"Turbo+1","floor":31}],"player_experience":431996,"relics_obtained":[{"floor":7,"key":"Torii"},{"floor":9,"key":"Ice Cream"},{"floor":23,"key":"Unceasing Top"},{"floor":26,"key":"MawBank"},{"floor":30,"key":"Boot"}],"event_choices":[{"damage_healed":0,"gold_gain":0,"player_choice":"Success","damage_taken":33,"relics_obtained":["Girya"],"max_hp_gain":0,"max_hp_loss":0,"event_name":"Scrap Ooze","floor":3,"gold_loss":0},{"damage_healed":0,"gold_gain":0,"player_choice":"Left Gold","damage_taken":0,"max_hp_gain":0,"max_hp_loss":0,"event_name":"World of Goop","floor":5,"gold_loss":22},{"damage_healed":0,"gold_gain":250,"player_choice":"Bet on Owner","damage_taken":0,"max_hp_gain":0,"max_hp_loss":0,"event_name":"The Joust","floor":19,"gold_loss":50},{"damage_healed":0,"gold_gain":100,"player_choice":"Pray","damage_taken":0,"max_hp_gain":0,"max_hp_loss":0,"event_name":"Golden Shrine","floor":22,"gold_loss":0}],"is_beta":false,"boss_relics":[{"not_picked":["Calling Bell","Black Star"],"picked":"Nuclear Battery"}],"items_purged_floors":[13,25],"is_endless":false,"potions_floor_spawned":[1,2,8,23,27,31],"killed_by":"Collector","ascension_level":11}