{"gold_per_floor":[116,116,134,154,173,173,185,185,185,185,197,208,242,253,253,354,354,367,367,0,11,27,27],"floor_reached":23,"playtime":1125,"items_purged":["Strike_B"],"score":246,"play_id":"6c27be2a-2a4a-4ad7-8406-35f345cd86e2","local_time":"20190924011245","is_ascension_mode":true,"campfire_choices":[{"data":"Defragment","floor":6,"key":"SMITH"},{"data":"Self Repair","floor":8,"key":"SMITH"},{"data":"Zap","floor":10,"key":"SMITH"},{"data":"Reboot","floor":15,"key":"SMITH"}],"neow_cost":"NONE","seed_source_timestamp":984309579585629,"circlet_count":0,"master_deck":["Strike_B","Strike_B","Strike_B","Defend_B","Defend_B","Defend_B","Defend_B","Zap+1","Dualcast","Self Repair+1","Conserve Battery","Defragment+1","Ball Lightning","Reboot+1","Auto Shields","Echo Form","Glacier","Self Repair","Coolheaded","Fusion+1","BootSequence"],"relics":["Cracked Core","WarpedTongs","The Courier","Sundial","Sozu","StoneCalendar"],"potions_floor_usage":[4,7,11,13,16,16,22],"damage_taken":[{"damage":0,"enemies":"Small Slimes","floor":1,"turns":3},{"damage":11,"enemies":"Cultist","floor":3,"turns":3},{"damage":3,"enemies":"2 Louse","floor":4,"turns":2},{"damage":7,"enemies":"Red Slaver","floor":5,"turns":5},{"damage":26,"enemies":"Exordium Thugs","floor":7,"turns":4},{"damage":4,"enemies":"Large Slime","floor":11,"turns":5},{"damage":12,"enemies":"Exordium Wildlife","floor":12,"turns":4},{"damage":13,"enemies":"Lagavulin","floor":13,"turns":5},{"damage":7,"enemies":"Red Slaver","floor":14,"turns":2},{"damage":41,"enemies":"Hexaghost","floor":16,"turns":9},{"damage":39,"enemies":"2 Thieves","floor":18,"turns":4},{"damage":12,"enemies":"3 Byrds","floor":21,"turns":5},{"damage":34,"enemies":"Centurion and Healer","floor":22,"turns":7},{"damage":32,"enemies":"Gremlin Leader","floor":23,"turns":3}],"seed_played":"-2163648429072892321","potions_obtained":[{"floor":0,"key":"EssenceOfSteel"},{"floor":0,"key":"SteroidPotion"},{"floor":0,"key":"Explosive Potion"},{"floor":3,"key":"Fire Potion"},{"floor":4,"key":"FocusPotion"},{"floor":7,"key":"Weak Potion"},{"floor":11,"key":"Dexterity Potion"},{"floor":16,"key":"Swift Potion"}],"is_trial":false,"path_per_floor":["M","?","M","M","M","R","M","R","T","R","M","M","E","M","R","B",null,"M","?","$","M","M","E"],"character_chosen":"DEFECT","items_purchased":["Self Repair","Coolheaded","StoneCalendar"],"campfire_rested":0,"item_purchase_floors":[20,20,20],"current_hp_per_floor":[75,75,64,68,68,68,49,49,49,49,55,53,50,43,43,12,59,30,30,30,35,28,0],"gold":27,"neow_bonus":"THREE_SMALL_POTIONS","is_prod":false,"is_daily":false,"chose_seed":false,"campfire_upgraded":4,"win_rate":0,"timestamp":1569280365,"path_taken":["M","?","?","M","M","R","M","R","T","R","M","?","E","?","R","BOSS","M","?","$","?","M","E"],"build_version":"2019-07-17","purchased_purges":1,"victory":false,"max_hp_per_floor":[75,75,75,75,75,75,75,75,75,75,75,75,75,75,75,75,75,75,75,75,75,75,75],"card_choices":[{"not_picked":["Compile Driver","Redo","Aggregate"],"picked":"SKIP","floor":1},{"not_picked":["Sweeping Beam","Steam"],"picked":"Self Repair","floor":3},{"not_picked":["Coolheaded","Barrage"],"picked":"Conserve Battery","floor":4},{"not_picked":["Blizzard","Cold Snap"],"picked":"Defragment","floor":5},{"not_picked":["Undo","Darkness","Steam"],"picked":"SKIP","floor":7},{"not_picked":["Undo","Go for the Eyes","Leap"],"picked":"SKIP","floor":11},{"not_picked":["Lockon","Steam"],"picked":"Ball Lightning","floor":12},{"not_picked":["Redo","Steam Power"],"picked":"Reboot","floor":13},{"not_picked":["Blizzard","Leap"],"picked":"Auto Shields","floor":14},{"not_picked":["Multi-Cast","Reboot"],"picked":"Echo Form","floor":16},{"not_picked":["Conserve Battery","Gash"],"picked":"Glacier","floor":18},{"not_picked":["Leap","Redo"],"picked":"Fusion+1","floor":21},{"not_picked":["Ball Lightning+1","Reprogram+1"],"picked":"BootSequence","floor":22}],"player_experience":295980,"relics_obtained":[{"floor":9,"key":"The Courier"},{"floor":13,"key":"Sundial"}],"event_choices":[{"damage_healed":0,"gold_gain":0,"player_choice":"Rummage","damage_taken":0,"relics_obtained":["WarpedTongs"],"max_hp_gain":0,"max_hp_loss":0,"event_name":"Accursed Blacksmith","floor":2,"gold_loss":0,"cards_obtained":["Pain"]},{"cards_removed":["Pain"],"damage_healed":0,"gold_gain":0,"player_choice":"Card Removal","damage_taken":0,"max_hp_gain":0,"max_hp_loss":0,"event_name":"Wheel of Change","floor":19,"gold_loss":0}],"is_beta":false,"boss_relics":[{"not_picked":["Empty Cage","Ectoplasm"],"picked":"Sozu"}],"items_purged_floors":[20],"is_endless":false,"potions_floor_spawned":[3,4,7,11,16,21],"killed_by":"Gremlin Leader","ascension_level":5}