{"gold_per_floor":[118,118,135,135,153,153,179,179,179,198,211,231,242,242,242,242],"floor_reached":16,"playtime":402,"items_purged":[],"score":172,"play_id":"75916658-be36-4985-853d-3df37413c6d2","local_time":"20190324014854","is_ascension_mode":true,"campfire_choices":[{"data":"Searing Blow","floor":6,"key":"SMITH"},{"data":"Searing Blow+1","floor":8,"key":"SMITH"},{"floor":15,"key":"REST"}],"neow_cost":"PERCENT_DAMAGE","seed_source_timestamp":857670469846863,"circlet_count":0,"master_deck":["AscendersBane","Strike_R","Strike_R","Strike_R","Defend_R","Defend_R","Defend_R","Bash","Searing Blow+2","Sentinel","Headbutt","Rampage","Flame Barrier+1","Feed"],"relics":["Burning Blood","Paper Frog","Toxic Egg 2"],"potions_floor_usage":[7,12,16,16],"damage_taken":[{"damage":8,"enemies":"Small Slimes","floor":1,"turns":4},{"damage":1,"enemies":"Cultist","floor":3,"turns":3},{"damage":2,"enemies":"Jaw Worm","floor":5,"turns":3},{"damage":24,"enemies":"Gremlin Nob","floor":7,"turns":4},{"damage":9,"enemies":"Blue Slaver","floor":10,"turns":4},{"damage":26,"enemies":"Exordium Thugs","floor":11,"turns":4},{"damage":12,"enemies":"Looter","floor":12,"turns":3},{"damage":11,"enemies":"2 Fungi Beasts","floor":13,"turns":5},{"damage":44,"enemies":"The Guardian","floor":16,"turns":8}],"seed_played":"1472187770232284669","potions_obtained":[{"floor":5,"key":"Swift Potion"},{"floor":11,"key":"BloodPotion"},{"floor":13,"key":"PowerPotion"},{"floor":14,"key":"Energy Potion"}],"is_trial":false,"path_per_floor":["M","?","M","?","M","R","E","R","T","M","M","M","M","?","R","B"],"character_chosen":"IRONCLAD","items_purchased":[],"campfire_rested":1,"item_purchase_floors":[],"current_hp_per_floor":[49,49,54,59,63,63,45,45,45,42,22,24,19,19,44,0],"gold":242,"neow_bonus":"TRANSFORM_TWO_CARDS","is_prod":false,"is_daily":false,"chose_seed":false,"campfire_upgraded":2,"win_rate":0,"timestamp":1553359734,"path_taken":["M","?","?","?","M","R","E","R","T","M","M","M","M","?","R","BOSS"],"build_version":"2019-01-23","purchased_purges":0,"victory":false,"max_hp_per_floor":[80,80,80,85,85,85,85,85,85,85,85,85,85,85,85,85],"card_choices":[{"not_picked":["Anger","Combust","Bloodletting"],"picked":"SKIP","floor":1},{"not_picked":["Havoc","Rage"],"picked":"Headbutt","floor":3},{"not_picked":["Hemokinesis","Sword Boomerang","Headbutt"],"picked":"SKIP","floor":5},{"not_picked":["Pommel Strike","Clash","Wild Strike"],"picked":"SKIP","floor":7},{"not_picked":["Barricade","Body Slam"],"picked":"Rampage","floor":10},{"not_picked":["Headbutt","Clash","Flex+1"],"picked":"SKIP","floor":11},{"not_picked":["Anger","Burning Pact+1"],"picked":"Flame Barrier+1","floor":12},{"not_picked":["Rage+1","Headbutt"],"picked":"Feed","floor":13}],"player_experience":606654,"relics_obtained":[{"floor":7,"key":"Paper Frog"},{"floor":9,"key":"Toxic Egg 2"}],"event_choices":[{"cards_removed":["Strike_R"],"damage_healed":0,"gold_gain":0,"player_choice":"Purged","damage_taken":0,"max_hp_gain":0,"max_hp_loss":0,"event_name":"Purifier","floor":2,"gold_loss":0},{"damage_healed":0,"gold_gain":0,"player_choice":"Donut","damage_taken":0,"max_hp_gain":5,"max_hp_loss":0,"event_name":"Big Fish","floor":4,"gold_loss":0},{"damage_healed":0,"gold_gain":0,"player_choice":"Got Potions","damage_taken":0,"max_hp_gain":0,"max_hp_loss":0,"event_name":"Lab","floor":14,"gold_loss":0}],"is_beta":false,"boss_relics":[],"items_purged_floors":[],"is_endless":false,"potions_floor_spawned":[5,11,13],"killed_by":"The Guardian","ascension_level":13}