{"gold_per_floor":[210,210,227,72,92,118,118,130,199,199,228,228,238,248,248,248],"floor_reached":16,"playtime":640,"items_purged":[],"score":123,"play_id":"7a2942ea-f678-4b30-8792-d7f5869e734b","local_time":"20191007175530","is_ascension_mode":true,"campfire_choices":[{"data":"Clothesline","floor":7,"key":"SMITH"},{"data":"Bash","floor":10,"key":"SMITH"},{"floor":12,"key":"REST"},{"data":"Flex","floor":15,"key":"SMITH"}],"neow_cost":"NONE","seed_source_timestamp":0,"circlet_count":0,"master_deck":["Strike_R","Strike_R","Strike_R","Strike_R","Strike_R","Defend_R","Defend_R","Defend_R","Defend_R","Bash+1","Clothesline+1","Flex+1","Twin Strike"],"special_seed":0,"relics":["Burning Blood","HandDrill","Calipers","Self Forming Clay","Boot"],"potions_floor_usage":[11,16,16],"damage_taken":[{"damage":7.0,"enemies":"Small Slimes","floor":1.0,"turns":4.0},{"damage":11.0,"enemies":"Cultist","floor":3.0,"turns":4.0},{"damage":9,"enemies":"2 Louse","floor":5,"turns":3},{"damage":53,"enemies":"3 Sentries","floor":6,"turns":13},{"damage":10,"enemies":"2 Fungi Beasts","floor":8,"turns":4},{"damage":10,"enemies":"Gremlin Nob","floor":11,"turns":3},{"damage":14,"enemies":"3 Louse","floor":13,"turns":4},{"damage":19,"enemies":"Lots of Slimes","floor":14,"turns":5},{"damage":20,"enemies":"Slime Boss","floor":16,"turns":8}],"seed_played":"7764543468856993435","potions_obtained":[{"floor":3.0,"key":"AttackPotion"},{"floor":5,"key":"Energy Potion"},{"floor":6,"key":"Block Potion"},{"floor":11,"key":"SteroidPotion"},{"floor":13,"key":"EssenceOfSteel"}],"is_trial":false,"path_per_floor":["M","?","M","$","M","E","R","M","T","R","E","R","M","M","R","B"],"character_chosen":"IRONCLAD","items_purchased":["HandDrill"],"campfire_rested":1,"item_purchase_floors":[4],"current_hp_per_floor":[79,79,74,74,71,24,24,20,20,20,16,40,32,19,19,0],"gold":248,"neow_bonus":"HUNDRED_GOLD","is_prod":false,"is_daily":false,"chose_seed":false,"campfire_upgraded":3,"win_rate":1,"timestamp":1570434930,"path_taken":["M","?","?","$","M","E","R","M","T","R","E","R","M","M","R","BOSS"],"build_version":"2019-10-04","purchased_purges":0,"victory":false,"max_hp_per_floor":[80,80,80,80,80,80,80,80,80,80,80,80,80,80,80,80],"card_choices":[{"not_picked":["Sword Boomerang","Battle Trance"],"picked":"Clothesline","floor":1.0},{"not_picked":["Perfected Strike","Thunderclap","Warcry"],"picked":"SKIP","floor":3.0},{"not_picked":["Anger","Second Wind","Reckless Charge"],"picked":"SKIP","floor":5},{"not_picked":["Anger","Combust","Warcry"],"picked":"SKIP","floor":6},{"not_picked":["Perfected Strike","Fire Breathing","Clash"],"picked":"SKIP","floor":8},{"not_picked":["Heavy Blade","Brutality","Clash"],"picked":"SKIP","floor":11},{"not_picked":["True Grit","Headbutt"],"picked":"Flex","floor":13},{"not_picked":["Intimidate","Searing Blow"],"picked":"Twin Strike","floor":14}],"player_experience":22122,"relics_obtained":[{"floor":6,"key":"Calipers"},{"floor":9,"key":"Self Forming Clay"},{"floor":11,"key":"Boot"}],"event_choices":[{"damage_healed":0.0,"max_hp_gain":0.0,"max_hp_loss":0.0,"gold_gain":0.0,"event_name":"WeMeetAgain","player_choice":"Ignored","floor":2.0,"gold_loss":0.0,"damage_taken":0.0}],"is_beta":true,"boss_relics":[],"items_purged_floors":[],"is_endless":false,"potions_floor_spawned":[3,5,6,11,13],"killed_by":"Slime Boss","ascension_level":2}