{"gold_per_floor":[115,129,129,142,160,160,192,192,192,192,202,202,214,214,214,288,288,302,313,238,238,238,238,238],"floor_reached":24,"playtime":1108,"items_purged":["Defend_B"],"score":417,"play_id":"3354a56a-a4e5-4520-97c6-f371c72fe3d0","local_time":"20190130201917","is_ascension_mode":true,"campfire_choices":[{"data":"Zap","floor":6,"key":"SMITH"},{"data":"Go for the Eyes","floor":8,"key":"SMITH"},{"data":"Conserve Battery","floor":10,"key":"SMITH"},{"data":"Streamline","floor":12,"key":"SMITH"},{"data":"Conserve Battery","floor":15,"key":"SMITH"},{"data":"Buffer","floor":23,"key":"SMITH"}],"neow_cost":"NONE","seed_source_timestamp":356872448533919,"circlet_count":0,"master_deck":["AscendersBane","Defend_B","Defend_B","Zap+1","Dualcast","Conserve Battery+1","Go for the Eyes+1","Conserve Battery+1","Self Repair","Streamline+1","Hologram","Buffer+1","Coolheaded","Leap","Bite","Bite","Bite","Bite","Bite"],"relics":["Cracked Core","NeowsBlessing","Lantern","Dodecahedron","Sozu"],"potions_floor_usage":[7,16,16,19],"damage_taken":[{"damage":0,"enemies":"2 Louse","floor":1,"turns":1},{"damage":0,"enemies":"Cultist","floor":2,"turns":1},{"damage":0,"enemies":"Small Slimes","floor":4,"turns":1},{"damage":7,"enemies":"2 Fungi Beasts","floor":5,"turns":3},{"damage":16,"enemies":"Lagavulin","floor":7,"turns":8},{"damage":1,"enemies":"Blue Slaver","floor":11,"turns":3},{"damage":30,"enemies":"Exordium Thugs","floor":13,"turns":5},{"damage":7,"enemies":"The Guardian","floor":16,"turns":10},{"damage":16,"enemies":"Spheric Guardian","floor":18,"turns":6},{"damage":1,"enemies":"3 Byrds","floor":19,"turns":4},{"damage":46,"enemies":"Slavers","floor":24,"turns":3}],"seed_played":"8348731057972768500","potions_obtained":[{"floor":2,"key":"Strength Potion"},{"floor":5,"key":"GamblersBrew"},{"floor":7,"key":"LiquidBronze"},{"floor":16,"key":"LiquidBronze"}],"is_trial":false,"path_per_floor":["M","M","?","M","M","R","E","R","T","R","M","R","M","?","R","B",null,"M","M","$","?","?","R","E"],"character_chosen":"DEFECT","items_purchased":[],"campfire_rested":0,"item_purchase_floors":[],"current_hp_per_floor":[64,64,64,64,57,57,41,41,41,41,47,47,24,24,24,24,59,50,56,56,36,36,36,0],"gold":238,"neow_bonus":"THREE_ENEMY_KILL","is_prod":false,"is_daily":false,"chose_seed":false,"campfire_upgraded":6,"win_rate":0,"timestamp":1548875957,"path_taken":["M","M","?","M","M","R","E","R","T","R","?","R","M","?","R","BOSS","M","M","$","?","?","R","E"],"build_version":"2019-01-23","purchased_purges":1,"victory":false,"max_hp_per_floor":[71,71,71,71,71,71,71,71,71,71,71,71,71,71,71,71,71,71,71,71,76,53,53,53],"card_choices":[{"not_picked":["Skim","Storm"],"picked":"Conserve Battery","floor":1},{"not_picked":["Beam Cell","Steam","Gash"],"picked":"SKIP","floor":2},{"not_picked":["Chaos","Hologram"],"picked":"Go for the Eyes","floor":4},{"not_picked":["BootSequence","Sweeping Beam"],"picked":"Conserve Battery","floor":5},{"not_picked":["Ball Lightning","Go for the Eyes"],"picked":"Self Repair","floor":7},{"not_picked":["Sweeping Beam","Leap"],"picked":"Streamline","floor":11},{"not_picked":["Double Energy","Fission"],"picked":"Hologram","floor":13},{"not_picked":["Thunder Strike","Multi-Cast"],"picked":"Buffer","floor":16},{"not_picked":["Barrage","Rebound"],"picked":"Coolheaded","floor":18},{"not_picked":["Force Field","Darkness"],"picked":"Leap","floor":19}],"player_experience":583432,"relics_obtained":[{"floor":7,"key":"Lantern"},{"floor":9,"key":"Dodecahedron"}],"event_choices":[{"cards_removed":["Defend_B"],"damage_healed":0,"gold_gain":0,"player_choice":"Offered Basic","damage_taken":0,"max_hp_gain":0,"max_hp_loss":0,"event_name":"Bonfire Elementals","floor":3,"gold_loss":0},{"cards_removed":["Strike_B"],"damage_healed":0,"gold_gain":0,"player_choice":"Forget","damage_taken":0,"max_hp_gain":0,"max_hp_loss":0,"event_name":"Living Wall","floor":14,"gold_loss":0},{"damage_healed":0,"gold_gain":0,"player_choice":"Shed Blood","damage_taken":25,"max_hp_gain":5,"max_hp_loss":0,"event_name":"Forgotten Altar","floor":21,"gold_loss":0},{"damage_healed":0,"gold_gain":0,"player_choice":"Became a vampire","damage_taken":0,"max_hp_gain":0,"max_hp_loss":23,"event_name":"Vampires","floor":22,"gold_loss":0,"cards_obtained":["Bite","Bite","Bite","Bite","Bite"]}],"is_beta":false,"boss_relics":[{"not_picked":["Snecko Eye","Pandora\u0027s Box"],"picked":"Sozu"}],"items_purged_floors":[20],"is_endless":false,"potions_floor_spawned":[2,5,7,16,18,19],"killed_by":"Slavers","ascension_level":20}