{"gold_per_floor":[112,128,128,142,159,159,159,159,182,182,202,259,272,301,301,399,399,422,422,446,69,69],"floor_reached":22,"playtime":1184,"items_purged":["Strike_B"],"score":334,"play_id":"6eb86c72-576e-486d-a513-c08d39063466","local_time":"20190106213728","is_ascension_mode":true,"campfire_choices":[{"floor":6,"key":"REST"},{"data":"Zap","floor":8,"key":"SMITH"},{"data":"Cold Snap","floor":10,"key":"SMITH"},{"floor":15,"key":"REST"}],"neow_cost":"NONE","seed_source_timestamp":1464341923198763,"circlet_count":0,"master_deck":["AscendersBane","Strike_B","Strike_B","Defend_B","Defend_B","Defend_B","Defend_B","Zap+1","Dualcast","Ball Lightning","Chill","Glacier","Cold Snap+1","Compile Driver","Core Surge","FTL+1","Go for the Eyes","Conserve Battery"],"relics":["Cracked Core","Golden Idol","Pen Nib","Tiny Chest","Odd Mushroom","Inserter","Pantograph"],"potions_floor_usage":[2,11,16,16,22],"damage_taken":[{"damage":0,"enemies":"2 Louse","floor":1,"turns":2},{"damage":2,"enemies":"Jaw Worm","floor":2,"turns":3},{"damage":5,"enemies":"Small Slimes","floor":4,"turns":3},{"damage":13,"enemies":"Exordium Wildlife","floor":5,"turns":6},{"damage":0,"enemies":"Gremlin Gang","floor":11,"turns":5},{"damage":0,"enemies":"2 Fungi Beasts","floor":13,"turns":3},{"damage":9,"enemies":"The Mushroom Lair","floor":14,"turns":3},{"damage":17,"enemies":"Slime Boss","floor":16,"turns":10},{"damage":11,"enemies":"Chosen","floor":18,"turns":5},{"damage":26,"enemies":"2 Thieves","floor":20,"turns":4},{"damage":16,"enemies":"Snake Plant","floor":22,"turns":2}],"seed_played":"5313440558090314374","potions_obtained":[{"floor":1,"key":"Swift Potion"},{"floor":5,"key":"PowerPotion"},{"floor":11,"key":"Poison Potion"},{"floor":14,"key":"Block Potion"},{"floor":16,"key":"Strength Potion"}],"is_trial":false,"path_per_floor":["M","M","?","M","M","R","?","R","T","R","M","T","M","?","R","B",null,"M","?","M","$","M"],"character_chosen":"DEFECT","items_purchased":["Pantograph","Conserve Battery"],"campfire_rested":2,"item_purchase_floors":[21,21],"current_hp_per_floor":[64,62,44,39,26,47,47,47,47,47,47,47,47,38,57,40,58,47,38,12,12,0],"gold":69,"neow_bonus":"REMOVE_CARD","is_prod":false,"is_daily":false,"chose_seed":false,"campfire_upgraded":2,"win_rate":0,"timestamp":1546807048,"path_taken":["M","M","?","M","M","R","?","R","T","R","M","?","?","?","R","BOSS","M","?","?","$","M"],"build_version":"2019-01-03v4","purchased_purges":1,"victory":false,"max_hp_per_floor":[71,71,71,71,71,71,64,64,64,64,64,64,64,64,64,64,64,64,64,64,64,64],"card_choices":[{"not_picked":["Lockon","Reinforced Body"],"picked":"Ball Lightning","floor":1},{"not_picked":["FTL","Double Energy"],"picked":"Chill","floor":2},{"not_picked":["Melter","Streamline"],"picked":"Glacier","floor":4},{"not_picked":["Redo","Conserve Battery"],"picked":"Cold Snap","floor":5},{"not_picked":["Redo","Reprogram","Gash"],"picked":"SKIP","floor":11},{"not_picked":["Steam","Streamline"],"picked":"Compile Driver","floor":13},{"not_picked":["Meteor Strike","Hyperbeam"],"picked":"Core Surge","floor":16},{"not_picked":["Scrape","Gash"],"picked":"FTL+1","floor":18},{"not_picked":["Sweeping Beam","Compile Driver"],"picked":"Go for the Eyes","floor":20}],"player_experience":482446,"relics_obtained":[{"floor":9,"key":"Pen Nib"},{"floor":12,"key":"Tiny Chest"},{"floor":14,"key":"Odd Mushroom"}],"event_choices":[{"damage_healed":0,"gold_gain":0,"player_choice":"Fled","damage_taken":18,"max_hp_gain":0,"max_hp_loss":0,"event_name":"Scrap Ooze","floor":3,"gold_loss":0},{"damage_healed":0,"gold_gain":0,"player_choice":"Lose Max HP","damage_taken":0,"relics_obtained":["Golden Idol"],"max_hp_gain":0,"max_hp_loss":7,"event_name":"Golden Idol","floor":7,"gold_loss":0},{"damage_healed":0,"gold_gain":0,"player_choice":"Fought Mushrooms","damage_taken":0,"max_hp_gain":0,"max_hp_loss":0,"event_name":"Mushrooms","floor":14,"gold_loss":0},{"damage_healed":0,"gold_gain":0,"player_choice":"Damaged","damage_taken":9,"max_hp_gain":0,"max_hp_loss":0,"event_name":"Wheel of Change","floor":19,"gold_loss":0}],"is_beta":false,"boss_relics":[{"not_picked":["Ectoplasm","Philosopher\u0027s Stone"],"picked":"Inserter"}],"items_purged_floors":[21],"is_endless":false,"potions_floor_spawned":[1,5,11,14,16],"killed_by":"Snake Plant","ascension_level":18}