{"gold_per_floor":[118,133,133,148,167,167,193,193,219,219,238,238,68,83,83,185,185,199,216,216,236,253,284,284,89,89,103,31,59,69,88,88,187,187,206,206,1,1,11,11,11,43,43,90,90,40,72,87,87,87],"floor_reached":51,"playtime":3567,"items_purged":["Strike_R","Strike_R+1","Strike_R+1","Writhe"],"score":996,"play_id":"e7892ba5-c984-4067-b7eb-9027346fa8a9","local_time":"20190928212731","is_ascension_mode":true,"campfire_choices":[{"data":"Body Slam","floor":6.0,"key":"SMITH"},{"data":"Juggernaut","floor":8.0,"key":"SMITH"},{"data":"Armaments","floor":10.0,"key":"SMITH"},{"data":"Flame Barrier","floor":15,"key":"SMITH"},{"data":"True Grit","floor":24,"key":"SMITH"},{"data":"Offering","floor":32,"key":"SMITH"},{"data":"Apotheosis","floor":40,"key":"SMITH"},{"data":"Barricade","floor":45,"key":"SMITH"},{"floor":49,"key":"REST"}],"neow_cost":"NONE","seed_source_timestamp":1400312553719518,"circlet_count":0,"master_deck":["Defend_R+1","Defend_R+1","Defend_R+1","Bash","Juggernaut+1","Dual Wield","Iron Wave","Flame Barrier+1","Body Slam+1","Armaments+1","Shrug It Off","Searing Blow","Offering+1","True Grit+1","Shrug It Off+1","Clothesline+1","Seeing Red+1","Battle Trance","Barricade+1","Apotheosis+1","Blind","Entrench","Whirlwind+1","Demon Form"],"special_seed":0,"relics":["Burning Blood","Happy Flower","Smiling Mask","Runic Pyramid","Lantern","Bronze Scales","Dodecahedron","Unceasing Top","Philosopher\u0027s Stone","Oddly Smooth Stone","Kunai","Girya","Prayer Wheel"],"potions_floor_usage":[23,29,33,42,48,50,50,50],"damage_taken":[{"damage":13.0,"enemies":"Jaw Worm","floor":1.0,"turns":4.0},{"damage":18.0,"enemies":"Small Slimes","floor":2.0,"turns":5.0},{"damage":6.0,"enemies":"Cultist","floor":4.0,"turns":4.0},{"damage":17.0,"enemies":"Large Slime","floor":5.0,"turns":7.0},{"damage":5.0,"enemies":"3 Sentries","floor":7.0,"turns":5.0},{"damage":0,"enemies":"Looter","floor":11,"turns":3},{"damage":1,"enemies":"3 Louse","floor":14,"turns":4},{"damage":9,"enemies":"Slime Boss","floor":16,"turns":8},{"damage":7,"enemies":"Spheric Guardian","floor":18,"turns":4},{"damage":6,"enemies":"Shell Parasite","floor":19,"turns":5},{"damage":16,"enemies":"Snake Plant","floor":21,"turns":4},{"damage":10,"enemies":"Shelled Parasite and Fungi","floor":22,"turns":5},{"damage":11,"enemies":"Book of Stabbing","floor":23,"turns":6},{"damage":6,"enemies":"Snecko","floor":27,"turns":3},{"damage":12,"enemies":"Gremlin Leader","floor":29,"turns":6},{"damage":0,"enemies":"3 Cultists","floor":30,"turns":4},{"damage":6,"enemies":"Sentry and Sphere","floor":31,"turns":3},{"damage":45,"enemies":"Champ","floor":33,"turns":10},{"damage":0,"enemies":"Orb Walker","floor":35,"turns":2},{"damage":11,"enemies":"3 Shapes","floor":39,"turns":4},{"damage":5,"enemies":"Reptomancer","floor":42,"turns":7},{"damage":29,"enemies":"2 Orb Walkers","floor":44,"turns":5},{"damage":6,"enemies":"Giant Head","floor":47,"turns":6},{"damage":17,"enemies":"Jaw Worm Horde","floor":48,"turns":2},{"damage":22,"enemies":"Awakened One","floor":50,"turns":8}],"seed_played":"3494956989697879079","potions_obtained":[{"floor":1.0,"key":"Ancient Potion"},{"floor":5.0,"key":"EntropicBrew"},{"floor":14,"key":"Explosive Potion"},{"floor":16,"key":"Explosive Potion"},{"floor":23,"key":"Strength Potion"},{"floor":27,"key":"PowerPotion"},{"floor":30,"key":"LiquidBronze"},{"floor":44,"key":"Dexterity Potion"},{"floor":47,"key":"BloodPotion"},{"floor":48,"key":"LiquidBronze"}],"is_trial":false,"path_per_floor":["M","M","?","M","M","R","E","R","T","R","M","?","$","M","R","B",null,"M","M","?","M","M","E","R","$","T","M","$","E","M","M","R","B",null,"M","?","$","?","M","R","?","E","T","?","R","$","E","M","R","B",null],"character_chosen":"IRONCLAD","items_purchased":["Shrug It Off","EssenceOfSteel","Bronze Scales","Battle Trance","Entrench","Regen Potion"],"campfire_rested":1,"item_purchase_floors":[13,13,25,28,37,37],"current_hp_per_floor":[65,53,53,53,42,42,43,43,43,43,49,49,49,54,54,51,73,72,72,72,62,58,53,53,53,53,53,53,47,53,53,53,14,64,70,60,60,60,55,55,75,76,76,53,53,53,53,62,80,64],"gold":87,"neow_bonus":"ONE_RANDOM_RARE_CARD","is_prod":false,"is_daily":false,"chose_seed":false,"campfire_upgraded":8,"win_rate":0,"timestamp":1569698851,"path_taken":["M","M","?","M","M","R","E","R","T","R","M","?","$","M","R","BOSS","M","?","?","M","M","E","R","$","T","M","$","E","M","M","R","BOSS","M","?","$","?","M","R","?","E","T","?","R","?","E","M","R","BOSS"],"build_version":"2019-07-17","purchased_purges":4,"victory":true,"max_hp_per_floor":[80,80,80,80,80,80,80,80,80,80,80,80,80,80,80,80,80,80,80,80,80,80,80,80,80,80,80,80,80,80,80,80,80,80,80,80,80,80,80,80,80,80,80,80,80,80,80,80,80,80],"card_choices":[{"not_picked":["Perfected Strike","Cleave"],"picked":"Dual Wield","floor":1.0},{"not_picked":["Body Slam","Clothesline"],"picked":"Iron Wave","floor":2.0},{"not_picked":["Headbutt","Sword Boomerang"],"picked":"Flame Barrier","floor":4.0},{"not_picked":["Flex","Anger"],"picked":"Body Slam","floor":5.0},{"not_picked":["Pummel","Cleave"],"picked":"Armaments","floor":7.0},{"not_picked":["Flex","Pommel Strike","Rupture"],"picked":"SKIP","floor":11},{"not_picked":["Cleave","Thunderclap"],"picked":"Searing Blow","floor":14},{"not_picked":["Dark Embrace","Reaper"],"picked":"Offering","floor":16},{"not_picked":["Iron Wave+1","Sword Boomerang"],"picked":"True Grit","floor":18},{"not_picked":["Clash+1","Body Slam","Pummel+1"],"picked":"SKIP","floor":19},{"not_picked":["Thunderclap","Feel No Pain"],"picked":"Shrug It Off+1","floor":21},{"not_picked":["Sword Boomerang","Anger"],"picked":"Clothesline+1","floor":22},{"not_picked":["Hemokinesis+1","Sword Boomerang+1","Blood for Blood"],"picked":"SKIP","floor":23},{"not_picked":["Bloodletting","Second Wind"],"picked":"Seeing Red+1","floor":27},{"not_picked":["Pommel Strike","Inflame+1","Perfected Strike"],"picked":"SKIP","floor":29},{"not_picked":["Havoc","Bloodletting","Thunderclap+1"],"picked":"SKIP","floor":30},{"not_picked":["Burning Pact","Heavy Blade","Pummel"],"picked":"SKIP","floor":31},{"not_picked":["Exhume","Offering"],"picked":"Barricade","floor":33},{"not_picked":["Iron Wave","Body Slam","Headbutt"],"picked":"SKIP","floor":35},{"not_picked":["Impatience","Enlightenment"],"picked":"Apotheosis","floor":36},{"not_picked":["Sadistic Nature","HandOfGreed"],"picked":"Blind","floor":36},{"not_picked":["Wild Strike","Clothesline+1"],"picked":"Whirlwind+1","floor":39},{"not_picked":["Clothesline+1","Anger","Armaments"],"picked":"SKIP","floor":42},{"not_picked":["Inflame","True Grit","Sword Boomerang"],"picked":"SKIP","floor":47},{"not_picked":["True Grit+1","Whirlwind"],"picked":"Demon Form","floor":48},{"not_picked":["Feel No Pain+1","Cleave","Warcry"],"picked":"SKIP","floor":48}],"player_experience":311930,"relics_obtained":[{"floor":7.0,"key":"Happy Flower"},{"floor":9.0,"key":"Smiling Mask"},{"floor":23,"key":"Lantern"},{"floor":26,"key":"Dodecahedron"},{"floor":29,"key":"Unceasing Top"},{"floor":42,"key":"Oddly Smooth Stone"},{"floor":43,"key":"Kunai"},{"floor":44,"key":"Girya"},{"floor":47,"key":"Prayer Wheel"}],"event_choices":[{"cards_removed":["Strike_R"],"damage_healed":0.0,"max_hp_gain":0.0,"max_hp_loss":0.0,"gold_gain":0.0,"event_name":"Living Wall","player_choice":"Forget","floor":3.0,"gold_loss":0.0,"damage_taken":0.0},{"cards_removed":["Strike_R"],"damage_healed":0,"gold_gain":0,"player_choice":"Purged","damage_taken":0,"max_hp_gain":0,"max_hp_loss":0,"event_name":"Purifier","floor":12,"gold_loss":0},{"damage_healed":0,"gold_gain":0,"player_choice":"Simplicity","damage_taken":0,"max_hp_gain":0,"max_hp_loss":0,"event_name":"Back to Basics","floor":20,"gold_loss":0,"cards_upgraded":["Strike_R","Strike_R","Defend_R","Defend_R","Defend_R","Defend_R"]},{"damage_healed":0,"gold_gain":0,"player_choice":"Memory 3","damage_taken":10,"max_hp_gain":0,"max_hp_loss":0,"event_name":"SensoryStone","floor":36,"gold_loss":0},{"cards_removed":["Defend_R"],"damage_healed":0,"gold_gain":0,"player_choice":"Removed Skill","damage_taken":0,"max_hp_gain":0,"max_hp_loss":0,"event_name":"Falling","floor":38,"gold_loss":0},{"damage_healed":20,"gold_gain":0,"player_choice":"Writhe","damage_taken":0,"max_hp_gain":0,"max_hp_loss":0,"event_name":"Winding Halls","floor":41,"gold_loss":0,"cards_obtained":["Writhe"]},{"damage_healed":0,"gold_gain":0,"player_choice":"Fight","damage_taken":0,"max_hp_gain":0,"max_hp_loss":0,"event_name":"Mysterious Sphere","floor":44,"gold_loss":0}],"is_beta":false,"boss_relics":[{"not_picked":["Empty Cage","Lizard Tail"],"picked":"Runic Pyramid"},{"not_picked":["Pandora\u0027s Box","Sozu"],"picked":"Philosopher\u0027s Stone"}],"items_purged_floors":[13,25,37,46],"is_endless":false,"potions_floor_spawned":[1,5,14,16,22,23,27,30,31,44,47,48],"ascension_level":6}