{"gold_per_floor":[118,135,7,22,22,22,42,42,114,44,60,80,110,128,128,223,223,234,250,430,447,362,362,389,389,389,403,420,41,41,51,51,51],"floor_reached":33,"playtime":2203,"items_purged":["Shame","Defend_R"],"score":377,"play_id":"9afa5c70-6c93-46f6-a718-e0ef827d3633","local_time":"20190928144146","is_ascension_mode":true,"campfire_choices":[{"data":"Uppercut","floor":6.0,"key":"SMITH"},{"data":"Inflame","floor":8.0,"key":"SMITH"},{"data":"Metallicize","floor":15.0,"key":"SMITH"},{"floor":23,"key":"REST"},{"floor":30,"key":"REST"},{"data":"Combust","floor":32,"key":"SMITH"}],"neow_cost":"CURSE","seed_source_timestamp":0,"circlet_count":0,"master_deck":["Defend_R","Defend_R","Defend_R","Bash","Inflame+1","Uppercut+1","Shrug It Off","Sword Boomerang","Metallicize","Metallicize+1","Offering","Clothesline","Feed","Combust+1","Flex+1","Bite","Bite","Bite","Bite","Bite","Impervious+1","Cleave","True Grit+1","Flex+1","Shrug It Off+1"],"special_seed":0,"relics":["Black Blood","Gremlin Horn","Anchor","Bird Faced Urn","Bag of Preparation","Toxic Egg 2","ClockworkSouvenir"],"potions_floor_usage":[18,24,24,24,33],"damage_taken":[{"damage":5.0,"enemies":"Cultist","floor":1.0,"turns":4.0},{"damage":30.0,"enemies":"Jaw Worm","floor":2.0,"turns":5.0},{"damage":0.0,"enemies":"Small Slimes","floor":4.0,"turns":3.0},{"damage":2.0,"enemies":"2 Fungi Beasts","floor":7.0,"turns":4.0},{"damage":5.0,"enemies":"Blue Slaver","floor":11.0,"turns":4.0},{"damage":25.0,"enemies":"Exordium Wildlife","floor":12.0,"turns":5.0},{"damage":16.0,"enemies":"Lagavulin","floor":13.0,"turns":6.0},{"damage":6.0,"enemies":"Lots of Slimes","floor":14.0,"turns":2.0},{"damage":21.0,"enemies":"Slime Boss","floor":16.0,"turns":12.0},{"damage":10,"enemies":"Chosen","floor":18,"turns":5},{"damage":35,"enemies":"3 Byrds","floor":19,"turns":9},{"damage":13,"enemies":"Centurion and Healer","floor":21,"turns":5},{"damage":51,"enemies":"Slavers","floor":24,"turns":6},{"damage":22,"enemies":"Shelled Parasite and Fungi","floor":27,"turns":10},{"damage":40,"enemies":"Cultist and Chosen","floor":28,"turns":8},{"damage":28,"enemies":"Centurion and Healer","floor":31,"turns":7},{"damage":67,"enemies":"Automaton","floor":33,"turns":9}],"seed_played":"-4040450571458315209","potions_obtained":[{"floor":4.0,"key":"FearPotion"},{"floor":11.0,"key":"Swift Potion"},{"floor":12.0,"key":"Block Potion"},{"floor":14.0,"key":"Weak Potion"},{"floor":18,"key":"SpeedPotion"},{"floor":21,"key":"EssenceOfSteel"},{"floor":28,"key":"SpeedPotion"},{"floor":31,"key":"Energy Potion"}],"is_trial":false,"path_per_floor":["M","M","$","M","$","R","M","R","T","$","M","M","E","M","R","B",null,"M","M","?","M","?","R","E","?","T","M","M","$","R","M","R","B"],"character_chosen":"IRONCLAD","items_purchased":["Shrug It Off","Metallicize","ClockworkSouvenir","True Grit+1","Flex+1"],"campfire_rested":2,"item_purchase_floors":[3,10,29,29,29],"current_hp_per_floor":[89,65,65,71,71,71,75,75,75,75,76,57,47,47,47,32,80,83,61,31,28,28,58,25,25,25,38,26,26,48,51,51,0],"gold":51,"neow_bonus":"TWENTY_PERCENT_HP_BONUS","is_prod":false,"is_daily":false,"chose_seed":false,"campfire_upgraded":4,"win_rate":0,"timestamp":1569674506,"path_taken":["M","M","$","M","?","R","M","R","T","$","M","M","E","M","R","BOSS","M","M","?","?","?","R","E","?","T","M","M","$","R","M","R","BOSS"],"build_version":"2019-07-17","purchased_purges":2,"victory":false,"max_hp_per_floor":[96,96,96,96,96,96,96,96,96,96,96,96,96,96,96,96,96,99,102,102,102,102,102,102,71,71,74,74,74,74,77,77,77],"card_choices":[{"not_picked":["Warcry","Fire Breathing"],"picked":"Inflame","floor":1.0},{"not_picked":["Dropkick","Heavy Blade"],"picked":"Uppercut","floor":2.0},{"not_picked":["Armaments","Sever Soul"],"picked":"Sword Boomerang","floor":4.0},{"not_picked":["Wild Strike","Clothesline"],"picked":"Metallicize","floor":7.0},{"not_picked":["Blood for Blood","Rampage","Clothesline"],"picked":"SKIP","floor":11.0},{"not_picked":["Body Slam","Headbutt"],"picked":"Offering","floor":12.0},{"not_picked":["Anger","Perfected Strike","Combust"],"picked":"SKIP","floor":13.0},{"not_picked":["Pommel Strike","Body Slam"],"picked":"Clothesline","floor":14.0},{"not_picked":["Impervious","Limit Break"],"picked":"Feed","floor":16.0},{"not_picked":["Heavy Blade","Pommel Strike","Headbutt"],"picked":"SKIP","floor":18},{"not_picked":["Havoc+1","Heavy Blade+1"],"picked":"Combust","floor":19},{"not_picked":["Clothesline","Clash","Twin Strike+1"],"picked":"SKIP","floor":21},{"not_picked":["Rage","Twin Strike"],"picked":"Flex+1","floor":24},{"not_picked":["Sword Boomerang","Whirlwind"],"picked":"Impervious+1","floor":27},{"not_picked":["Thunderclap+1","Heavy Blade"],"picked":"Cleave","floor":28},{"not_picked":["Perfected Strike","Sword Boomerang"],"picked":"Shrug It Off+1","floor":31}],"player_experience":306302,"relics_obtained":[{"floor":9.0,"key":"Gremlin Horn"},{"floor":13.0,"key":"Anchor"},{"floor":24,"key":"Bag of Preparation"},{"floor":26,"key":"Toxic Egg 2"}],"event_choices":[{"damage_healed":0,"gold_gain":180,"player_choice":"GOLD GOLD ","damage_taken":30,"max_hp_gain":0,"max_hp_loss":0,"event_name":"Knowing Skull","floor":20,"potions_obtained":[],"gold_loss":0,"cards_obtained":[]},{"damage_healed":0,"gold_gain":0,"player_choice":"Obtained Relic","damage_taken":0,"relics_obtained":["Bird Faced Urn"],"max_hp_gain":0,"max_hp_loss":0,"event_name":"Addict","floor":22,"gold_loss":85},{"damage_healed":0,"gold_gain":0,"player_choice":"Became a vampire","damage_taken":0,"max_hp_gain":0,"max_hp_loss":31,"event_name":"Vampires","floor":25,"gold_loss":0,"cards_obtained":["Bite","Bite","Bite","Bite","Bite"]}],"is_beta":false,"boss_relics":[{"not_picked":["Runic Dome","Empty Cage"],"picked":"Black Blood"}],"items_purged_floors":[3,29],"is_endless":false,"potions_floor_spawned":[4,11,12,14,18,21,28,31],"killed_by":"Automaton","ascension_level":6}