{"gold_per_floor":[112,112,112,129,142,142,159,185,233,233,253,253,253,296,296,416,416,432,457,457,475,495,528,528,568,591,591,716,735,735,134,134,263,263,276,401,401,47,60,60,98,98,98,98,8,29,47,47,47,47,47,47,47,78,78],"floor_reached":56,"playtime":5145,"items_purged":["Writhe"],"score":1348,"play_id":"0719c16c-5a39-4beb-8957-0e07420e1194","local_time":"20190809132556","is_ascension_mode":false,"campfire_choices":[{"data":"Sunder","floor":6,"key":"SMITH"},{"data":"Streamline","floor":10,"key":"SMITH"},{"data":"Chill","floor":12,"key":"SMITH"},{"data":"Coolheaded","floor":15,"key":"SMITH"},{"floor":24,"key":"REST"},{"data":"Genetic Algorithm","floor":27,"key":"SMITH"},{"data":"Creative AI","floor":30,"key":"SMITH"},{"floor":32,"key":"REST"},{"data":"Apotheosis","floor":40,"key":"SMITH"},{"floor":42,"key":"RECALL"},{"data":"Echo Form","floor":44,"key":"SMITH"},{"data":"Machine Learning","floor":49,"key":"SMITH"},{"data":"Dark Shackles","floor":52,"key":"SMITH"}],"neow_cost":"NONE","seed_source_timestamp":240328929625937,"circlet_count":0,"master_deck":["Strike_B","Strike_B","Defend_B","Defend_B","Defend_B","Defend_B","Zap","Dualcast","Stack","Sunder+1","Reinforced Body","Chill+1","Streamline+1","Hologram","Coolheaded+1","Echo Form+1","Double Energy+1","Genetic Algorithm+1","Creative AI+1","Apotheosis+1","Machine Learning+1","Self Repair","Master of Strategy","Pain","Madness","Turbo+1","Reboot","Dark Shackles+1","Steam Power+1"],"relics":["Cracked Core","Blue Candle","Happy Flower","Golden Idol","Lantern","Cursed Key","Nilry\u0027s Codex","Anchor","Pocketwatch","Torii","Symbiotic Virus","DataDisk","HandDrill","Runic Pyramid","Dead Branch","Runic Capacitor","Boot","Art of War","Strawberry"],"potions_floor_usage":[8,16,23,23,23,28,55,55],"damage_taken":[{"damage":11,"enemies":"Jaw Worm","floor":1,"turns":3},{"damage":4,"enemies":"Small Slimes","floor":4,"turns":4},{"damage":0,"enemies":"Cultist","floor":5,"turns":3},{"damage":0,"enemies":"2 Fungi Beasts","floor":7,"turns":1},{"damage":4,"enemies":"Gremlin Nob","floor":8,"turns":3},{"damage":6,"enemies":"Large Slime","floor":11,"turns":4},{"damage":11,"enemies":"Lagavulin","floor":14,"turns":5},{"damage":17,"enemies":"Hexaghost","floor":16,"turns":9},{"damage":3,"enemies":"Spheric Guardian","floor":18,"turns":3},{"damage":6,"enemies":"Shell Parasite","floor":19,"turns":5},{"damage":4,"enemies":"Centurion and Healer","floor":21,"turns":5},{"damage":10,"enemies":"Snake Plant","floor":22,"turns":4},{"damage":3,"enemies":"Book of Stabbing","floor":23,"turns":5},{"damage":5,"enemies":"Slavers","floor":25,"turns":7},{"damage":12,"enemies":"Colosseum Slavers","floor":28,"turns":5},{"damage":40,"enemies":"Colosseum Nobs","floor":28,"turns":5},{"damage":0,"enemies":"Snecko","floor":29,"turns":4},{"damage":1,"enemies":"Automaton","floor":33,"turns":8},{"damage":0,"enemies":"Orb Walker","floor":35,"turns":3},{"damage":0,"enemies":"Mind Bloom Boss Battle","floor":36,"turns":7},{"damage":0,"enemies":"3 Darklings","floor":39,"turns":5},{"damage":30,"enemies":"Reptomancer","floor":41,"turns":7},{"damage":3,"enemies":"4 Shapes","floor":46,"turns":3},{"damage":0,"enemies":"Sphere and 2 Shapes","floor":47,"turns":3},{"damage":1,"enemies":"Awakened One","floor":50,"turns":10},{"damage":3,"enemies":"Shield and Spear","floor":54,"turns":7},{"damage":29,"enemies":"The Heart","floor":55,"turns":10}],"seed_played":"-1932330475883868521","potions_obtained":[{"floor":7,"key":"Poison Potion"},{"floor":8,"key":"SkillPotion"},{"floor":11,"key":"Explosive Potion"},{"floor":14,"key":"FocusPotion"},{"floor":18,"key":"Fire Potion"},{"floor":23,"key":"Regen Potion"},{"floor":28,"key":"Ancient Potion"},{"floor":29,"key":"LiquidBronze"},{"floor":35,"key":"FocusPotion"},{"floor":47,"key":"Swift Potion"}],"is_trial":false,"path_per_floor":["M","?","?","M","M","R","M","E","T","R","M","R","?","E","R","B",null,"M","M","?","M","M","E","R","E","T","R","?","M","R","$","R","B",null,"M","?","?","$","M","R","E","R","T","R","$","M","M","?","R","B",null,"R","$","E","B",null],"character_chosen":"DEFECT","items_purchased":["DataDisk","Apotheosis","HandDrill","Runic Capacitor","Master of Strategy","Madness"],"campfire_rested":2,"item_purchase_floors":[31,31,31,38,38,45],"current_hp_per_floor":[71,76,76,72,72,72,72,68,68,68,62,62,62,51,51,34,81,78,72,56,52,42,39,63,58,58,58,20,20,20,20,44,43,81,81,81,81,81,81,81,61,61,61,61,61,68,78,78,78,81,81,81,81,88,59],"gold":78,"neow_bonus":"TEN_PERCENT_HP_BONUS","is_prod":false,"is_daily":false,"chose_seed":false,"campfire_upgraded":10,"win_rate":0,"timestamp":1565349956,"path_taken":["M","?","?","?","M","R","M","E","T","R","M","R","?","E","R","BOSS","M","M","?","M","M","E","R","E","T","R","?","?","R","$","R","BOSS","M","?","?","$","M","R","E","R","T","R","$","?","M","?","R","BOSS","R","$","E","BOSS"],"build_version":"2019-07-17","purchased_purges":1,"victory":true,"max_hp_per_floor":[82,87,87,87,87,87,87,87,87,87,87,87,81,81,81,81,81,81,81,81,81,81,81,81,81,81,81,81,81,81,81,81,81,81,81,81,81,81,81,81,81,81,81,81,81,81,81,81,81,81,81,81,81,88,88],"card_choices":[{"not_picked":["Turbo","Leap"],"picked":"Stack","floor":1},{"not_picked":["Core Surge","Gash"],"picked":"Sunder","floor":4},{"not_picked":["Darkness","Streamline"],"picked":"Reinforced Body","floor":5},{"not_picked":["Rip and Tear","Melter"],"picked":"Chill","floor":7},{"not_picked":["Conserve Battery","Defragment"],"picked":"Streamline","floor":8},{"not_picked":["Go for the Eyes","Chill"],"picked":"Hologram","floor":11},{"not_picked":["FTL","Beam Cell"],"picked":"Coolheaded","floor":14},{"not_picked":["Amplify","Thunder Strike"],"picked":"Echo Form","floor":16},{"not_picked":["Hologram","Conserve Battery+1"],"picked":"Double Energy+1","floor":18},{"not_picked":["Aggregate+1","Leap","Hologram"],"picked":"SKIP","floor":19},{"not_picked":["Rebound","Blizzard"],"picked":"Genetic Algorithm","floor":21},{"not_picked":["Stack","Beam Cell","Hologram"],"picked":"SKIP","floor":22},{"not_picked":["Hologram","Beam Cell","Ball Lightning"],"picked":"SKIP","floor":23},{"not_picked":["Force Field","Turbo","Aggregate"],"picked":"SKIP","floor":25},{"not_picked":["Sunder","Scrape+1"],"picked":"Creative AI","floor":29},{"not_picked":["Biased Cognition","Electrodynamics"],"picked":"Machine Learning","floor":33},{"not_picked":["Ball Lightning+1","Go for the Eyes+1","Aggregate+1"],"picked":"SKIP","floor":35},{"not_picked":["Redo","Leap"],"picked":"Self Repair","floor":36},{"not_picked":["Rebound","Redo+1","Conserve Battery+1"],"picked":"SKIP","floor":39},{"not_picked":["Barrage+1","Reinforced Body+1","Gash"],"picked":"SKIP","floor":41},{"not_picked":["Compile Driver","BootSequence"],"picked":"Turbo+1","floor":46},{"not_picked":["Lockon+1","Turbo"],"picked":"Reboot","floor":47},{"not_picked":["Deep Breath","Magnetism"],"picked":"Dark Shackles","floor":48},{"not_picked":["Darkness+1","Fusion"],"picked":"Steam Power+1","floor":54}],"player_experience":159366,"relics_obtained":[{"floor":8,"key":"Blue Candle"},{"floor":9,"key":"Happy Flower"},{"floor":14,"key":"Lantern"},{"floor":20,"key":"Nilry\u0027s Codex"},{"floor":23,"key":"Anchor"},{"floor":25,"key":"Pocketwatch"},{"floor":28,"key":"Torii"},{"floor":28,"key":"Symbiotic Virus"},{"floor":36,"key":"Dead Branch"},{"floor":41,"key":"Boot"},{"floor":43,"key":"Art of War"},{"floor":54,"key":"Strawberry"}],"event_choices":[{"damage_healed":0,"gold_gain":0,"player_choice":"Donut","damage_taken":0,"max_hp_gain":5,"max_hp_loss":0,"event_name":"Big Fish","floor":2,"gold_loss":0},{"cards_removed":["Strike_B"],"damage_healed":0,"gold_gain":0,"player_choice":"Purged","damage_taken":0,"max_hp_gain":0,"max_hp_loss":0,"event_name":"Purifier","floor":3,"gold_loss":0},{"damage_healed":0,"gold_gain":0,"player_choice":"Lose Max HP","damage_taken":0,"relics_obtained":["Golden Idol"],"max_hp_gain":0,"max_hp_loss":6,"event_name":"Golden Idol","floor":13,"gold_loss":0},{"damage_healed":0,"gold_gain":0,"player_choice":"Obtained Book","damage_taken":16,"max_hp_gain":0,"max_hp_loss":0,"event_name":"Cursed Tome","floor":20,"gold_loss":0},{"damage_healed":0,"gold_gain":0,"player_choice":"Fight","damage_taken":0,"max_hp_gain":0,"max_hp_loss":0,"event_name":"Colosseum","floor":28,"gold_loss":0},{"damage_healed":0,"gold_gain":0,"player_choice":"Fought Nobs","damage_taken":0,"max_hp_gain":0,"max_hp_loss":0,"event_name":"Colosseum","floor":28,"gold_loss":0},{"damage_healed":0,"gold_gain":0,"player_choice":"Fight","damage_taken":0,"max_hp_gain":0,"max_hp_loss":0,"event_name":"MindBloom","floor":36,"gold_loss":0},{"cards_removed":["Strike_B"],"damage_healed":0,"gold_gain":0,"player_choice":"Purged","damage_taken":0,"max_hp_gain":0,"max_hp_loss":0,"event_name":"Purifier","floor":37,"gold_loss":0},{"damage_healed":0,"gold_gain":0,"player_choice":"Memory 1","damage_taken":0,"max_hp_gain":0,"max_hp_loss":0,"event_name":"SensoryStone","floor":48,"gold_loss":0}],"is_beta":false,"boss_relics":[{"not_picked":["Velvet Choker","FrozenCore"],"picked":"Cursed Key"},{"not_picked":["Busted Crown","Lizard Tail"],"picked":"Runic Pyramid"}],"items_purged_floors":[31],"is_endless":false,"potions_floor_spawned":[7,8,11,14,18,23,28,28,29,35,46,47,54],"ascension_level":0}