{"gold_per_floor":[114,129,141,154,154,188,188,207,207,219,238,255,255,273,273,369,369,379,379,396,137,137,169,185,210,210,221,221,231,231,247,247,342,342,362,362,377,64,82,82,107,107,107,125,125,152,152,180,180,180],"floor_reached":51,"playtime":5402,"items_purged":[],"score":808,"play_id":"d39dfe73-3d8b-4746-a7e6-663dae16613a","local_time":"20190411140954","is_ascension_mode":false,"campfire_choices":[{"data":"Shrug It Off","floor":7,"key":"SMITH"},{"data":"Perfected Strike","floor":13,"key":"SMITH"},{"data":"Perfected Strike","floor":15,"key":"SMITH"},{"floor":28,"key":"REST"},{"data":"Spot Weakness","floor":30,"key":"SMITH"},{"floor":32,"key":"REST"},{"data":"Demon Form","floor":40,"key":"SMITH"},{"data":"Shrug It Off","floor":47,"key":"SMITH"},{"data":"Impervious","floor":49,"key":"SMITH"}],"neow_cost":"NONE","seed_source_timestamp":3523572878122892,"circlet_count":0,"master_deck":["Strike_R","Strike_R","Strike_R","Strike_R+1","Strike_R","Defend_R","Defend_R","Defend_R","Defend_R","Bash+1","Perfected Strike+1","Shrug It Off+1","Shrug It Off+1","Perfected Strike","Perfected Strike+1","Shrug It Off","Spot Weakness+1","Iron Wave","Shrug It Off","Perfected Strike+1","Impervious+1","Power Through+1","Impervious+1","Thunderclap","Shockwave+1","Heavy Blade","Body Slam","Power Through+1","Thunderclap+1","Perfected Strike","Demon Form+1","Body Slam+1","Headbutt+1","Shrug It Off+1","Entrench+1","Seeing Red+1","Flash of Steel","Spot Weakness+1","Fire Breathing+1"],"relics":["Black Blood","Ancient Tea Set","Bag of Preparation","Gremlin Horn","Ornamental Fan","Toxic Egg 2","Bronze Scales","Whetstone","Velvet Choker","Thread and Needle","Letter Opener","Pear","Bottled Flame","Anchor"],"potions_floor_usage":[23,23,25,25,33,50],"damage_taken":[{"damage":19,"enemies":"Jaw Worm","floor":1,"turns":4},{"damage":1,"enemies":"Cultist","floor":2,"turns":4},{"damage":2,"enemies":"Small Slimes","floor":3,"turns":4},{"damage":12,"enemies":"Exordium Thugs","floor":4,"turns":5},{"damage":14,"enemies":"Gremlin Nob","floor":6,"turns":3},{"damage":15,"enemies":"Gremlin Gang","floor":8,"turns":5},{"damage":0,"enemies":"2 Fungi Beasts","floor":10,"turns":3},{"damage":5,"enemies":"Blue Slaver","floor":11,"turns":3},{"damage":1,"enemies":"Lots of Slimes","floor":12,"turns":4},{"damage":0,"enemies":"3 Louse","floor":14,"turns":2},{"damage":36,"enemies":"Hexaghost","floor":16,"turns":9},{"damage":10,"enemies":"Spheric Guardian","floor":18,"turns":4},{"damage":9,"enemies":"2 Thieves","floor":20,"turns":4},{"damage":76,"enemies":"Gremlin Leader","floor":23,"turns":10},{"damage":18,"enemies":"Snake Plant","floor":24,"turns":5},{"damage":22,"enemies":"Slavers","floor":25,"turns":6},{"damage":22,"enemies":"Sentry and Sphere","floor":27,"turns":7},{"damage":0,"enemies":"Cultist and Chosen","floor":29,"turns":7},{"damage":0,"enemies":"Shelled Parasite and Fungi","floor":31,"turns":3},{"damage":23,"enemies":"Collector","floor":33,"turns":9},{"damage":12,"enemies":"3 Darklings","floor":35,"turns":4},{"damage":14,"enemies":"3 Shapes","floor":37,"turns":3},{"damage":14,"enemies":"Maw","floor":39,"turns":5},{"damage":1,"enemies":"Reptomancer","floor":41,"turns":6},{"damage":3,"enemies":"3 Darklings","floor":44,"turns":3},{"damage":6,"enemies":"Nemesis","floor":46,"turns":7},{"damage":20,"enemies":"Reptomancer","floor":48,"turns":5},{"damage":42,"enemies":"Donu and Deca","floor":50,"turns":5}],"seed_played":"-8029058434498919956","potions_obtained":[{"floor":1,"key":"SpeedPotion"},{"floor":3,"key":"BloodPotion"},{"floor":11,"key":"AttackPotion"},{"floor":16,"key":"Regen Potion"},{"floor":22,"key":"Fire Potion"},{"floor":24,"key":"BloodPotion"},{"floor":29,"key":"Strength Potion"},{"floor":33,"key":"SteroidPotion"},{"floor":39,"key":"SpeedPotion"},{"floor":41,"key":"AttackPotion"}],"is_trial":false,"path_per_floor":["M","M","M","M","?","E","R","M","T","M","M","M","R","M","R","B",null,"M","?","M","$","?","E","M","E","T","M","R","M","R","M","R","B",null,"M","?","M","$","M","R","E","$","T","M","?","E","R","E","R","B",null],"character_chosen":"IRONCLAD","items_purchased":["Ornamental Fan","Thread and Needle"],"campfire_rested":2,"item_purchase_floors":[21,38],"current_hp_per_floor":[67,72,76,70,70,62,62,53,53,59,60,65,65,71,71,41,80,80,80,80,80,80,22,14,25,25,13,37,47,47,57,80,67,80,78,78,74,74,70,70,79,79,89,90,90,90,90,80,80,48],"gold":180,"neow_bonus":"RANDOM_COMMON_RELIC","is_prod":false,"is_daily":false,"chose_seed":false,"campfire_upgraded":7,"win_rate":0.0,"timestamp":1555006194,"path_taken":["M","M","M","M","?","E","R","M","T","M","M","M","R","M","R","BOSS","M","?","M","?","?","E","M","E","T","M","R","M","R","M","R","BOSS","M","?","M","$","M","R","E","$","T","?","?","E","R","E","R","BOSS"],"build_version":"2019-01-23","purchased_purges":0,"victory":true,"max_hp_per_floor":[80,80,80,80,80,80,80,80,80,80,80,80,80,80,80,80,80,80,80,80,80,80,80,80,80,80,80,80,80,80,80,80,80,80,80,80,80,80,80,80,80,80,90,90,90,90,90,90,90,90],"card_choices":[{"not_picked":["Power Through","Thunderclap"],"picked":"Perfected Strike","floor":1},{"not_picked":["Headbutt","Anger"],"picked":"Shrug It Off","floor":2},{"not_picked":["Anger","Searing Blow"],"picked":"Shrug It Off","floor":3},{"not_picked":["Iron Wave","Twin Strike"],"picked":"Perfected Strike","floor":4},{"not_picked":["Anger","Berserk"],"picked":"Perfected Strike","floor":6},{"not_picked":["Uppercut","Sword Boomerang"],"picked":"Shrug It Off","floor":8},{"not_picked":["Iron Wave","Carnage"],"picked":"Spot Weakness","floor":10},{"not_picked":["Sword Boomerang","Cleave"],"picked":"Iron Wave","floor":11},{"not_picked":["Rupture","Clash"],"picked":"Shrug It Off","floor":12},{"not_picked":["Spot Weakness","Shrug It Off"],"picked":"Perfected Strike","floor":14},{"not_picked":["Berserk","Fiend Fire"],"picked":"Impervious","floor":16},{"not_picked":["True Grit+1","Heavy Blade+1"],"picked":"Power Through+1","floor":18},{"not_picked":["Anger","Corruption"],"picked":"Thunderclap","floor":20},{"not_picked":["Shrug It Off","Sever Soul+1"],"picked":"Shockwave","floor":23},{"not_picked":["Combust","Thunderclap"],"picked":"Heavy Blade","floor":24},{"not_picked":["Limit Break+1","Infernal Blade+1"],"picked":"Body Slam","floor":25},{"not_picked":["Bloodletting+1","Whirlwind"],"picked":"Power Through+1","floor":27},{"not_picked":["Cleave","Sever Soul"],"picked":"Thunderclap+1","floor":29},{"not_picked":["Cleave","Warcry+1"],"picked":"Perfected Strike","floor":31},{"not_picked":["Juggernaut","Fiend Fire"],"picked":"Demon Form","floor":33},{"not_picked":["Battle Trance+1","Infernal Blade+1"],"picked":"Body Slam+1","floor":35},{"not_picked":["Thunderclap","Sword Boomerang"],"picked":"Headbutt+1","floor":37},{"not_picked":["Shockwave+1","Heavy Blade"],"picked":"Shrug It Off+1","floor":39},{"not_picked":["Carnage","Pommel Strike+1"],"picked":"Entrench+1","floor":41},{"not_picked":["Reckless Charge","Heavy Blade"],"picked":"Seeing Red+1","floor":44},{"not_picked":["Blind+1","Mayhem"],"picked":"Flash of Steel","floor":45},{"not_picked":["Seeing Red+1","Sword Boomerang"],"picked":"Spot Weakness+1","floor":46},{"not_picked":["Entrench+1","Whirlwind"],"picked":"Fire Breathing+1","floor":48}],"player_experience":28632,"relics_obtained":[{"floor":6,"key":"Bag of Preparation"},{"floor":9,"key":"Gremlin Horn"},{"floor":23,"key":"Toxic Egg 2"},{"floor":25,"key":"Bronze Scales"},{"floor":26,"key":"Whetstone"},{"floor":41,"key":"Letter Opener"},{"floor":43,"key":"Pear"},{"floor":46,"key":"Bottled Flame"},{"floor":48,"key":"Anchor"}],"event_choices":[{"damage_healed":0,"gold_gain":0,"player_choice":"Grow","damage_taken":0,"max_hp_gain":0,"max_hp_loss":0,"event_name":"Living Wall","floor":5,"gold_loss":0,"cards_upgraded":["Bash"]},{"damage_healed":0,"gold_gain":0,"player_choice":"Copied","damage_taken":0,"max_hp_gain":0,"max_hp_loss":0,"event_name":"Duplicator","floor":19,"gold_loss":0,"cards_obtained":["Impervious"]},{"damage_healed":0,"gold_gain":0,"player_choice":"Got Potions","damage_taken":0,"max_hp_gain":0,"max_hp_loss":0,"event_name":"Lab","floor":22,"gold_loss":0},{"damage_healed":0,"gold_gain":0,"player_choice":"Forge","damage_taken":0,"max_hp_gain":0,"max_hp_loss":0,"event_name":"Accursed Blacksmith","floor":36,"gold_loss":0,"cards_upgraded":["Impervious"]},{"damage_healed":0,"gold_gain":0,"player_choice":"Memory 1","damage_taken":0,"max_hp_gain":0,"max_hp_loss":0,"event_name":"SensoryStone","floor":45,"gold_loss":0}],"is_beta":false,"boss_relics":[{"not_picked":["Runic Cube","Orrery"],"picked":"Black Blood"},{"not_picked":["Philosopher\u0027s Stone","Busted Crown"],"picked":"Velvet Choker"}],"items_purged_floors":[],"is_endless":false,"potions_floor_spawned":[1,3,11,14,16,18,20,24,29,33,39,41,48],"ascension_level":0}