{"path_per_floor":["M","?","M","$","M","R","E","R","T","$","R","$","E","M","R","B",null,"M","$","M","?","M","E","R","M","T","R","M","?","M","$","R","B",null,"M","M","$","M","M","R","?","M","T","M","R","M","$","M","R","B"],"character_chosen":"THE_SILENT","items_purchased":["Backflip","Infinite Blades","Footwork","Dodge and Roll","Caltrops","Catalyst","Footwork","Accuracy","Backflip"],"gold_per_floor":[216,216,235,136,153,153,188,188,211,102,102,2,30,48,48,151,151,167,24,38,38,51,86,86,97,124,124,142,142,153,9,9,113,113,130,146,39,51,65,65,65,76,76,96,96,112,30,47,47,47],"floor_reached":51,"campfire_rested":5,"playtime":4487,"current_hp_per_floor":[61,54,53,53,52,52,37,37,37,37,58,58,51,50,50,45,65,67,67,67,67,62,33,33,29,29,51,52,52,52,52,52,31,66,44,46,46,32,34,59,59,30,30,21,47,46,46,25,52,22],"items_purged":["Strike_G","Strike_G","Strike_G","Defend_G","Defend_G","Defend_G"],"gold":47,"score":908,"play_id":"a4c8e326-092d-4417-9a7a-176baeb29236","local_time":"20180408153213","is_prod":false,"is_daily":false,"is_ascension_mode":true,"campfire_upgraded":5,"timestamp":1523194333,"path_taken":["M","?","M","$","M","R","E","R","T","?","R","$","E","M","R","BOSS","M","$","M","?","M","E","R","M","T","R","M","?","M","$","R","BOSS","M","M","$","M","M","R","?","M","T","M","R","M","$","M","R","BOSS"],"build_version":"2018-04-05v2","purchased_purges":7,"victory":true,"master_deck":["Defend_G+1","Defend_G","Strike_G","Survivor","Neutralize+1","Noxious Fumes+1","Leg Sweep","Backflip","Caltrops+1","Infinite Blades","Bane+1","Burst+1","Footwork+1","Dodge and Roll","Quick Slash+1","Heel Hook","Bane","Caltrops","Catalyst","Adrenaline","Cloak And Dagger","Footwork","Poisoned Stab","Dodge and Roll","Accuracy","Backflip"],"max_hp_per_floor":[70,70,70,70,70,70,70,70,70,70,70,70,70,72,72,72,72,74,74,74,74,76,76,76,76,76,76,78,78,78,78,78,78,78,78,80,80,82,84,84,84,86,86,88,88,88,88,90,90,90],"relics":["Ring of the Snake","The Courier","Singing Bowl","Smiling Mask","Sozu","Kunai","War Paint","Runic Pyramid","Anchor"],"card_choices":[{"not_picked":["Dodge and Roll","Sucker Punch"],"picked":"Noxious Fumes","floor":1},{"not_picked":["Sucker Punch","Prepared"],"picked":"Leg Sweep","floor":3},{"not_picked":["Dagger Spray","Acrobatics"],"picked":"Caltrops","floor":5},{"not_picked":["Poisoned Stab","Deadly Poison"],"picked":"Bane","floor":13},{"not_picked":["Venomology","Die Die Die"],"picked":"Burst","floor":16},{"not_picked":["Eviscerate","Poisoned Stab"],"picked":"Backflip","floor":20},{"not_picked":["Deflect","A Thousand Cuts"],"picked":"Quick Slash","floor":23},{"not_picked":["Backflip","Malaise"],"picked":"Heel Hook","floor":25},{"not_picked":["Quick Slash","Backflip"],"picked":"Bane","floor":30},{"not_picked":["Phantasmal Killer","Corpse Explosion"],"picked":"Adrenaline","floor":33},{"not_picked":["Bane","Deflect"],"picked":"Cloak And Dagger","floor":35},{"not_picked":["Cloak And Dagger","Slice"],"picked":"Dodge and Roll","floor":46}],"player_experience":235740,"potions_floor_usage":[22,23,50],"damage_taken":[{"damage":2,"enemies":"Cultist","floor":1,"turns":4},{"damage":1,"enemies":"2 Louse","floor":3,"turns":4},{"damage":1,"enemies":"Jaw Worm","floor":5,"turns":6},{"damage":15,"enemies":"3 Sentries","floor":7,"turns":7},{"damage":7,"enemies":"Lagavulin","floor":13,"turns":9},{"damage":3,"enemies":"Exordium Thugs","floor":14,"turns":5},{"damage":5,"enemies":"Hexaghost","floor":16,"turns":9},{"damage":0,"enemies":"3 Byrds","floor":18,"turns":4},{"damage":0,"enemies":"Spheric Guardian","floor":20,"turns":7},{"damage":7,"enemies":"Snake Plant","floor":22,"turns":6},{"damage":29,"enemies":"Gremlin Leader","floor":23,"turns":8},{"damage":4,"enemies":"Centurion and Healer","floor":25,"turns":6},{"damage":1,"enemies":"Slaver and Parasite","floor":28,"turns":8},{"damage":0,"enemies":"3 Cultists","floor":30,"turns":6},{"damage":21,"enemies":"Champ","floor":33,"turns":16},{"damage":22,"enemies":"3 Darklings","floor":35,"turns":5},{"damage":0,"enemies":"Orb Walker","floor":36,"turns":4},{"damage":16,"enemies":"4 Shapes","floor":38,"turns":6},{"damage":0,"enemies":"Maw","floor":39,"turns":8},{"damage":31,"enemies":"3 Darklings","floor":42,"turns":5},{"damage":11,"enemies":"Sphere and 2 Shapes","floor":44,"turns":6},{"damage":1,"enemies":"Maw","floor":46,"turns":7},{"damage":23,"enemies":"4 Shapes","floor":48,"turns":6},{"damage":30,"enemies":"Time Eater","floor":50,"turns":13}],"event_choices":[{"event_name":"Golden Wing","player_choice":"Card Removal","floor":2,"damage_taken":0},{"event_name":"N\u0027loth","player_choice":"Ignored","floor":21,"damage_taken":0},{"event_name":"Addict","player_choice":"Ignored","floor":29,"damage_taken":0},{"event_name":"Transmorgrifier","player_choice":"Transform","floor":41,"damage_taken":0}],"boss_relics":[{"not_picked":["Eternal Feather","Velvet Choker"],"picked":"Sozu"},{"not_picked":["White Beast Statue","Pandora\u0027s Box"],"picked":"Runic Pyramid"}],"potions_floor_spawned":[3,13,14,16,23,28,30,36,38,48],"seed_played":"8312694785780186737","ascension_level":8,"is_trial":false}