{"gold_per_floor":[366,316,333,333,350,382,400,400,451,451,467,477,506,76,76,177,177,192,192,210,210,222,222,250,283,283,317,317,332,332,365,365,365],"floor_reached":33,"playtime":3916,"items_purged":["Strike_B"],"score":410,"play_id":"f3543cd0-5bdb-47eb-8197-170306aefdf2","local_time":"20181216012734","is_ascension_mode":true,"campfire_choices":[{"floor":8.0,"key":"REST"},{"floor":10.0,"key":"REST"},{"floor":15.0,"key":"REST"},{"data":"Defragment","floor":23.0,"key":"SMITH"},{"data":"Defragment","floor":28.0,"key":"SMITH"},{"floor":32,"key":"REST"}],"neow_cost":"PERCENT_DAMAGE","seed_source_timestamp":0,"circlet_count":0,"master_deck":["Defend_B","Defend_B","Defend_B","Defend_B","Zap","Dualcast","Turbo","Compile Driver","Cold Snap","FTL","Leap","Self Repair","Coolheaded","Ball Lightning","Defragment+1","Chill","Biased Cognition","Coolheaded+1","Defragment+1","Hologram","Barrage","Machine Learning","Hologram+1","Ball Lightning","Auto Shields","BootSequence","Undo+1"],"special_seed":0,"relics":["Cracked Core","Question Card","Omamori","Gremlin Horn","Busted Crown","Orichalcum","Red Mask","Oddly Smooth Stone","Girya","GremlinMask","Potion Belt"],"potions_floor_usage":[],"damage_taken":[{"damage":1.0,"enemies":"Cultist","floor":1.0,"turns":3.0},{"damage":0.0,"enemies":"Small Slimes","floor":3.0,"turns":4.0},{"damage":9.0,"enemies":"Jaw Worm","floor":5.0,"turns":3.0},{"damage":32.0,"enemies":"Lagavulin","floor":6.0,"turns":8.0},{"damage":7.0,"enemies":"2 Fungi Beasts","floor":7.0,"turns":3.0},{"damage":0.0,"enemies":"Red Slaver","floor":11.0,"turns":3.0},{"damage":14.0,"enemies":"3 Louse","floor":12.0,"turns":2.0},{"damage":46.0,"enemies":"Gremlin Nob","floor":13.0,"turns":6.0},{"damage":13.0,"enemies":"The Guardian","floor":16.0,"turns":15.0},{"damage":8.0,"enemies":"Shell Parasite","floor":18.0,"turns":6.0},{"damage":6.0,"enemies":"3 Byrds","floor":20.0,"turns":3.0},{"damage":14.0,"enemies":"Sentry and Sphere","floor":22.0,"turns":7.0},{"damage":22.0,"enemies":"Book of Stabbing","floor":24.0,"turns":7.0},{"damage":0.0,"enemies":"Masked Bandits","floor":25.0,"turns":4.0},{"damage":27.0,"enemies":"Slavers","floor":27.0,"turns":7.0},{"damage":2.0,"enemies":"Shelled Parasite and Fungi","floor":29.0,"turns":5.0},{"damage":17.0,"enemies":"Gremlin Leader","floor":31.0,"turns":8.0},{"damage":46,"enemies":"Champ","floor":33,"turns":12}],"seed_played":"-8623377628975595832","potions_obtained":[{"floor":1.0,"key":"Weak Potion"},{"floor":3.0,"key":"FairyPotion"},{"floor":7.0,"key":"SpeedPotion"},{"floor":13.0,"key":"EntropicBrew"},{"floor":16.0,"key":"LiquidBronze"},{"floor":24.0,"key":"Fire Potion"},{"floor":25.0,"key":"Dexterity Potion"},{"floor":27.0,"key":"SpeedPotion"}],"is_trial":false,"path_per_floor":["M","?","M","?","M","E","M","R","T","R","M","M","E","$","R","B",null,"M","?","M","?","M","R","E","?","T","E","R","M","?","E","R","B"],"character_chosen":"DEFECT","items_purchased":["Defragment","Chill","Gremlin Horn"],"campfire_rested":4,"item_purchase_floors":[14,14,14],"current_hp_per_floor":[49,49,49,49,40,8,1,23,23,45,45,31,14,14,36,30,64,63,63,64,64,57,57,42,49,49,29,29,34,34,24,46,0],"gold":365,"neow_bonus":"TWO_FIFTY_GOLD","is_prod":false,"is_daily":false,"chose_seed":false,"campfire_upgraded":2,"win_rate":0,"timestamp":1544920054,"path_taken":["M","?","M","?","?","E","M","R","T","R","M","M","E","$","R","BOSS","M","?","?","?","M","R","E","?","T","E","R","M","?","E","R","BOSS"],"build_version":"2018-12-13","purchased_purges":1,"victory":false,"max_hp_per_floor":[75,75,75,75,75,75,75,75,75,75,75,75,75,75,75,75,75,75,75,75,75,75,75,75,75,75,75,75,75,75,75,75,75],"card_choices":[{"not_picked":["Darkness","Beam Cell"],"picked":"Turbo","floor":1.0},{"not_picked":["Force Field","Leap"],"picked":"Compile Driver","floor":3.0},{"not_picked":["Leap","Turbo"],"picked":"Cold Snap","floor":5.0},{"not_picked":["Reinforced Body","Sunder"],"picked":"FTL","floor":6.0},{"not_picked":["Beam Cell","Steam","Compile Driver"],"picked":"Leap","floor":7.0},{"not_picked":["Skim","Buffer","Reinforced Body"],"picked":"Self Repair","floor":11.0},{"not_picked":["Reinforced Body","Leap","Hologram"],"picked":"Coolheaded","floor":12.0},{"not_picked":["Steam","Coolheaded","Recycle"],"picked":"Ball Lightning","floor":13.0},{"not_picked":["Amplify","Hyperbeam","Multi-Cast"],"picked":"Biased Cognition","floor":16.0},{"not_picked":["Gash+1"],"picked":"Coolheaded+1","floor":18.0},{"not_picked":["Fusion"],"picked":"Hologram","floor":20.0},{"not_picked":["Rip and Tear"],"picked":"Hologram+1","floor":22.0},{"not_picked":["Coolheaded"],"picked":"Ball Lightning","floor":24.0},{"not_picked":["Steam"],"picked":"Auto Shields","floor":25.0},{"not_picked":["Lockon"],"picked":"BootSequence","floor":27.0},{"not_picked":["Stack","Rip and Tear+1"],"picked":"SKIP","floor":29.0},{"not_picked":["Barrage"],"picked":"Undo+1","floor":31.0}],"player_experience":356896,"relics_obtained":[{"floor":6.0,"key":"Question Card"},{"floor":13.0,"key":"Omamori"},{"floor":24.0,"key":"Orichalcum"},{"floor":25.0,"key":"Red Mask"},{"floor":26.0,"key":"Oddly Smooth Stone"},{"floor":27.0,"key":"Girya"},{"floor":31.0,"key":"Potion Belt"}],"event_choices":[{"cards_removed":["Strike_B"],"damage_healed":0.0,"max_hp_gain":0.0,"max_hp_loss":0.0,"gold_gain":0.0,"event_name":"The Cleric","player_choice":"Card Removal","floor":2.0,"gold_loss":50.0,"damage_taken":0.0},{"damage_healed":0.0,"max_hp_gain":0.0,"max_hp_loss":0.0,"gold_gain":0.0,"event_name":"Liars Game","player_choice":"Ignored","floor":4.0,"gold_loss":0.0,"damage_taken":0.0},{"damage_healed":0.0,"max_hp_gain":0.0,"max_hp_loss":0.0,"gold_gain":0.0,"event_name":"Duplicator","player_choice":"Copied","floor":19.0,"gold_loss":0.0,"damage_taken":0.0,"cards_obtained":["Defragment"]},{"damage_healed":0.0,"max_hp_gain":0.0,"max_hp_loss":0.0,"gold_gain":0.0,"cards_transformed":["Strike_B","Strike_B"],"event_name":"Drug Dealer","player_choice":"Became Test Subject","floor":21.0,"gold_loss":0.0,"damage_taken":0.0,"cards_obtained":["Barrage","Machine Learning"]},{"damage_healed":0.0,"max_hp_gain":0.0,"max_hp_loss":0.0,"gold_gain":0.0,"event_name":"Masked Bandits","player_choice":"Fought Bandits","floor":25.0,"gold_loss":0.0,"damage_taken":0.0},{"damage_healed":0.0,"max_hp_gain":0.0,"max_hp_loss":0.0,"gold_gain":0.0,"event_name":"FaceTrader","player_choice":"Trade","floor":30.0,"gold_loss":0.0,"damage_taken":0.0,"relics_obtained":["GremlinMask"]}],"is_beta":false,"boss_relics":[{"not_picked":["Velvet Choker","White Beast Statue"],"picked":"Busted Crown"}],"items_purged_floors":[14],"is_endless":false,"potions_floor_spawned":[1,3,7,13,16,24,25,27],"killed_by":"Champ","ascension_level":6}