{"gold_per_floor":[113,89,89,38,3,3,38,38,38,71,85,102,102,27,27,126,126,144,144,70,70,20,20,34,34,34,34,34,53,53,68,68,68],"floor_reached":33,"playtime":779,"items_purged":["Defend_R"],"score":478,"play_id":"bad7aa85-4621-4b28-9d65-71502f2d54c7","local_time":"20190320014024","is_ascension_mode":true,"campfire_choices":[{"data":"Body Slam","floor":6,"key":"SMITH"},{"data":"Bash","floor":8,"key":"SMITH"},{"data":"Whirlwind","floor":15,"key":"SMITH"},{"floor":23,"key":"REST"},{"data":"Limit Break","floor":27,"key":"SMITH"},{"floor":30,"key":"REST"},{"floor":32,"key":"REST"}],"neow_cost":"NONE","seed_source_timestamp":511188641399748,"circlet_count":0,"master_deck":["AscendersBane","Strike_R+1","Strike_R+1","Strike_R+1","Strike_R+1","Strike_R+1","Defend_R+1","Defend_R+1","Defend_R+1","Bash+1","Body Slam+1","Flex","Flex","Disarm","Whirlwind+1","Exhume","Shrug It Off","Limit Break+1","Inflame","Seeing Red+1","Seeing Red+1"],"relics":["Burning Blood","NeowsBlessing","Peace Pipe","Darkstone Periapt","Gremlin Horn","Singing Bowl","Ice Cream","Mark of Pain","Nilry\u0027s Codex","Question Card"],"potions_floor_usage":[12,24,33,33],"damage_taken":[{"damage":0,"enemies":"Cultist","floor":1,"turns":1},{"damage":0,"enemies":"Lagavulin","floor":7,"turns":1},{"damage":0,"enemies":"3 Sentries","floor":10,"turns":1},{"damage":1,"enemies":"2 Louse","floor":11,"turns":2},{"damage":12,"enemies":"Jaw Worm","floor":12,"turns":2},{"damage":33,"enemies":"The Guardian","floor":16,"turns":12},{"damage":39,"enemies":"Shell Parasite","floor":18,"turns":5},{"damage":26,"enemies":"2 Thieves","floor":24,"turns":3},{"damage":23,"enemies":"Centurion and Healer","floor":29,"turns":5},{"damage":12,"enemies":"Cultist and Chosen","floor":31,"turns":2},{"damage":61,"enemies":"Champ","floor":33,"turns":7}],"seed_played":"1498898149902712388","potions_obtained":[{"floor":1,"key":"Ancient Potion"},{"floor":7,"key":"SmokeBomb"},{"floor":11,"key":"Fire Potion"},{"floor":18,"key":"SteroidPotion"},{"floor":31,"key":"Ancient Potion"}],"is_trial":false,"path_per_floor":["M","$","?","$","?","R","E","R","T","E","M","M","T","$","R","B",null,"M","?","$","?","?","R","M","?","T","R","$","M","R","M","R","B"],"character_chosen":"IRONCLAD","items_purchased":["Flex","Flex","Inflame"],"campfire_rested":3,"item_purchase_floors":[2,4,20],"current_hp_per_floor":[78,78,75,75,80,80,80,80,80,80,80,74,74,74,74,47,72,41,41,41,25,25,49,29,29,29,29,29,12,36,32,57,0],"gold":68,"neow_bonus":"THREE_ENEMY_KILL","is_prod":false,"is_daily":false,"chose_seed":false,"campfire_upgraded":4,"win_rate":0,"timestamp":1553013624,"path_taken":["M","?","?","$","?","R","E","R","T","E","M","M","?","$","R","BOSS","M","?","?","?","?","R","?","?","T","R","$","M","R","M","R","BOSS"],"build_version":"2019-01-23","purchased_purges":1,"victory":false,"max_hp_per_floor":[80,80,80,80,80,80,80,80,80,80,80,80,80,80,80,80,80,82,82,82,82,82,82,82,82,82,82,82,82,82,84,84,84],"card_choices":[{"not_picked":["Perfected Strike","Shrug It Off"],"picked":"Body Slam","floor":1},{"not_picked":["Body Slam","Cleave"],"picked":"Disarm","floor":7},{"not_picked":["True Grit","Body Slam"],"picked":"Whirlwind","floor":10},{"not_picked":["Warcry","Sword Boomerang"],"picked":"Exhume","floor":11},{"not_picked":["Sword Boomerang","Carnage"],"picked":"Shrug It Off","floor":12},{"not_picked":["Dark Embrace","Immolate"],"picked":"Limit Break","floor":16},{"not_picked":["Twin Strike","Sword Boomerang+1","Perfected Strike"],"picked":"Singing Bowl","floor":18},{"not_picked":["Iron Wave","Sword Boomerang"],"picked":"Seeing Red+1","floor":24},{"not_picked":["Twin Strike","Entrench","Dual Wield"],"picked":"Seeing Red+1","floor":29},{"not_picked":["Perfected Strike","Thunderclap","True Grit","Clothesline"],"picked":"Singing Bowl","floor":31}],"player_experience":581834,"relics_obtained":[{"floor":7,"key":"Darkstone Periapt"},{"floor":9,"key":"Gremlin Horn"},{"floor":10,"key":"Singing Bowl"},{"floor":13,"key":"Ice Cream"},{"floor":21,"key":"Nilry\u0027s Codex"},{"floor":26,"key":"Question Card"}],"event_choices":[{"damage_healed":0,"gold_gain":0,"player_choice":"Success","damage_taken":3,"relics_obtained":["Peace Pipe"],"max_hp_gain":0,"max_hp_loss":0,"event_name":"Scrap Ooze","floor":3,"gold_loss":0},{"damage_healed":20,"gold_gain":0,"player_choice":"Healed","damage_taken":0,"max_hp_gain":0,"max_hp_loss":0,"event_name":"The Cleric","floor":5,"gold_loss":35},{"damage_healed":0,"gold_gain":0,"player_choice":"Ignored","damage_taken":0,"max_hp_gain":0,"max_hp_loss":0,"event_name":"Vampires","floor":19,"gold_loss":0},{"damage_healed":0,"gold_gain":0,"player_choice":"Obtained Book","damage_taken":16,"max_hp_gain":0,"max_hp_loss":0,"event_name":"Cursed Tome","floor":21,"gold_loss":0},{"damage_healed":0,"gold_gain":0,"player_choice":"Bet on Murderer","damage_taken":0,"max_hp_gain":0,"max_hp_loss":0,"event_name":"The Joust","floor":22,"gold_loss":50},{"damage_healed":0,"gold_gain":0,"player_choice":"Simplicity","damage_taken":0,"max_hp_gain":0,"max_hp_loss":0,"event_name":"Back to Basics","floor":25,"gold_loss":0,"cards_upgraded":["Strike_R","Strike_R","Strike_R","Strike_R","Strike_R","Defend_R","Defend_R","Defend_R"]}],"is_beta":false,"boss_relics":[{"not_picked":["Astrolabe","Tiny House"],"picked":"Mark of Pain"}],"items_purged_floors":[14],"is_endless":false,"potions_floor_spawned":[1,7,11,18,31],"killed_by":"Champ","ascension_level":12}