{"gold_per_floor":[359,39,57,71,83,112,112,42,42,42,71,71,97,115,115,186,186,186,111,111,111,111,111,111,111,111,111,111,111,111,9,9,9,9,9,9,9,9,9,9,9,9,9,9,9,9,9,9,9,9],"floor_reached":51,"playtime":3403,"items_purged":["Pain"],"score":1541,"play_id":"39585410-bf21-4dfd-a7eb-77332255b8fd","local_time":"20190105010808","is_ascension_mode":true,"campfire_choices":[{"data":"Zap","floor":7,"key":"SMITH"},{"floor":10,"key":"REST"},{"data":"Dualcast","floor":15,"key":"SMITH"},{"data":"Self Repair","floor":23,"key":"SMITH"},{"data":"Go for the Eyes","floor":25,"key":"SMITH"},{"data":"Doom and Gloom","floor":29,"key":"SMITH"},{"data":"Go for the Eyes","floor":32,"key":"SMITH"},{"data":"Ball Lightning","floor":41,"key":"SMITH"},{"data":"Parasite","floor":49,"key":"PURGE"}],"neow_cost":"CURSE","seed_source_timestamp":1301948411612135,"circlet_count":0,"master_deck":["AscendersBane","Strike_B+1","Strike_B+1","Defend_B+1","Defend_B+1","Defend_B+1","Defend_B+1","Zap+1","Dualcast+1","Ball Lightning+1","Conserve Battery+1","Leap+1","Go for the Eyes+1","Stack+1","Consume+1","Hologram+1","Hologram+1","Leap+1","Self Repair+1","Chill+1","Doom and Gloom+1","Turbo+1","Darkness+1","Leap+1","Conserve Battery+1","Core Surge","Go for the Eyes+1","Loop+1","Steam+1","Seek+1","Conserve Battery+1","Loop+1","Steam Power+1","Echo Form+1","Compile Driver","Undo+1","Coolheaded+1"],"relics":["Cracked Core","Toxic Egg 2","StoneCalendar","Torii","Calipers","Ornamental Fan","Ectoplasm","Strawberry","Frozen Egg 2","DataDisk","Philosopher\u0027s Stone","Regal Pillow","Anchor","Oddly Smooth Stone","Peace Pipe","Dream Catcher"],"potions_floor_usage":[6,16,16,16,16,24,40,47,47],"damage_taken":[{"damage":9,"enemies":"Cultist","floor":1,"turns":3},{"damage":6,"enemies":"Jaw Worm","floor":3,"turns":4},{"damage":3,"enemies":"2 Louse","floor":4,"turns":2},{"damage":2,"enemies":"Looter","floor":5,"turns":3},{"damage":9,"enemies":"Gremlin Nob","floor":6,"turns":5},{"damage":11,"enemies":"3 Sentries","floor":11,"turns":7},{"damage":2,"enemies":"Lagavulin","floor":13,"turns":7},{"damage":2,"enemies":"Large Slime","floor":14,"turns":5},{"damage":0,"enemies":"The Guardian","floor":16,"turns":8},{"damage":0,"enemies":"3 Byrds","floor":18,"turns":4},{"damage":13,"enemies":"2 Thieves","floor":19,"turns":5},{"damage":0,"enemies":"Snecko","floor":21,"turns":5},{"damage":15,"enemies":"Book of Stabbing","floor":24,"turns":5},{"damage":1,"enemies":"Gremlin Leader","floor":27,"turns":7},{"damage":0,"enemies":"Shelled Parasite and Fungi","floor":28,"turns":6},{"damage":0,"enemies":"Snake Plant","floor":30,"turns":5},{"damage":2,"enemies":"Champ","floor":33,"turns":10},{"damage":5,"enemies":"3 Shapes","floor":35,"turns":5},{"damage":0,"enemies":"Orb Walker","floor":37,"turns":4},{"damage":0,"enemies":"Spire Growth","floor":39,"turns":6},{"damage":11,"enemies":"Giant Head","floor":40,"turns":10},{"damage":1,"enemies":"Reptomancer","floor":42,"turns":7},{"damage":1,"enemies":"4 Shapes","floor":44,"turns":6},{"damage":0,"enemies":"Nemesis","floor":45,"turns":7},{"damage":7,"enemies":"Sphere and 2 Shapes","floor":46,"turns":5},{"damage":25,"enemies":"Reptomancer","floor":47,"turns":8},{"damage":11,"enemies":"Writhing Mass","floor":48,"turns":8},{"damage":18,"enemies":"Donu and Deca","floor":50,"turns":11}],"seed_played":"2357108889293682116","potions_obtained":[{"floor":5,"key":"EssenceOfSteel"},{"floor":11,"key":"SkillPotion"},{"floor":13,"key":"EntropicBrew"},{"floor":16,"key":"LiquidBronze"},{"floor":18,"key":"PowerPotion"},{"floor":24,"key":"Energy Potion"},{"floor":37,"key":"SkillPotion"},{"floor":45,"key":"GamblersBrew"},{"floor":46,"key":"SpeedPotion"},{"floor":48,"key":"SmokeBomb"}],"is_trial":false,"path_per_floor":["M","$","M","M","M","E","R","$","T","R","E","?","E","M","R","B",null,"M","M","?","M","?","R","E","R","T","E","M","R","M","$","R","B",null,"M","?","M","$","M","E","R","E","T","M","E","M","E","M","R","B",null],"character_chosen":"DEFECT","items_purchased":["Toxic Egg 2","Consume+1","Loop+1","Steam+1"],"campfire_rested":1,"item_purchase_floors":[2,8,31,31],"current_hp_per_floor":[55,55,49,46,44,35,35,35,35,56,45,45,43,41,41,41,64,64,58,58,65,65,65,67,67,67,76,78,78,78,78,78,78,78,78,78,78,78,78,77,77,78,78,78,78,78,63,62,62,54],"gold":9,"neow_bonus":"TWO_FIFTY_GOLD","is_prod":false,"is_daily":false,"chose_seed":false,"campfire_upgraded":7,"win_rate":0,"timestamp":1546646888,"path_taken":["M","$","M","M","M","E","R","?","T","R","E","?","E","M","R","BOSS","M","M","?","M","?","R","E","R","T","E","M","R","M","$","R","BOSS","M","?","M","$","?","E","R","E","T","M","E","?","E","M","R","BOSS"],"build_version":"2019-01-03v4","purchased_purges":1,"victory":true,"max_hp_per_floor":[71,71,71,71,71,71,71,71,71,71,71,71,71,71,71,71,71,71,71,71,71,71,71,78,78,78,78,78,78,78,78,78,78,78,78,78,78,78,78,78,78,78,78,78,78,78,78,78,75,75],"card_choices":[{"not_picked":["Conserve Battery","Hologram"],"picked":"Ball Lightning","floor":1},{"not_picked":["Melter","Hello World"],"picked":"Conserve Battery+1","floor":3},{"not_picked":["Scrape","Fission+1"],"picked":"Leap+1","floor":4},{"not_picked":["Rebound","Reinforced Body+1"],"picked":"Go for the Eyes","floor":5},{"not_picked":["Skim+1","Rebound"],"picked":"Stack+1","floor":6},{"not_picked":["Storm","Steam+1"],"picked":"Hologram+1","floor":11},{"not_picked":["Auto Shields+1","Steam+1"],"picked":"Hologram+1","floor":13},{"not_picked":["Steam+1","Ball Lightning"],"picked":"Leap+1","floor":14},{"not_picked":["Beam Cell","Streamline"],"picked":"Self Repair","floor":18},{"not_picked":["Redo+1","Go for the Eyes"],"picked":"Chill+1","floor":19},{"not_picked":["Scrape","Barrage"],"picked":"Darkness+1","floor":21},{"not_picked":["Rebound","Lockon"],"picked":"Leap+1","floor":24},{"not_picked":["Skim+1","Chaos+1"],"picked":"Conserve Battery+1","floor":27},{"not_picked":["Aggregate+1","Stack+1"],"picked":"Core Surge","floor":28},{"not_picked":["Compile Driver","Sweeping Beam"],"picked":"Go for the Eyes","floor":30},{"not_picked":["Fission+1","Rainbow+1"],"picked":"Seek+1","floor":33},{"not_picked":["Lockon","Consume+1"],"picked":"Conserve Battery+1","floor":35},{"not_picked":["Barrage+1","Recycle+1","Go for the Eyes"],"picked":"SKIP","floor":37},{"not_picked":["Gash+1","Static Discharge+1","Recycle+1"],"picked":"SKIP","floor":39},{"not_picked":["Turbo+1","Streamline"],"picked":"Steam Power+1","floor":40},{"not_picked":["Auto Shields+1","Lockon"],"picked":"Echo Form+1","floor":42},{"not_picked":["Steam+1","Barrage+1"],"picked":"Compile Driver","floor":44},{"not_picked":["Ball Lightning","Gash","Tempest+1"],"picked":"SKIP","floor":45},{"not_picked":["Beam Cell","Steam+1","Turbo+1"],"picked":"SKIP","floor":46},{"not_picked":["Amplify+1","Barrage+1"],"picked":"Undo+1","floor":47},{"not_picked":["Gash","Steam+1"],"picked":"Coolheaded+1","floor":48}],"player_experience":453311,"relics_obtained":[{"floor":6,"key":"StoneCalendar"},{"floor":9,"key":"Torii"},{"floor":11,"key":"Calipers"},{"floor":13,"key":"Ornamental Fan"},{"floor":24,"key":"Strawberry"},{"floor":26,"key":"Frozen Egg 2"},{"floor":27,"key":"DataDisk"},{"floor":40,"key":"Regal Pillow"},{"floor":42,"key":"Anchor"},{"floor":43,"key":"Oddly Smooth Stone"},{"floor":45,"key":"Peace Pipe"},{"floor":47,"key":"Dream Catcher"}],"event_choices":[{"damage_healed":0,"gold_gain":0,"player_choice":"Searched \u00271\u0027 times","damage_taken":0,"max_hp_gain":0,"max_hp_loss":0,"event_name":"Dead Adventurer","floor":12,"gold_loss":0},{"damage_healed":0,"gold_gain":0,"cards_transformed":["Strike_B","Strike_B"],"player_choice":"Became Test Subject","damage_taken":0,"max_hp_gain":0,"max_hp_loss":0,"event_name":"Drug Dealer","floor":20,"gold_loss":0,"cards_obtained":["Doom and Gloom","Turbo"]},{"damage_healed":0,"gold_gain":0,"player_choice":"Simplicity","damage_taken":0,"max_hp_gain":0,"max_hp_loss":0,"event_name":"Back to Basics","floor":22,"gold_loss":0,"cards_upgraded":["Strike_B","Strike_B","Defend_B","Defend_B","Defend_B","Defend_B"]},{"damage_healed":0,"gold_gain":0,"player_choice":"Copied","damage_taken":0,"max_hp_gain":0,"max_hp_loss":0,"event_name":"Duplicator","floor":36,"gold_loss":0,"cards_obtained":["Loop"]}],"is_beta":false,"boss_relics":[{"not_picked":["Orrery","Coffee Dripper"],"picked":"Ectoplasm"},{"not_picked":["Velvet Choker","Snecko Eye"],"picked":"Philosopher\u0027s Stone"}],"items_purged_floors":[2],"is_endless":false,"potions_floor_spawned":[5,11,13,16,18,19,24,30,37,39,45,46,48],"ascension_level":14}