{"path_per_floor":["M","?","?","M","?","R","M","M","T","T","?","R","$","M","R","B",null,"M","$","?","M","M","R","M","R","T","?","R","$","M","E","R"],"character_chosen":"THE_SILENT","items_purchased":["Footwork","Burst","Dagger Throw","Noxious Fumes"],"gold_per_floor":[113,188,188,201,201,201,217,237,290,290,290,290,66,86,86,216,216,190,93,93,107,130,130,146,146,173,173,173,38,58,97,97,97],"floor_reached":33,"campfire_rested":2,"playtime":2125,"current_hp_per_floor":[63,52,45,44,27,48,48,47,47,47,47,47,47,46,46,44,64,45,45,45,44,42,42,42,42,42,42,42,42,41,18,39,0],"items_purged":["Defend_G","Strike_G"],"gold":97,"score":370,"play_id":"4e6a6467-2cd7-4dc3-a6ec-1851febe0ea1","local_time":"20180522002932","is_prod":false,"is_daily":false,"chose_seed":false,"is_ascension_mode":true,"campfire_upgraded":5,"timestamp":1526941772,"campfire_choices":[{"floor":6,"key":"REST"},{"data":"Backflip","floor":12,"key":"SMITH"},{"data":"Footwork","floor":15,"key":"SMITH"},{"data":"Poisoned Stab","floor":23,"key":"SMITH"},{"data":"Blur","floor":25,"key":"SMITH"},{"data":"Burst","floor":28,"key":"SMITH"},{"floor":32,"key":"REST"}],"path_taken":["M","?","?","M","?","R","?","M","T","?","?","R","?","M","R","BOSS","M","$","?","M","M","R","?","R","T","?","R","?","?","E","R","BOSS"],"build_version":"2018-05-17","seed_source_timestamp":0,"purchased_purges":3,"victory":false,"master_deck":["Defend_G+1","Defend_G+1","Defend_G+1","Defend_G+1","Strike_G+1","Strike_G+1","Strike_G+1","Survivor","Neutralize+1","Sucker Punch","Poisoned Stab+1","Backflip+1","Footwork+1","Burst+1","Sucker Punch+1","Die Die Die+1","Dagger Throw+1","Flying Knee+1","Dagger Spray+1","Blur+1","Noxious Fumes","Finisher+1"],"max_hp_per_floor":[70,70,70,70,70,70,70,70,70,70,70,70,70,70,70,70,70,70,70,70,70,70,70,70,70,70,70,70,70,70,70,70,70],"relics":["Ring of the Snake","Golden Idol","Bag of Marbles","Molten Egg 2","Sozu","Omamori","Anchor"],"card_choices":[{"not_picked":["Bane","Quick Slash"],"picked":"Sucker Punch","floor":1},{"not_picked":["Bane","Slice"],"picked":"Poisoned Stab","floor":4},{"not_picked":["Prepared","Cloak And Dagger"],"picked":"Backflip","floor":7},{"not_picked":["Deflect","Bouncing Flask","Setup"],"picked":"SKIP","floor":8},{"not_picked":["Dagger Throw+1","Riddle With Holes+1"],"picked":"Sucker Punch+1","floor":14},{"not_picked":["Wraith Form v2","Tactician"],"picked":"Die Die Die+1","floor":16},{"not_picked":["Underhanded Strike+1","Dagger Throw+1","Prepared"],"picked":"SKIP","floor":18},{"not_picked":["Cloak And Dagger","Concentrate"],"picked":"Flying Knee+1","floor":21},{"not_picked":["Quick Slash+1","Blade Dance"],"picked":"Dagger Spray+1","floor":22},{"not_picked":["Crippling Poison","Slice+1"],"picked":"Blur","floor":24},{"not_picked":["Malaise","Sucker Punch+1","Prepared"],"picked":"SKIP","floor":30},{"not_picked":["Deflect+1","Outmaneuver"],"picked":"Finisher+1","floor":31}],"player_experience":241325,"potions_floor_usage":[24,31,33],"damage_taken":[{"damage":0,"enemies":"2 Louse","floor":1,"turns":3},{"damage":1,"enemies":"Small Slimes","floor":4,"turns":4},{"damage":0,"enemies":"Jaw Worm","floor":7,"turns":4},{"damage":1,"enemies":"Red Slaver","floor":8,"turns":4},{"damage":1,"enemies":"3 Louse","floor":14,"turns":7},{"damage":2,"enemies":"The Guardian","floor":16,"turns":19},{"damage":19,"enemies":"2 Thieves","floor":18,"turns":5},{"damage":1,"enemies":"Shell Parasite","floor":21,"turns":5},{"damage":2,"enemies":"Cultist and Chosen","floor":22,"turns":6},{"damage":0,"enemies":"Sentry and Sphere","floor":24,"turns":4},{"damage":1,"enemies":"Slaver and Parasite","floor":30,"turns":7},{"damage":23,"enemies":"Book of Stabbing","floor":31,"turns":6},{"damage":49,"enemies":"Automaton","floor":33,"turns":12}],"relics_obtained":[{"floor":9,"key":"Bag of Marbles"},{"floor":10,"key":"Molten Egg 2"},{"floor":26,"key":"Omamori"},{"floor":31,"key":"Anchor"}],"event_choices":[{"event_name":"World of Goop","player_choice":"Gather Gold","floor":2,"damage_taken":0},{"event_name":"Golden Wing","player_choice":"Card Removal","floor":3,"damage_taken":0},{"event_name":"Golden Idol","player_choice":"Take Damage","floor":5,"damage_taken":0},{"event_name":"Scrap Ooze","player_choice":"unsuccessful","floor":11,"damage_taken":0},{"event_name":"The Woman in Blue","player_choice":"Bought 0 Potions","floor":20,"damage_taken":0},{"event_name":"Back to Basics","player_choice":"Simplicity","floor":27,"damage_taken":0}],"boss_relics":[{"not_picked":["Tiny House","Orrery"],"picked":"Sozu"}],"potions_floor_spawned":[7,8,14,22,30,31],"seed_played":"9118644518821372563","killed_by":"Automaton","ascension_level":9,"potions_obtained":[{"floor":7,"key":"SpeedPotion"},{"floor":8,"key":"Block Potion"},{"floor":14,"key":"PowerPotion"}],"is_trial":false}