{"path_per_floor":["M","M","?","?","$","E","R","E","T","R","M","E","M","M","R","B",null,"M","?","$","M","M","E","R","M","T","E","M","E","?"],"character_chosen":"IRONCLAD","items_purchased":["Orichalcum","Clash"],"gold_per_floor":[217,234,234,234,16,49,49,84,84,84,97,123,137,148,148,245,245,264,189,66,85,96,129,129,139,139,168,184,217,217],"floor_reached":31,"campfire_rested":0,"playtime":1975,"current_hp_per_floor":[80,80,80,80,80,63,63,58,58,58,64,48,49,41,41,45,80,80,80,80,80,68,59,59,51,51,35,37,26,26],"items_purged":["Regret","Defend_R"],"gold":217,"score":378,"play_id":"f8994109-07a3-476c-bf52-788d0c93bfa7","local_time":"20180312004959","is_prod":false,"is_daily":false,"is_ascension_mode":true,"campfire_upgraded":4,"timestamp":1520812199,"path_taken":["M","M","?","?","$","E","R","E","T","R","M","E","?","M","R","BOSS","M","?","$","M","M","E","R","?","T","E","M","E","?","E"],"build_version":"2018-03-09","purchased_purges":2,"victory":false,"master_deck":["Strike_R","Strike_R","Strike_R","Strike_R+1","Strike_R","Defend_R","Defend_R","Bash+1","Clash","Pommel Strike+1","Twin Strike+1","Rampage+1","Iron Wave+1","Thunderclap","Clash","Thunderclap+1","Twin Strike+1","Twin Strike+1","Armaments+1","Writhe"],"max_hp_per_floor":[80,80,80,80,80,80,80,80,80,80,80,80,80,80,80,80,80,80,80,80,80,80,80,80,80,80,82,84,86,86],"relics":["Burning Blood","Ancient Tea Set","Orichalcum","Mummified Hand","Oddly Smooth Stone","Centennial Puzzle","Whetstone","Velvet Choker","Molten Egg 2","Singing Bowl","Girya","Blue Candle","Toolbox"],"card_choices":[{"not_picked":["Heavy Blade","Sentinel"],"picked":"Clash"},{"not_picked":["Sever Soul","Perfected Strike"],"picked":"Twin Strike"},{"not_picked":["Shrug It Off","Iron Wave"],"picked":"Rampage"},{"not_picked":["Bloodletting","Shrug It Off"],"picked":"Iron Wave"},{"not_picked":["Sword Boomerang","Reckless Charge"],"picked":"Thunderclap"},{"not_picked":["Clash","Iron Wave"],"picked":"Thunderclap"},{"not_picked":["Thunderclap","Shockwave"],"picked":"Twin Strike"},{"not_picked":["Wild Strike","Sword Boomerang"],"picked":"Twin Strike"},{"not_picked":["Iron Wave","Shrug It Off"],"picked":"Armaments"}],"player_experience":204369,"potions_floor_usage":[23,28,31,31],"damage_taken":[{"damage":6,"enemies":"Cultist","floor":1,"turns":4},{"damage":2,"enemies":"Jaw Worm","floor":2,"turns":3},{"damage":23,"enemies":"Gremlin Nob","floor":6,"turns":4},{"damage":11,"enemies":"3 Sentries","floor":8,"turns":6},{"damage":0,"enemies":"Small Slimes","floor":11,"turns":2},{"damage":22,"enemies":"Lagavulin","floor":12,"turns":5},{"damage":5,"enemies":"Looter","floor":13,"turns":3},{"damage":14,"enemies":"Lots of Slimes","floor":14,"turns":4},{"damage":2,"enemies":"Slime Boss","floor":16,"turns":5},{"damage":5,"enemies":"Spheric Guardian","floor":18,"turns":3},{"damage":0,"enemies":"Chosen","floor":21,"turns":2},{"damage":18,"enemies":"Snake Plant","floor":22,"turns":2},{"damage":15,"enemies":"Book of Stabbing","floor":23,"turns":3},{"damage":14,"enemies":"Sentry and Sphere","floor":25,"turns":3},{"damage":24,"enemies":"Gremlin Leader","floor":27,"turns":4},{"damage":6,"enemies":"Chosen and Byrds","floor":28,"turns":3},{"damage":19,"enemies":"Slavers","floor":29,"turns":3},{"damage":27,"enemies":"Gremlin Leader","floor":31,"turns":4}],"event_choices":[{"event_name":"Match and Keep!","player_choice":"1 cards matched","floor":3,"damage_taken":0},{"event_name":"Big Fish","player_choice":"Box","floor":4,"damage_taken":0},{"event_name":"Beggar","player_choice":"Gave Gold","floor":19,"damage_taken":0},{"event_name":"The Mausoleum","player_choice":"Yes","floor":30,"damage_taken":0}],"boss_relics":[{"not_picked":["Calling Bell","Lizard Tail"],"picked":"Velvet Choker"}],"potions_floor_spawned":[2,8,13,14,18,22,27],"seed_played":"8217006933031103209","killed_by":"Gremlin Leader","ascension_level":4,"is_trial":false}