{"gold_per_floor":[112,125,125,140,140,140,140,123,193,204,379,398,398],"floor_reached":13,"playtime":376,"items_purged":[],"score":127,"play_id":"3bf30e60-30e3-4c34-899d-46c3cdde2cfc","local_time":"20190322055223","is_ascension_mode":true,"campfire_choices":[{"data":"Body Slam","floor":6,"key":"SMITH"}],"neow_cost":"CURSE","seed_source_timestamp":699507745097675,"circlet_count":0,"master_deck":["AscendersBane","Strike_R","Strike_R","Strike_R","Strike_R","Strike_R","Defend_R","Defend_R","Defend_R+1","Defend_R","Bash","Bludgeon+1","Body Slam+1","Second Wind","True Grit+1","Disarm","Thunderclap","Doubt","Rampage"],"relics":["Burning Blood","Gremlin Horn"],"potions_floor_usage":[4,12,13],"damage_taken":[{"damage":23,"enemies":"2 Louse","floor":1,"turns":3},{"damage":8,"enemies":"Jaw Worm","floor":2,"turns":3},{"damage":3,"enemies":"Small Slimes","floor":4,"turns":3},{"damage":22,"enemies":"Exordium Thugs","floor":8,"turns":4},{"damage":20,"enemies":"3 Louse","floor":10,"turns":5},{"damage":0,"enemies":"2 Fungi Beasts","floor":12,"turns":4},{"damage":17,"enemies":"Exordium Thugs","floor":13,"turns":2}],"seed_played":"6131971501830804374","potions_obtained":[{"floor":2,"key":"BloodPotion"},{"floor":10,"key":"SkillPotion"},{"floor":12,"key":"Strength Potion"}],"is_trial":false,"path_per_floor":["M","M","?","M","?","R","?","M","T","M","?","M","M"],"character_chosen":"IRONCLAD","items_purchased":[],"campfire_rested":0,"item_purchase_floors":[],"current_hp_per_floor":[55,53,37,48,41,41,41,25,25,11,11,17,0],"gold":398,"neow_bonus":"THREE_RARE_CARDS","is_prod":false,"is_daily":false,"chose_seed":false,"campfire_upgraded":1,"win_rate":0,"timestamp":1553201543,"path_taken":["M","M","?","M","?","R","?","M","T","?","?","M","M"],"build_version":"2019-01-23","purchased_purges":0,"victory":false,"max_hp_per_floor":[80,80,80,80,80,80,80,80,80,80,80,80,80],"card_choices":[{"not_picked":["Feed","Immolate"],"picked":"Bludgeon","floor":0},{"not_picked":["Searing Blow","Wild Strike"],"picked":"Body Slam","floor":1},{"not_picked":["Searing Blow","Anger"],"picked":"Second Wind","floor":2},{"not_picked":["Perfected Strike","Sever Soul"],"picked":"True Grit","floor":4},{"not_picked":["Sword Boomerang","Ghostly Armor"],"picked":"Disarm","floor":8},{"not_picked":["Headbutt","True Grit"],"picked":"Thunderclap","floor":10},{"not_picked":["Twin Strike","Second Wind"],"picked":"Rampage","floor":12}],"player_experience":598730,"relics_obtained":[{"floor":9,"key":"Gremlin Horn"}],"event_choices":[{"damage_healed":0,"gold_gain":0,"player_choice":"Entered Light","damage_taken":16,"max_hp_gain":0,"max_hp_loss":0,"event_name":"Shining Light","floor":3,"gold_loss":0,"cards_upgraded":["Defend_R","Bludgeon"]},{"cards_removed":["Pain"],"damage_healed":0,"gold_gain":0,"player_choice":"Card Removal","damage_taken":7,"max_hp_gain":0,"max_hp_loss":0,"event_name":"Golden Wing","floor":5,"gold_loss":0},{"damage_healed":0,"gold_gain":0,"player_choice":"Upgraded","damage_taken":0,"max_hp_gain":0,"max_hp_loss":0,"event_name":"Upgrade Shrine","floor":7,"gold_loss":0,"cards_upgraded":["True Grit"]},{"damage_healed":0,"gold_gain":175,"player_choice":"AGREE","damage_taken":0,"max_hp_gain":0,"max_hp_loss":0,"event_name":"Liars Game","floor":11,"gold_loss":0,"cards_obtained":["Doubt"]}],"is_beta":false,"boss_relics":[],"items_purged_floors":[],"is_endless":false,"potions_floor_spawned":[2,10,12],"killed_by":"Exordium Thugs","ascension_level":13}