{"gold_per_floor":[110,129,149,164,39,68,68,143,143,173,35,35,35,79,79,209,209,224,242,262,84,84],"floor_reached":22,"playtime":2712,"items_purged":["Strike_R","Defend_R","Injury"],"score":224,"play_id":"a705c516-cb73-4f67-aa55-35e0cc5a5a7f","local_time":"20191002134423","is_ascension_mode":true,"campfire_choices":[{"floor":7,"key":"RECALL"},{"floor":13,"key":"REST"},{"data":"Body Slam","floor":15,"key":"SMITH"}],"neow_cost":"NONE","seed_source_timestamp":1646188126395323,"circlet_count":0,"master_deck":["Strike_R","Strike_R","Defend_R","Defend_R","Defend_R","Bash","Body Slam+1","Shrug It Off","Battle Trance","Shrug It Off","Juggernaut","Entrench","Metallicize","Barricade","Body Slam","Armaments"],"relics":["Burning Blood","Art of War","Calipers","Golden Idol","Lantern","Empty Cage"],"potions_floor_usage":[6,16],"damage_taken":[{"damage":6,"enemies":"Cultist","floor":1,"turns":3},{"damage":5,"enemies":"Jaw Worm","floor":2,"turns":6},{"damage":0,"enemies":"2 Louse","floor":3,"turns":3},{"damage":13,"enemies":"Looter","floor":4,"turns":4},{"damage":45,"enemies":"Lagavulin","floor":6,"turns":12},{"damage":54,"enemies":"Gremlin Nob","floor":10,"turns":6},{"damage":11,"enemies":"3 Sentries","floor":14,"turns":7},{"damage":18,"enemies":"The Guardian","floor":16,"turns":10},{"damage":1,"enemies":"Chosen","floor":18,"turns":4},{"damage":8,"enemies":"3 Byrds","floor":19,"turns":5},{"damage":69,"enemies":"Centurion and Healer","floor":20,"turns":14},{"damage":31,"enemies":"Chosen and Byrds","floor":22,"turns":4}],"seed_played":"-4079095511470970599","potions_obtained":[{"floor":2,"key":"SkillPotion"},{"floor":4,"key":"SneckoOil"},{"floor":6,"key":"FairyPotion"},{"floor":10,"key":"Swift Potion"}],"is_trial":false,"path_per_floor":["M","M","M","M","$","E","R","?","T","E","$","?","R","E","R","B",null,"M","M","M","$","M"],"character_chosen":"IRONCLAD","items_purchased":["Shrug It Off","Metallicize","Armaments"],"campfire_rested":1,"item_purchase_floors":[5,11,21],"current_hp_per_floor":[88,88,88,81,81,42,42,31,31,14,14,14,40,35,35,23,88,88,86,23,23,0],"gold":84,"neow_bonus":"TEN_PERCENT_HP_BONUS","is_prod":false,"is_daily":false,"chose_seed":false,"campfire_upgraded":1,"win_rate":0,"timestamp":1570038263,"path_taken":["M","M","?","M","$","E","R","?","T","E","$","?","R","E","R","BOSS","M","M","M","$","M"],"build_version":"2019-07-17","purchased_purges":3,"victory":false,"max_hp_per_floor":[88,88,88,88,88,88,88,88,88,88,88,88,88,88,88,88,88,88,88,88,88,88],"card_choices":[{"not_picked":["Sever Soul","Wild Strike"],"picked":"Body Slam","floor":1},{"not_picked":["Iron Wave","Clothesline"],"picked":"Shrug It Off","floor":2},{"not_picked":["Pummel","Bloodletting","Thunderclap"],"picked":"SKIP","floor":3},{"not_picked":["Havoc","Thunderclap"],"picked":"Battle Trance","floor":4},{"not_picked":["Armaments","Combust"],"picked":"Juggernaut","floor":6},{"not_picked":["Twin Strike","Shrug It Off"],"picked":"Entrench","floor":10},{"not_picked":["Second Wind","Headbutt","Pommel Strike"],"picked":"SKIP","floor":14},{"not_picked":["Exhume","Berserk"],"picked":"Barricade","floor":16},{"not_picked":["Sword Boomerang","Perfected Strike+1","Hemokinesis"],"picked":"SKIP","floor":18},{"not_picked":["Flex","Perfected Strike","Headbutt"],"picked":"SKIP","floor":19},{"not_picked":["Rupture","Inflame+1"],"picked":"Body Slam","floor":20}],"player_experience":194881,"relics_obtained":[{"floor":6,"key":"Art of War"},{"floor":10,"key":"Calipers"},{"floor":14,"key":"Lantern"}],"event_choices":[{"damage_healed":0,"gold_gain":75,"player_choice":"Gather Gold","damage_taken":11,"max_hp_gain":0,"max_hp_loss":0,"event_name":"World of Goop","floor":8,"gold_loss":0},{"damage_healed":0,"gold_gain":0,"player_choice":"Take Wound","damage_taken":0,"relics_obtained":["Golden Idol"],"max_hp_gain":0,"max_hp_loss":0,"event_name":"Golden Idol","floor":12,"gold_loss":0,"cards_obtained":["Injury"]}],"is_beta":false,"boss_relics":[{"not_picked":["Pandora\u0027s Box","Mark of Pain"],"picked":"Empty Cage"}],"items_purged_floors":[5,11,21],"is_endless":false,"potions_floor_spawned":[2,4,6,10],"killed_by":"Chosen and Byrds","ascension_level":2}