{"gold_per_floor":[116,116,126,143,163,163,188,188,236,249,269,269,302,320,320,420,420,434,434,448,9,9,9,41,54,81,93,93,125,37,54,54,54],"floor_reached":33,"playtime":2115,"items_purged":["Strike_R","Strike_R"],"score":389,"play_id":"a2508ebc-4fea-4b1e-b475-7ce31386df8b","local_time":"20190928002050","is_ascension_mode":true,"campfire_choices":[{"data":"Uppercut","floor":6.0,"key":"SMITH"},{"data":"Combust","floor":8.0,"key":"SMITH"},{"data":"Rupture","floor":12.0,"key":"SMITH"},{"data":"Metallicize","floor":15,"key":"SMITH"},{"data":"Apotheosis","floor":23,"key":"SMITH"},{"data":"Limit Break","floor":28,"key":"SMITH"},{"floor":32,"key":"REST"}],"neow_cost":"NONE","seed_source_timestamp":0,"circlet_count":0,"master_deck":["Strike_R","Strike_R","Strike_R","Defend_R","Defend_R","Defend_R","Defend_R","Bash","Uppercut+1","Metallicize+1","Combust+1","Spot Weakness","Blood for Blood","Rupture+1","Whirlwind","Limit Break+1","Rupture","Searing Blow+1","Apotheosis+1","Shrug It Off","Ghostly Armor","Good Instincts","Clothesline+1","Heavy Blade+1","Intimidate","Warcry","True Grit"],"special_seed":0,"relics":["Burning Blood","Bottled Tornado","Smiling Mask","Omamori","Mark of Pain","WarpedTongs","Art of War","Blood Vial","MawBank"],"potions_floor_usage":[16,18,20,27,27,29,33,33],"damage_taken":[{"damage":1.0,"enemies":"Cultist","floor":1.0,"turns":4.0},{"damage":3.0,"enemies":"2 Louse","floor":3.0,"turns":3.0},{"damage":3.0,"enemies":"Small Slimes","floor":4.0,"turns":4.0},{"damage":8.0,"enemies":"Exordium Thugs","floor":5.0,"turns":5.0},{"damage":24.0,"enemies":"Lagavulin","floor":7.0,"turns":5.0},{"damage":15.0,"enemies":"Exordium Wildlife","floor":10.0,"turns":4.0},{"damage":12.0,"enemies":"Red Slaver","floor":11.0,"turns":3.0},{"damage":15.0,"enemies":"3 Sentries","floor":13.0,"turns":4.0},{"damage":9,"enemies":"Blue Slaver","floor":14,"turns":3},{"damage":26,"enemies":"Hexaghost","floor":16,"turns":9},{"damage":20,"enemies":"Shell Parasite","floor":18,"turns":4},{"damage":6,"enemies":"Chosen","floor":20,"turns":3},{"damage":14,"enemies":"Gremlin Leader","floor":24,"turns":5},{"damage":10,"enemies":"3 Cultists","floor":25,"turns":4},{"damage":8,"enemies":"Snake Plant","floor":27,"turns":4},{"damage":21,"enemies":"Book of Stabbing","floor":29,"turns":5},{"damage":13,"enemies":"Chosen and Byrds","floor":31,"turns":4},{"damage":66,"enemies":"Collector","floor":33,"turns":6}],"seed_played":"-725357162086546488","potions_obtained":[{"floor":0.0,"key":"Dexterity Potion"},{"floor":0.0,"key":"LiquidBronze"},{"floor":0.0,"key":"LiquidBronze"},{"floor":3.0,"key":"Weak Potion"},{"floor":4.0,"key":"SteroidPotion"},{"floor":10.0,"key":"SteroidPotion"},{"floor":11.0,"key":"FearPotion"},{"floor":13.0,"key":"Weak Potion"},{"floor":16,"key":"Block Potion"},{"floor":18,"key":"SkillPotion"},{"floor":24,"key":"Regen Potion"},{"floor":29,"key":"SteroidPotion"},{"floor":31,"key":"AttackPotion"}],"is_trial":false,"path_per_floor":["M","?","M","M","M","R","E","R","T","M","M","R","E","M","R","B",null,"M","?","M","$","?","R","E","M","T","M","R","E","$","M","R","B"],"character_chosen":"IRONCLAD","items_purchased":["Apotheosis","Shrug It Off","Ghostly Armor","Good Instincts","Warcry"],"campfire_rested":1,"item_purchase_floors":[21,21,21,21,30],"current_hp_per_floor":[77,77,80,80,78,78,60,60,60,51,45,45,36,33,33,13,63,49,49,49,49,49,49,41,37,37,49,49,36,36,31,55,0],"gold":54,"neow_bonus":"THREE_SMALL_POTIONS","is_prod":false,"is_daily":false,"chose_seed":false,"campfire_upgraded":6,"win_rate":0,"timestamp":1569622850,"path_taken":["M","?","M","M","M","R","E","R","T","M","M","R","E","M","R","BOSS","M","?","?","$","?","R","E","M","T","M","R","E","?","M","R","BOSS"],"build_version":"2019-07-17","purchased_purges":2,"victory":false,"max_hp_per_floor":[80,80,80,80,80,80,80,80,80,80,80,80,80,80,80,80,80,80,80,80,80,80,80,80,80,80,80,80,80,80,80,80,80],"card_choices":[{"not_picked":["Warcry","Flex"],"picked":"Uppercut","floor":1.0},{"not_picked":["Second Wind","Battle Trance"],"picked":"Metallicize","floor":3.0},{"not_picked":["Twin Strike","Clash"],"picked":"Combust","floor":4.0},{"not_picked":["Uppercut","Anger"],"picked":"Spot Weakness","floor":5.0},{"not_picked":["Wild Strike","Fiend Fire"],"picked":"Blood for Blood","floor":7.0},{"not_picked":["Metallicize","Headbutt"],"picked":"Rupture","floor":10.0},{"not_picked":["Sword Boomerang","Combust"],"picked":"Whirlwind","floor":11.0},{"not_picked":["Spot Weakness","Dual Wield","Clothesline"],"picked":"SKIP","floor":13.0},{"not_picked":["Thunderclap","Perfected Strike","Anger"],"picked":"SKIP","floor":14},{"not_picked":["Fiend Fire","Bludgeon"],"picked":"Limit Break","floor":16},{"not_picked":["Body Slam","Anger"],"picked":"Rupture","floor":18},{"not_picked":["Corruption","Clash"],"picked":"Searing Blow+1","floor":20},{"not_picked":["Clothesline+1","Body Slam","Reckless Charge"],"picked":"SKIP","floor":24},{"not_picked":["Body Slam","Reckless Charge"],"picked":"Clothesline+1","floor":24},{"not_picked":["Pommel Strike","Twin Strike","Reckless Charge"],"picked":"SKIP","floor":25},{"not_picked":["Clash","Dropkick"],"picked":"Heavy Blade+1","floor":27},{"not_picked":["Double Tap","Iron Wave"],"picked":"Intimidate","floor":29},{"not_picked":["Flex+1","Sword Boomerang"],"picked":"True Grit","floor":31}],"player_experience":304187,"relics_obtained":[{"floor":7.0,"key":"Bottled Tornado"},{"floor":9.0,"key":"Smiling Mask"},{"floor":13.0,"key":"Omamori"},{"floor":24,"key":"Art of War"},{"floor":26,"key":"Blood Vial"},{"floor":29,"key":"MawBank"}],"event_choices":[{"damage_healed":0.0,"max_hp_gain":0.0,"max_hp_loss":0.0,"gold_gain":0.0,"event_name":"Liars Game","player_choice":"Ignored","floor":2.0,"gold_loss":0.0,"damage_taken":0.0},{"damage_healed":0,"gold_gain":0,"player_choice":"Rummage","damage_taken":0,"relics_obtained":["WarpedTongs"],"max_hp_gain":0,"max_hp_loss":0,"event_name":"Accursed Blacksmith","floor":19,"gold_loss":0,"cards_obtained":["Pain"]},{"damage_healed":0,"gold_gain":0,"player_choice":"Leave","damage_taken":0,"max_hp_gain":0,"max_hp_loss":0,"event_name":"FaceTrader","floor":22,"gold_loss":0}],"is_beta":false,"boss_relics":[{"not_picked":["Busted Crown","White Beast Statue"],"picked":"Mark of Pain"}],"items_purged_floors":[21,30],"is_endless":false,"potions_floor_spawned":[3,4,10,11,13,16,18,24,29,31],"killed_by":"Collector","ascension_level":6}