{"gold_per_floor":[117,117,192,81,81,110,129,156,210,210,245,265,88,122,122,199,199,217,234,234,248,248,279,98,111,111,143,143,171,171,86,86,162,162,179,192,202,202,219,250,261,279,279,279,259,28,62,76,76,76],"floor_reached":51,"playtime":6339,"items_purged":["Strike_B","Strike_B","Strike_B","Doubt"],"score":1425,"play_id":"d8587139-5390-4d0f-93fe-672dabc50ac9","local_time":"20190106171010","is_ascension_mode":true,"campfire_choices":[{"data":"Zap","floor":10,"key":"SMITH"},{"data":"Loop","floor":15,"key":"SMITH"},{"floor":28,"key":"REST"},{"data":"Consume","floor":32,"key":"SMITH"},{"data":"Apotheosis","floor":44,"key":"SMITH"},{"data":"Go for the Eyes","floor":49,"key":"SMITH"}],"neow_cost":"NONE","seed_source_timestamp":1443144053755053,"circlet_count":0,"master_deck":["AscendersBane","Defend_B","Zap+1","Dualcast","Self Repair","Chill","Skim","Conserve Battery","Streamline","Leap","Consume+1","Loop+1","Self Repair","Go for the Eyes+1","Reboot","Loop","Ball Lightning","RitualDagger","Glacier","BootSequence+1","Ball Lightning","Conserve Battery","Steam Power","Go for the Eyes","Apotheosis+1","Trip","Reprogram+1","Loop","White Noise","Force Field","Cold Snap"],"relics":["Cracked Core","NeowsBlessing","Centennial Puzzle","PreservedInsect","DataDisk","Lantern","StoneCalendar","Empty Cage","Bottled Lightning","Vajra","Blood Vial","Regal Pillow","Singing Bowl","Cursed Key","Mummified Hand","Art of War","Pen Nib"],"potions_floor_usage":[8,8,14,23,27,30,40,50],"damage_taken":[{"damage":0,"enemies":"2 Louse","floor":1,"turns":1},{"damage":0,"enemies":"Gremlin Nob","floor":6,"turns":1},{"damage":0,"enemies":"Small Slimes","floor":7,"turns":1},{"damage":22,"enemies":"Lagavulin","floor":8,"turns":8},{"damage":1,"enemies":"3 Sentries","floor":11,"turns":7},{"damage":0,"enemies":"Cultist","floor":12,"turns":3},{"damage":16,"enemies":"Gremlin Nob","floor":14,"turns":3},{"damage":22,"enemies":"Slime Boss","floor":16,"turns":7},{"damage":30,"enemies":"Shell Parasite","floor":18,"turns":7},{"damage":1,"enemies":"3 Byrds","floor":19,"turns":5},{"damage":2,"enemies":"Centurion and Healer","floor":21,"turns":5},{"damage":23,"enemies":"Gremlin Leader","floor":23,"turns":5},{"damage":43,"enemies":"Chosen and Byrds","floor":25,"turns":4},{"damage":11,"enemies":"Slavers","floor":27,"turns":6},{"damage":12,"enemies":"Gremlin Leader","floor":29,"turns":7},{"damage":0,"enemies":"Snake Plant","floor":30,"turns":2},{"damage":29,"enemies":"Champ","floor":33,"turns":10},{"damage":0,"enemies":"Orb Walker","floor":35,"turns":4},{"damage":26,"enemies":"3 Darklings","floor":36,"turns":7},{"damage":5,"enemies":"Writhing Mass","floor":37,"turns":5},{"damage":10,"enemies":"4 Shapes","floor":39,"turns":5},{"damage":8,"enemies":"Nemesis","floor":40,"turns":5},{"damage":4,"enemies":"3 Darklings","floor":41,"turns":7},{"damage":17,"enemies":"Writhing Mass","floor":42,"turns":4},{"damage":13,"enemies":"Giant Head","floor":47,"turns":6},{"damage":15,"enemies":"4 Shapes","floor":48,"turns":5},{"damage":27,"enemies":"Awakened One","floor":50,"turns":12}],"seed_played":"85967923567350173","potions_obtained":[{"floor":1,"key":"Weak Potion"},{"floor":6,"key":"Regen Potion"},{"floor":11,"key":"AttackPotion"},{"floor":21,"key":"Energy Potion"},{"floor":23,"key":"Dexterity Potion"},{"floor":27,"key":"SmokeBomb"},{"floor":36,"key":"SpeedPotion"},{"floor":41,"key":"LiquidBronze"}],"is_trial":false,"path_per_floor":["M","?","?","$","?","E","M","E","T","R","E","M","$","E","R","B",null,"M","M","?","M","?","E","$","M","T","E","R","E","M","?","R","B",null,"M","M","M","?","M","E","M","M","T","R","?","$","E","M","R","B",null],"character_chosen":"DEFECT","items_purchased":["Chill","Self Repair","Energy Potion","FocusPotion"],"campfire_rested":1,"item_purchase_floors":[4,13,24,46],"current_hp_per_floor":[64,64,53,53,53,60,60,54,54,54,60,67,67,65,65,57,68,52,65,65,71,65,56,56,13,13,16,37,41,50,50,50,39,65,73,61,72,67,68,75,75,68,68,68,68,68,74,74,74,68],"gold":76,"neow_bonus":"THREE_ENEMY_KILL","is_prod":false,"is_daily":false,"chose_seed":false,"campfire_upgraded":5,"win_rate":0,"timestamp":1546791010,"path_taken":["M","?","?","$","?","E","?","E","T","R","E","M","$","E","R","BOSS","M","M","?","?","?","E","$","M","T","E","R","E","M","?","R","BOSS","M","M","M","?","M","E","M","M","T","R","?","$","E","M","R","BOSS"],"build_version":"2019-01-03v4","purchased_purges":4,"victory":true,"max_hp_per_floor":[71,71,71,71,71,71,71,71,71,71,71,71,71,71,71,71,71,71,71,71,71,71,71,71,71,71,71,71,71,71,71,71,73,73,73,73,73,73,75,75,75,75,75,75,75,75,75,75,75,75],"card_choices":[{"not_picked":["Double Energy","Cold Snap"],"picked":"Self Repair","floor":1},{"not_picked":["Stack","Compile Driver"],"picked":"Conserve Battery","floor":6},{"not_picked":["Hologram","Melter"],"picked":"Streamline","floor":7},{"not_picked":["All For One","Turbo"],"picked":"Leap","floor":8},{"not_picked":["Stack","Ball Lightning"],"picked":"Consume","floor":11},{"not_picked":["Chill","Blizzard"],"picked":"Loop","floor":12},{"not_picked":["Conserve Battery","Doom and Gloom"],"picked":"Go for the Eyes","floor":14},{"not_picked":["All For One","Fission"],"picked":"Reboot","floor":16},{"not_picked":["Hologram","Redo+1"],"picked":"Loop","floor":18},{"not_picked":["Aggregate","Leap","Melter"],"picked":"SKIP","floor":19},{"not_picked":["Beam Cell","Barrage"],"picked":"Ball Lightning","floor":21},{"not_picked":["Darkness","Cold Snap"],"picked":"Glacier","floor":23},{"not_picked":["Chill","Redo+1"],"picked":"BootSequence+1","floor":25},{"not_picked":["Biased Cognition","Melter","Self Repair"],"picked":"SKIP","floor":27},{"not_picked":["Hologram","Glacier"],"picked":"Ball Lightning","floor":29},{"not_picked":["Buffer","Fission","Amplify"],"picked":"Singing Bowl","floor":33},{"not_picked":["Streamline","Hologram"],"picked":"Conserve Battery","floor":35},{"not_picked":["Reinforced Body","Sunder"],"picked":"Steam Power","floor":36},{"not_picked":["Storm","Beam Cell+1"],"picked":"Go for the Eyes","floor":37},{"not_picked":["Trip","Master of Strategy"],"picked":"Apotheosis","floor":38},{"not_picked":["Bandage Up","Panacea"],"picked":"Trip","floor":38},{"not_picked":["Genetic Algorithm+1","Go for the Eyes","Streamline"],"picked":"Singing Bowl","floor":39},{"not_picked":["Turbo","Ball Lightning"],"picked":"Reprogram+1","floor":40},{"not_picked":["Go for the Eyes","Ball Lightning+1"],"picked":"Loop","floor":41},{"not_picked":["Cold Snap","Fusion"],"picked":"White Noise","floor":42},{"not_picked":["Redo","Reinforced Body"],"picked":"Force Field","floor":47},{"not_picked":["Rip and Tear","Doom and Gloom+1"],"picked":"Cold Snap","floor":48}],"player_experience":475239,"relics_obtained":[{"floor":6,"key":"Centennial Puzzle"},{"floor":8,"key":"PreservedInsect"},{"floor":9,"key":"DataDisk"},{"floor":11,"key":"Lantern"},{"floor":14,"key":"StoneCalendar"},{"floor":23,"key":"Bottled Lightning"},{"floor":26,"key":"Vajra"},{"floor":27,"key":"Blood Vial"},{"floor":29,"key":"Regal Pillow"},{"floor":40,"key":"Mummified Hand"},{"floor":43,"key":"Art of War"},{"floor":47,"key":"Pen Nib"}],"event_choices":[{"damage_healed":0,"gold_gain":0,"player_choice":"Ignored","damage_taken":0,"max_hp_gain":0,"max_hp_loss":0,"event_name":"Liars Game","floor":2,"gold_loss":0},{"damage_healed":0,"gold_gain":75,"player_choice":"Gather Gold","damage_taken":11,"max_hp_gain":0,"max_hp_loss":0,"event_name":"World of Goop","floor":3,"gold_loss":0},{"damage_healed":0,"gold_gain":0,"cards_transformed":["Defend_B"],"player_choice":"Transformed","damage_taken":0,"max_hp_gain":0,"max_hp_loss":0,"event_name":"Transmorgrifier","floor":5,"gold_loss":0,"cards_obtained":["Skim"]},{"cards_removed":["Defend_B"],"damage_healed":0,"gold_gain":0,"player_choice":"Purged","damage_taken":0,"max_hp_gain":0,"max_hp_loss":0,"event_name":"Purifier","floor":20,"gold_loss":0},{"damage_healed":0,"gold_gain":0,"player_choice":"Joined the Cult","damage_taken":6,"max_hp_gain":0,"max_hp_loss":0,"event_name":"Nest","floor":22,"gold_loss":0,"cards_obtained":["RitualDagger"]},{"damage_healed":0,"gold_gain":0,"player_choice":"Obtained Relic","damage_taken":0,"relics_obtained":["Singing Bowl"],"max_hp_gain":0,"max_hp_loss":0,"event_name":"Addict","floor":31,"gold_loss":85},{"damage_healed":0,"gold_gain":0,"player_choice":"Memory 2","damage_taken":5,"max_hp_gain":0,"max_hp_loss":0,"event_name":"SensoryStone","floor":38,"gold_loss":0},{"damage_healed":0,"gold_gain":0,"player_choice":"Bought 1 Potion","damage_taken":0,"max_hp_gain":0,"max_hp_loss":0,"event_name":"The Woman in Blue","floor":45,"gold_loss":0}],"is_beta":false,"boss_relics":[{"not_picked":["Calling Bell","Snecko Eye"],"picked":"Empty Cage"},{"not_picked":["Runic Pyramid","Runic Dome"],"picked":"Cursed Key"}],"items_purged_floors":[4,13,24,46],"is_endless":false,"potions_floor_spawned":[1,6,7,11,21,23,27,29,30,36,41,48],"ascension_level":17}