{"path_per_floor":["M","M","M","M","T","R","?","M","T","M","?","M","R","M","R","B",null,"M","?","M","$","M","E","R","M","T","M","R","M","R","M","R"],"character_chosen":"THE_SILENT","items_purchased":["Accuracy","Burst"],"gold_per_floor":[110,128,144,162,162,162,162,178,178,188,188,204,204,214,214,318,318,337,337,356,59,72,99,99,119,119,138,138,151,151,165,165,165],"floor_reached":33,"campfire_rested":3,"playtime":2127,"current_hp_per_floor":[57,48,48,34,34,34,27,27,27,27,50,50,50,50,50,18,57,57,44,44,44,37,25,51,27,27,25,51,37,37,30,56,0],"items_purged":["Eviscerate"],"gold":165,"score":396,"play_id":"97363c09-a90e-42eb-8782-012bac65e2fe","local_time":"20180330152220","is_prod":false,"is_daily":false,"is_ascension_mode":true,"campfire_upgraded":1,"timestamp":1522416140,"path_taken":["M","M","M","M","?","R","?","M","T","?","?","?","R","M","R","BOSS","M","?","M","$","?","E","R","M","T","M","R","M","R","M","R","BOSS"],"build_version":"2018-03-29v2","purchased_purges":2,"victory":false,"master_deck":["Survivor","Neutralize","Leg Sweep","Cloak And Dagger","Storm of Steel","Dagger Spray","Bullet Time","Outmaneuver","Flying Knee","Quick Slash","PiercingWail","Backflip+1","Quick Slash","Deflect","Deadly Poison","Dagger Spray","Escape Plan","Accuracy","Burst","Predator+1","Prepared+1","Predator","Riddle With Holes"],"max_hp_per_floor":[70,70,70,70,70,70,70,70,70,70,70,70,70,70,70,70,70,70,75,75,75,75,89,89,89,89,89,89,89,89,89,89,89],"relics":["Ring of the Snake","Girya","Ice Cream","Pandora\u0027s Box","Mango","Shovel"],"card_choices":[{"not_picked":["Slice","Bane"],"picked":"Leg Sweep","floor":1},{"not_picked":["Sucker Punch","Deflect"],"picked":"Cloak And Dagger","floor":2},{"not_picked":["Blade Dance","Crippling Poison"],"picked":"Storm of Steel","floor":4},{"not_picked":["Prepared","Backstab"],"picked":"Dagger Spray","floor":12},{"not_picked":["Doppelganger","Corpse Explosion"],"picked":"Bullet Time","floor":16},{"not_picked":["Cloak And Dagger","Deadly Poison"],"picked":"Dagger Spray","floor":18},{"not_picked":["Outmaneuver","Acrobatics"],"picked":"Escape Plan","floor":20},{"not_picked":["Bane","Catalyst"],"picked":"Predator","floor":22},{"not_picked":["Dagger Throw","Masterful Stab"],"picked":"Prepared","floor":25},{"not_picked":["Dodge and Roll","Dagger Throw"],"picked":"Predator","floor":29},{"not_picked":["Eviscerate","Malaise"],"picked":"Riddle With Holes","floor":31}],"player_experience":221926,"potions_floor_usage":[23,23,31,33,33],"damage_taken":[{"damage":6,"enemies":"Cultist","floor":1,"turns":4},{"damage":9,"enemies":"Jaw Worm","floor":2,"turns":5},{"damage":0,"enemies":"2 Louse","floor":3,"turns":3},{"damage":14,"enemies":"Lots of Slimes","floor":4,"turns":7},{"damage":0,"enemies":"Blue Slaver","floor":8,"turns":4},{"damage":0,"enemies":"Large Slime","floor":10,"turns":4},{"damage":0,"enemies":"Red Slaver","floor":12,"turns":4},{"damage":0,"enemies":"Exordium Wildlife","floor":14,"turns":1},{"damage":32,"enemies":"The Guardian","floor":16,"turns":13},{"damage":0,"enemies":"Spheric Guardian","floor":18,"turns":3},{"damage":0,"enemies":"Shell Parasite","floor":20,"turns":3},{"damage":7,"enemies":"Centurion and Healer","floor":22,"turns":6},{"damage":26,"enemies":"Gremlin Leader","floor":23,"turns":4},{"damage":24,"enemies":"Cultist and Chosen","floor":25,"turns":5},{"damage":2,"enemies":"3 Cultists","floor":27,"turns":3},{"damage":14,"enemies":"Centurion and Healer","floor":29,"turns":4},{"damage":7,"enemies":"Chosen and Byrds","floor":31,"turns":5},{"damage":78,"enemies":"Champ","floor":33,"turns":11}],"event_choices":[{"event_name":"Golden Wing","player_choice":"Card Removal","floor":7,"damage_taken":0},{"event_name":"Big Fish","player_choice":"Banana","floor":11,"damage_taken":0},{"event_name":"Forgotten Altar","player_choice":"Shed Blood","floor":19,"damage_taken":0}],"boss_relics":[{"not_picked":["Black Star","Snecko Eye"],"picked":"Pandora\u0027s Box"}],"potions_floor_spawned":[1,10,12,16,20,23,25,29],"seed_played":"-3532269152174006020","killed_by":"Champ","ascension_level":8,"is_trial":false}