{"gold_per_floor":[113,133,133,133,133,160,160,175,202,219,234,261,261,275,275,346,396,416,431,110,125,125],"floor_reached":22,"playtime":760,"items_purged":["Strike_B"],"score":426,"play_id":"4c80d8d0-f080-48cc-83b6-0df5c9e053e1","local_time":"20190205030023","is_ascension_mode":true,"campfire_choices":[{"data":"Go for the Eyes","floor":7,"key":"SMITH"},{"data":"Self Repair","floor":13,"key":"SMITH"},{"floor":15,"key":"REST"}],"neow_cost":"NONE","seed_source_timestamp":285216163151976,"circlet_count":0,"master_deck":["AscendersBane","Strike_B+1","Strike_B+1","Strike_B+1","Defend_B","Defend_B","Defend_B+1","Defend_B","Zap+1","Dualcast","Ball Lightning+1","Go for the Eyes+1","Turbo","Ball Lightning","Self Repair+1","Ball Lightning","Streamline","Coolheaded","Go for the Eyes","Leap","Auto Shields"],"relics":["Cracked Core","NeowsBlessing","Art of War","Whetstone","Bronze Scales","Tiny House","Runic Capacitor"],"potions_floor_usage":[11,16,21],"damage_taken":[{"damage":0,"enemies":"Cultist","floor":1,"turns":1},{"damage":0,"enemies":"Small Slimes","floor":2,"turns":1},{"damage":0,"enemies":"Gremlin Nob","floor":6,"turns":1},{"damage":0,"enemies":"2 Louse","floor":8,"turns":2},{"damage":2,"enemies":"Red Slaver","floor":10,"turns":3},{"damage":0,"enemies":"2 Fungi Beasts","floor":11,"turns":2},{"damage":14,"enemies":"Exordium Thugs","floor":14,"turns":4},{"damage":34,"enemies":"Slime Boss","floor":16,"turns":9},{"damage":28,"enemies":"2 Thieves","floor":18,"turns":3},{"damage":12,"enemies":"Chosen","floor":19,"turns":3},{"damage":18,"enemies":"Snake Plant","floor":21,"turns":3},{"damage":42,"enemies":"3 Cultists","floor":22,"turns":4}],"seed_played":"-146561690197948931","potions_obtained":[{"floor":6,"key":"Swift Potion"},{"floor":14,"key":"SkillPotion"},{"floor":17,"key":"SneckoOil"},{"floor":19,"key":"GamblersBrew"}],"is_trial":false,"path_per_floor":["M","M","?","?","?","E","R","M","T","M","M","T","R","M","R","B",null,"M","M","$","M","M"],"character_chosen":"DEFECT","items_purchased":["Runic Capacitor","Leap"],"campfire_rested":1,"item_purchase_floors":[20,20],"current_hp_per_floor":[64,64,64,64,43,43,43,43,43,41,41,41,41,37,58,34,67,49,47,47,39,0],"gold":125,"neow_bonus":"THREE_ENEMY_KILL","is_prod":false,"is_daily":false,"chose_seed":false,"campfire_upgraded":2,"win_rate":0,"timestamp":1549332023,"path_taken":["M","?","?","?","?","E","R","M","T","M","M","?","R","?","R","BOSS","M","M","$","M","M"],"build_version":"2019-01-23","purchased_purges":1,"victory":false,"max_hp_per_floor":[71,71,71,71,71,71,71,71,71,71,71,71,71,71,71,71,76,76,76,76,76,76],"card_choices":[{"not_picked":["Barrage","Stack"],"picked":"Ball Lightning","floor":1},{"not_picked":["Aggregate","Sweeping Beam"],"picked":"Go for the Eyes","floor":2},{"not_picked":["Scrape","Steam","Doom and Gloom"],"picked":"SKIP","floor":6},{"not_picked":["Reprogram","Sweeping Beam"],"picked":"Turbo","floor":8},{"not_picked":["Rebound","Compile Driver"],"picked":"Ball Lightning","floor":10},{"not_picked":["Rip and Tear","Rebound"],"picked":"Self Repair","floor":11},{"not_picked":["Heatsinks","Hologram"],"picked":"Ball Lightning","floor":14},{"not_picked":["Heatsinks","Gash"],"picked":"Streamline","floor":17},{"not_picked":["Gash","Steam"],"picked":"Coolheaded","floor":18},{"not_picked":["Streamline","Coolheaded"],"picked":"Go for the Eyes","floor":19},{"not_picked":["Hologram","Turbo"],"picked":"Auto Shields","floor":21}],"player_experience":598826,"relics_obtained":[{"floor":6,"key":"Art of War"},{"floor":9,"key":"Whetstone"},{"floor":12,"key":"Bronze Scales"}],"event_choices":[{"damage_healed":0,"gold_gain":0,"player_choice":"Grow","damage_taken":0,"max_hp_gain":0,"max_hp_loss":0,"event_name":"Living Wall","floor":3,"gold_loss":0,"cards_upgraded":["Zap"]},{"damage_healed":0,"gold_gain":0,"player_choice":"Ignored","damage_taken":0,"max_hp_gain":0,"max_hp_loss":0,"event_name":"Liars Game","floor":4,"gold_loss":0},{"damage_healed":0,"gold_gain":0,"player_choice":"Entered Light","damage_taken":21,"max_hp_gain":0,"max_hp_loss":0,"event_name":"Shining Light","floor":5,"gold_loss":0,"cards_upgraded":["Defend_B","Strike_B"]}],"is_beta":false,"boss_relics":[{"not_picked":["Pandora\u0027s Box","White Beast Statue"],"picked":"Tiny House"}],"items_purged_floors":[20],"is_endless":false,"potions_floor_spawned":[6,14,19],"killed_by":"3 Cultists","ascension_level":20}