{"gold_per_floor":[15,31,50,50,60,60,90,90,170,170,170,184,201,376,376,474,474],"floor_reached":17,"playtime":759,"items_purged":[],"score":157,"play_id":"00d6d900-7eae-41fb-b112-046ff4ad6df8","local_time":"20190809164231","is_ascension_mode":false,"campfire_choices":[{"data":"Whirlwind","floor":8,"key":"SMITH"},{"data":"Rupture","floor":11,"key":"SMITH"},{"data":"Bloodletting","floor":15,"key":"SMITH"}],"neow_cost":"NO_GOLD","seed_source_timestamp":0,"circlet_count":0,"master_deck":["Strike_R","Strike_R","Strike_R+1","Defend_R","Defend_R","Defend_R","Defend_R","Bash","Intimidate","Fire Breathing+1","Anger","Whirlwind+1","Bloodletting+1","Rupture+1","Limit Break","Doubt","Demon Form"],"special_seed":0,"relics":["Burning Blood","Incense Burner","Pantograph","Philosopher\u0027s Stone"],"potions_floor_usage":[7,16],"damage_taken":[{"damage":10.0,"enemies":"Small Slimes","floor":1.0,"turns":6.0},{"damage":6.0,"enemies":"Jaw Worm","floor":2.0,"turns":4.0},{"damage":1.0,"enemies":"Cultist","floor":3.0,"turns":3.0},{"damage":7.0,"enemies":"Blue Slaver","floor":5.0,"turns":3.0},{"damage":26,"enemies":"3 Sentries","floor":7,"turns":7},{"damage":0,"enemies":"3 Louse","floor":12,"turns":1},{"damage":13,"enemies":"Red Slaver","floor":13,"turns":2},{"damage":61,"enemies":"The Guardian","floor":16,"turns":10}],"seed_played":"-8801059307811474979","potions_obtained":[{"floor":2.0,"key":"FearPotion"},{"floor":7,"key":"Dexterity Potion"},{"floor":10,"key":"FearPotion"},{"floor":10,"key":"Fire Potion"},{"floor":16,"key":"BloodPotion"}],"is_trial":false,"path_per_floor":["M","M","M","?","M","?","E","R","T","?","R","M","M","?","R","B",null],"character_chosen":"IRONCLAD","items_purchased":[],"campfire_rested":0,"item_purchase_floors":[],"current_hp_per_floor":[76,76,80,64,63,68,48,48,48,48,48,54,47,47,47,17,85],"gold":474,"neow_bonus":"TRANSFORM_TWO_CARDS","is_prod":false,"is_daily":false,"chose_seed":false,"campfire_upgraded":3,"win_rate":0,"timestamp":1565361751,"path_taken":["M","M","M","?","M","?","E","R","T","?","R","M","?","?","R","BOSS"],"build_version":"2019-07-17","purchased_purges":0,"victory":false,"max_hp_per_floor":[80,80,80,80,80,85,85,85,85,85,85,85,85,85,85,85,85],"card_choices":[{"not_picked":["Armaments","Clothesline"],"picked":"Anger","floor":1.0},{"not_picked":["Twin Strike","Clothesline"],"picked":"Whirlwind","floor":2.0},{"not_picked":["Iron Wave","Thunderclap","Twin Strike"],"picked":"SKIP","floor":3.0},{"not_picked":["Iron Wave","Wild Strike"],"picked":"Bloodletting","floor":5.0},{"not_picked":["Burning Pact","Evolve"],"picked":"Rupture","floor":7},{"not_picked":["Sword Boomerang","Flex","Cleave"],"picked":"SKIP","floor":12},{"not_picked":["Inflame","Shrug It Off"],"picked":"Limit Break","floor":13},{"not_picked":["Juggernaut","Immolate"],"picked":"Demon Form","floor":16}],"player_experience":164511,"relics_obtained":[{"floor":7,"key":"Incense Burner"},{"floor":9,"key":"Pantograph"}],"event_choices":[{"damage_healed":0.0,"max_hp_gain":0.0,"max_hp_loss":0.0,"gold_gain":0.0,"event_name":"Shining Light","player_choice":"Entered Light","floor":4.0,"gold_loss":0.0,"damage_taken":16.0,"cards_upgraded":["Strike_R","Fire Breathing"]},{"damage_healed":0.0,"max_hp_gain":5.0,"max_hp_loss":0.0,"gold_gain":0.0,"event_name":"Big Fish","player_choice":"Donut","floor":6.0,"gold_loss":0.0,"damage_taken":0.0},{"damage_healed":0,"gold_gain":0,"player_choice":"Got Potions","damage_taken":0,"max_hp_gain":0,"max_hp_loss":0,"event_name":"Lab","floor":10,"gold_loss":0},{"damage_healed":0,"gold_gain":175,"player_choice":"AGREE","damage_taken":0,"max_hp_gain":0,"max_hp_loss":0,"event_name":"Liars Game","floor":14,"gold_loss":0,"cards_obtained":["Doubt"]}],"is_beta":false,"boss_relics":[{"not_picked":["Pandora\u0027s Box","Ectoplasm"],"picked":"Philosopher\u0027s Stone"}],"items_purged_floors":[],"is_endless":false,"potions_floor_spawned":[2,7,13,16],"ascension_level":0}