{"gold_per_floor":[113,125,141,153,166,200,200,226,226,206,221,221],"floor_reached":12,"playtime":527,"items_purged":[],"score":152,"play_id":"b78771ac-88af-4758-b9bf-94028917f324","local_time":"20181212205504","is_ascension_mode":true,"campfire_choices":[{"floor":7,"key":"REST"}],"neow_cost":"NONE","seed_source_timestamp":28390317832784,"circlet_count":0,"master_deck":["AscendersBane","Defend_G","Defend_G","Defend_G","Defend_G","Defend_G","Strike_G","Strike_G+1","Strike_G","Strike_G","Strike_G","Survivor","Neutralize","Blade Dance","Dagger Spray+1","Infinite Blades","Backstab","Blade Dance","Crippling Poison","Infinite Blades"],"relics":["Ring of the Snake","NeowsBlessing","Pear","Whetstone"],"potions_floor_usage":[4,6,11,11],"damage_taken":[{"damage":0,"enemies":"Cultist","floor":1,"turns":1},{"damage":0,"enemies":"Jaw Worm","floor":2,"turns":1},{"damage":0,"enemies":"2 Louse","floor":3,"turns":1},{"damage":0,"enemies":"Gremlin Gang","floor":4,"turns":1},{"damage":9,"enemies":"2 Fungi Beasts","floor":5,"turns":3},{"damage":45,"enemies":"Lagavulin","floor":6,"turns":8},{"damage":34,"enemies":"3 Sentries","floor":8,"turns":8},{"damage":8,"enemies":"Exordium Thugs","floor":11,"turns":3},{"damage":4,"enemies":"3 Louse","floor":12,"turns":2}],"seed_played":"620378262586556892","potions_obtained":[{"floor":1,"key":"AttackPotion"},{"floor":5,"key":"SpeedPotion"},{"floor":8,"key":"Poison Potion"},{"floor":10,"key":"Dexterity Potion"}],"is_trial":false,"path_per_floor":["M","M","M","M","M","E","R","E","T","?","M","M"],"character_chosen":"THE_SILENT","items_purchased":[],"campfire_rested":1,"item_purchase_floors":[],"current_hp_per_floor":[63,63,63,63,54,19,43,9,9,9,1,0],"gold":221,"neow_bonus":"THREE_ENEMY_KILL","is_prod":false,"is_daily":false,"chose_seed":false,"campfire_upgraded":0,"win_rate":0,"timestamp":1544644504,"path_taken":["M","?","M","M","M","E","R","E","T","?","?","M"],"build_version":"2018-12-06","purchased_purges":0,"victory":false,"max_hp_per_floor":[70,70,70,70,70,80,80,80,80,80,80,80],"card_choices":[{"not_picked":["Bouncing Flask","Flying Knee"],"picked":"Blade Dance","floor":1},{"not_picked":["Backflip","Finisher"],"picked":"Dagger Spray","floor":2},{"not_picked":["Heel Hook","Outmaneuver","Setup"],"picked":"SKIP","floor":3},{"not_picked":["Flying Knee","Escape Plan"],"picked":"Infinite Blades","floor":4},{"not_picked":["Deflect","Caltrops"],"picked":"Backstab","floor":5},{"not_picked":["Poisoned Stab","Bane"],"picked":"Blade Dance","floor":6},{"not_picked":["Backflip","Flying Knee"],"picked":"Crippling Poison","floor":8},{"not_picked":["Distraction","Deadly Poison"],"picked":"Infinite Blades","floor":11}],"player_experience":337197,"relics_obtained":[{"floor":6,"key":"Pear"},{"floor":8,"key":"Whetstone"}],"event_choices":[{"damage_healed":0,"gold_gain":0,"player_choice":"Bought 1 Potion","damage_taken":0,"max_hp_gain":0,"max_hp_loss":0,"event_name":"The Woman in Blue","floor":10,"gold_loss":0}],"is_beta":false,"boss_relics":[],"items_purged_floors":[],"is_endless":false,"potions_floor_spawned":[1,5,8],"killed_by":"3 Louse","ascension_level":13}