{"path_per_floor":["M","?","M","?","M","M","M","R","T","R","M","M","?","?","R","B",null,"M","M","M","?","$","M","R","?","T"],"character_chosen":"IRONCLAD","items_purchased":["True Grit","Warcry"],"gold_per_floor":[115,75,87,87,99,113,133,133,133,133,149,161,161,161,161,258,258,271,291,301,301,130,147,147,147,147],"floor_reached":27,"campfire_rested":0,"playtime":2129,"current_hp_per_floor":[80,80,80,68,73,73,54,54,54,54,60,66,66,66,66,44,80,73,61,55,55,55,46,46,46,46],"items_purged":["Strike_R"],"gold":147,"play_id":"1aacf3be-e4f2-41f1-afbc-8716b13130a8","is_prod":false,"is_daily":false,"is_ascension_mode":false,"campfire_upgraded":4,"path_taken":["M","?","M","?","?","M","M","R","T","R","M","M","?","?","R","BOSS","M","M","M","?","$","M","R","?","T","E"],"build_version":"2018-02-01-PROD3","purchased_purges":1,"victory":false,"master_deck":["Strike_R","Strike_R","Strike_R","Defend_R","Defend_R","Defend_R","Bash","Twin Strike","Armaments+1","Twin Strike","Iron Wave+1","Headbutt+1","Feel No Pain","Impervious","Berserk","Twin Strike+1","Sword Boomerang+1","True Grit","Warcry","Iron Wave+1","Flex"],"max_hp_per_floor":[80,80,80,80,80,80,80,80,80,80,80,80,80,80,80,80,80,80,80,80,80,80,80,80,80,80],"relics":["Burning Blood","Anchor","Red Skull","Charon\u0027s Ashes","Velvet Choker","Self Forming Clay","Sundial"],"card_choices":[{"not_picked":["Clash","True Grit"],"picked":"Twin Strike"},{"not_picked":["Cleave","Clash"],"picked":"Armaments"},{"not_picked":["Perfected Strike","Intimidate"],"picked":"Twin Strike"},{"not_picked":["Second Wind","Burning Pact"],"picked":"Iron Wave"},{"not_picked":["Spot Weakness","Clothesline"],"picked":"Headbutt"},{"not_picked":["Thunderclap","Uppercut"],"picked":"Feel No Pain"},{"not_picked":["Juggernaut","Reaper"],"picked":"Berserk"},{"not_picked":["Pommel Strike","Pummel"],"picked":"Twin Strike"},{"not_picked":["Infernal Blade","Clothesline"],"picked":"Sword Boomerang"},{"not_picked":["Searing Blow","Combust"],"picked":"Iron Wave"}],"player_experience":16895,"potions_floor_usage":[16,16,16],"damage_taken":[{"damage":0.0,"enemies":"2 Louse","floor":1.0,"turns":2.0},{"damage":4.0,"enemies":"Blue Slaver","floor":3.0,"turns":3.0},{"damage":1,"enemies":"Cultist","floor":5,"turns":3},{"damage":6,"enemies":"Large Slime","floor":6,"turns":10},{"damage":25,"enemies":"Exordium Thugs","floor":7,"turns":7},{"damage":0,"enemies":"Looter","floor":11,"turns":2},{"damage":0,"enemies":"3 Louse","floor":12,"turns":4},{"damage":28,"enemies":"Hexaghost","floor":16,"turns":8},{"damage":13,"enemies":"Spheric Guardian","floor":18,"turns":6},{"damage":18,"enemies":"Chosen","floor":19,"turns":3},{"damage":12,"enemies":"Centurion and Healer","floor":20,"turns":6},{"damage":15,"enemies":"Slaver and Parasite","floor":23,"turns":7},{"damage":53,"enemies":"Gremlin Leader","floor":27,"turns":6}],"event_choices":[{"event_name":"The Woman in Blue","player_choice":"Bought 3 Potions","floor":2.0,"damage_taken":0.0},{"event_name":"Scrap Ooze","player_choice":"success","floor":4.0,"damage_taken":12.0},{"event_name":"Living Wall","player_choice":"Forget","floor":13,"damage_taken":0},{"event_name":"Transmorgrifier","player_choice":"Transform","floor":14,"damage_taken":0},{"event_name":"The Mausoleum","player_choice":"Yes","floor":21,"damage_taken":0},{"event_name":"The Library","player_choice":"Read","floor":25,"damage_taken":0}],"boss_relics":[{"not_picked":["Black Blood","White Beast Statue"],"picked":"Velvet Choker"}],"potions_floor_spawned":[5,11,12,16,23],"seed_played":"2005070095849629642","killed_by":"Gremlin Leader","ascension_level":0,"is_trial":false}