{"gold_per_floor":[114,114,130,147,174,203,203,219,243,258,278,278,190,8,8,105,105,125,141,93,8,21,21,21,36,36,51,51,70,98,113,113,113],"floor_reached":33,"playtime":9261,"items_purged":[],"score":271,"play_id":"d1ab3926-12a3-44b9-b44d-e17a87e49a6e","local_time":"20191004173141","is_ascension_mode":false,"campfire_choices":[{"floor":7,"key":"REST"},{"floor":12,"key":"REST"},{"floor":15,"key":"REST"},{"floor":23,"key":"REST"},{"floor":32,"key":"REST"}],"neow_cost":"NONE","seed_source_timestamp":3213056432200,"circlet_count":0,"master_deck":["Strike_G","Strike_G","Strike_G","Strike_G","Strike_G","Defend_G","Defend_G","Defend_G","Defend_G","Defend_G","Survivor","Neutralize","Underhanded Strike","Flying Knee","Dagger Throw","Poisoned Stab","Noxious Fumes","Quick Slash","Caltrops","Bouncing Flask","Apotheosis","Phantasmal Killer","PiercingWail","Deflect","Expertise","Prepared+1","Bouncing Flask","Escape Plan+1","Finisher+1","Tactician"],"relics":["Ring of the Snake","NeowsBlessing","Bronze Scales","Darkstone Periapt","Ancient Tea Set","Fusion Hammer","Ninja Scroll","Bottled Tornado","Gremlin Horn"],"potions_floor_usage":[16,16,16,25,30,30,30,33],"damage_taken":[{"damage":0,"enemies":"Jaw Worm","floor":1,"turns":1},{"damage":0,"enemies":"2 Louse","floor":3,"turns":1},{"damage":0,"enemies":"Small Slimes","floor":4,"turns":1},{"damage":23,"enemies":"3 Sentries","floor":6,"turns":10},{"damage":4,"enemies":"2 Fungi Beasts","floor":8,"turns":3},{"damage":27,"enemies":"Gremlin Gang","floor":10,"turns":4},{"damage":16,"enemies":"Lots of Slimes","floor":11,"turns":3},{"damage":12,"enemies":"Hexaghost","floor":16,"turns":7},{"damage":20,"enemies":"2 Thieves","floor":18,"turns":4},{"damage":6,"enemies":"Spheric Guardian","floor":19,"turns":4},{"damage":12,"enemies":"Centurion and Healer","floor":22,"turns":4},{"damage":10,"enemies":"Sentry and Sphere","floor":25,"turns":4},{"damage":0,"enemies":"Chosen and Byrds","floor":27,"turns":5},{"damage":7,"enemies":"Centurion and Healer","floor":29,"turns":6},{"damage":22,"enemies":"Slavers","floor":30,"turns":4},{"damage":1,"enemies":"3 Cultists","floor":31,"turns":4},{"damage":36,"enemies":"Automaton","floor":33,"turns":6}],"seed_played":"-6395753491612444012","potions_obtained":[{"floor":1,"key":"Energy Potion"},{"floor":8,"key":"Dexterity Potion"},{"floor":16,"key":"Swift Potion"},{"floor":19,"key":"FearPotion"},{"floor":25,"key":"Ancient Potion"},{"floor":31,"key":"SkillPotion"}],"is_trial":false,"path_per_floor":["M","?","M","M","T","E","R","M","T","M","M","R","$","$","R","B",null,"M","M","$","?","M","R","?","M","T","M","?","M","E","M","R","B"],"character_chosen":"THE_SILENT","items_purchased":["Block Potion","Bouncing Flask","Apotheosis","Fire Potion"],"campfire_rested":5,"item_purchase_floors":[13,13,14,20],"current_hp_per_floor":[70,70,70,70,70,47,68,64,64,37,21,42,42,42,63,51,70,50,44,44,44,32,53,53,43,43,43,43,36,14,13,34,0],"gold":113,"neow_bonus":"THREE_ENEMY_KILL","is_prod":false,"is_daily":false,"chose_seed":false,"campfire_upgraded":0,"win_rate":0.0,"timestamp":1570228301,"path_taken":["M","?","M","M","?","E","R","M","T","M","M","R","?","$","R","BOSS","M","M","$","?","M","R","?","M","T","M","?","M","E","M","R","BOSS"],"build_version":"2019-07-17","purchased_purges":0,"victory":false,"max_hp_per_floor":[70,70,70,70,70,70,70,70,70,70,70,70,70,70,70,70,70,70,70,70,70,70,70,70,70,70,70,70,70,70,70,70,70],"card_choices":[{"not_picked":["Calculated Gamble","Eviscerate"],"picked":"Underhanded Strike","floor":1},{"not_picked":["Dodge and Roll","Backflip"],"picked":"Flying Knee","floor":3},{"not_picked":["Dodge and Roll","Deflect"],"picked":"Dagger Throw","floor":4},{"not_picked":["Flying Knee","Slice"],"picked":"Poisoned Stab","floor":6},{"not_picked":["Flying Knee","Prepared"],"picked":"Noxious Fumes","floor":8},{"not_picked":["Acrobatics","Flying Knee"],"picked":"Quick Slash","floor":10},{"not_picked":["Deflect","Predator"],"picked":"Caltrops","floor":11},{"not_picked":["Doppelganger","Night Terror"],"picked":"Phantasmal Killer","floor":16},{"not_picked":["Heel Hook","Dodge and Roll"],"picked":"PiercingWail","floor":18},{"not_picked":["Eviscerate","Reflex+1"],"picked":"Deflect","floor":19},{"not_picked":["Deflect","Quick Slash"],"picked":"Expertise","floor":22},{"not_picked":["Underhanded Strike","Night Terror"],"picked":"Prepared+1","floor":25},{"not_picked":["Slice","Underhanded Strike"],"picked":"Bouncing Flask","floor":27},{"not_picked":["Blur+1","Sucker Punch+1"],"picked":"Escape Plan+1","floor":29},{"not_picked":["Reflex","Poisoned Stab+1"],"picked":"Finisher+1","floor":30},{"not_picked":["Blur","Flying Knee"],"picked":"Tactician","floor":31}],"player_experience":60383,"relics_obtained":[{"floor":5,"key":"Bronze Scales"},{"floor":6,"key":"Darkstone Periapt"},{"floor":9,"key":"Ancient Tea Set"},{"floor":26,"key":"Bottled Tornado"},{"floor":30,"key":"Gremlin Horn"}],"event_choices":[{"damage_healed":0,"gold_gain":0,"player_choice":"Leave","damage_taken":0,"max_hp_gain":0,"max_hp_loss":0,"event_name":"The Cleric","floor":2,"gold_loss":0},{"damage_healed":0,"gold_gain":0,"player_choice":"Obtained Relic","damage_taken":0,"relics_obtained":["Ninja Scroll"],"max_hp_gain":0,"max_hp_loss":0,"event_name":"Addict","floor":21,"gold_loss":85},{"damage_healed":0,"gold_gain":0,"player_choice":"Ignored","damage_taken":0,"max_hp_gain":0,"max_hp_loss":0,"event_name":"Vampires","floor":24,"gold_loss":0},{"damage_healed":0,"gold_gain":0,"player_choice":"Ignored","damage_taken":0,"max_hp_gain":0,"max_hp_loss":0,"event_name":"Purifier","floor":28,"gold_loss":0}],"is_beta":false,"boss_relics":[{"not_picked":["White Beast Statue","Coffee Dripper"],"picked":"Fusion Hammer"}],"items_purged_floors":[],"is_endless":false,"potions_floor_spawned":[1,8,16,19,22,25,31],"killed_by":"Automaton","ascension_level":0}