{"gold_per_floor":[115,132,148,95,95,120,120,140,140,140],"floor_reached":10,"playtime":277,"items_purged":[],"score":112,"play_id":"d960e22e-5640-4e0e-a92d-1fdc18874ad6","local_time":"20190324013721","is_ascension_mode":true,"campfire_choices":[{"data":"Body Slam","floor":7,"key":"SMITH"}],"neow_cost":"NONE","seed_source_timestamp":857102575397561,"circlet_count":0,"master_deck":["AscendersBane","Strike_R","Strike_R","Strike_R","Strike_R","Strike_R","Defend_R","Defend_R","Defend_R","Defend_R","Bash","Perfected Strike","Armaments","True Grit","Body Slam+1","Perfected Strike","Headbutt","Shrug It Off"],"relics":["Burning Blood","Du-Vu Doll","Unceasing Top"],"potions_floor_usage":[6,10],"damage_taken":[{"damage":11,"enemies":"Cultist","floor":1,"turns":4},{"damage":10,"enemies":"Small Slimes","floor":2,"turns":3},{"damage":0,"enemies":"2 Louse","floor":3,"turns":2},{"damage":29,"enemies":"Gremlin Nob","floor":6,"turns":4},{"damage":19,"enemies":"Large Slime","floor":8,"turns":5},{"damage":27,"enemies":"Lagavulin","floor":10,"turns":5}],"seed_played":"-5442643144934488649","potions_obtained":[{"floor":3,"key":"Explosive Potion"},{"floor":8,"key":"Explosive Potion"}],"is_trial":false,"path_per_floor":["M","M","M","$","?","E","R","M","T","E"],"character_chosen":"IRONCLAD","items_purchased":["Perfected Strike"],"campfire_rested":0,"item_purchase_floors":[4],"current_hp_per_floor":[67,63,69,69,61,38,38,25,25,0],"gold":140,"neow_bonus":"THREE_CARDS","is_prod":false,"is_daily":false,"chose_seed":false,"campfire_upgraded":1,"win_rate":0,"timestamp":1553359041,"path_taken":["M","?","M","$","?","E","R","?","T","E"],"build_version":"2019-01-23","purchased_purges":0,"victory":false,"max_hp_per_floor":[80,80,80,80,80,80,80,80,80,80],"card_choices":[{"not_picked":["Havoc","Intimidate"],"picked":"Perfected Strike","floor":0},{"not_picked":["Thunderclap","Clothesline"],"picked":"Armaments","floor":1},{"not_picked":["Thunderclap","Clash"],"picked":"True Grit","floor":2},{"not_picked":["Fire Breathing","Limit Break"],"picked":"Body Slam","floor":3},{"not_picked":["Reckless Charge","Sword Boomerang"],"picked":"Headbutt","floor":6},{"not_picked":["Thunderclap","Bloodletting"],"picked":"Shrug It Off","floor":8}],"player_experience":606104,"relics_obtained":[{"floor":6,"key":"Du-Vu Doll"},{"floor":9,"key":"Unceasing Top"}],"event_choices":[{"damage_healed":0,"gold_gain":0,"player_choice":"Damaged","damage_taken":8,"max_hp_gain":0,"max_hp_loss":0,"event_name":"Wheel of Change","floor":5,"gold_loss":0}],"is_beta":false,"boss_relics":[],"items_purged_floors":[],"is_endless":false,"potions_floor_spawned":[3,8],"killed_by":"Lagavulin","ascension_level":13}