{"gold_per_floor":[115,115,132,209,209,209,209,253,276,276,290,106,127,27,27,126,126,145,70,70,84,0,0],"floor_reached":23,"playtime":4954,"items_purged":["Injury","Strike_B"],"score":346,"play_id":"cc2d8faf-12f7-40f2-992f-3def763c5d4d","local_time":"20190106152415","is_ascension_mode":true,"campfire_choices":[{"data":"Conserve Battery","floor":6,"key":"SMITH"},{"floor":10,"key":"REST"},{"data":"Cold Snap","floor":15,"key":"SMITH"}],"neow_cost":"NONE","seed_source_timestamp":1438180636544618,"circlet_count":0,"master_deck":["AscendersBane","Strike_B","Strike_B","Defend_B","Defend_B","Defend_B+1","Defend_B","Zap+1","Dualcast","Conserve Battery+1","Leap+1","Cold Snap+1","Capacitor","Coolheaded+1","Reboot+1","Cold Snap","RitualDagger","Self Repair","White Noise+1"],"relics":["Cracked Core","Potion Belt","Toxic Egg 2","Golden Idol","Bottled Lightning","Ancient Tea Set","Eternal Feather"],"potions_floor_usage":[23,23,23],"damage_taken":[{"damage":1,"enemies":"2 Louse","floor":1,"turns":2},{"damage":2,"enemies":"Jaw Worm","floor":3,"turns":3},{"damage":24,"enemies":"Lagavulin","floor":8,"turns":8},{"damage":7,"enemies":"Small Slimes","floor":11,"turns":4},{"damage":0,"enemies":"3 Louse","floor":13,"turns":4},{"damage":8,"enemies":"The Guardian","floor":16,"turns":16},{"damage":12,"enemies":"Shell Parasite","floor":18,"turns":11},{"damage":9,"enemies":"Chosen","floor":21,"turns":7},{"damage":35,"enemies":"Gremlin Leader","floor":23,"turns":5}],"seed_played":"-7770402781377047159","potions_obtained":[{"floor":1,"key":"PowerPotion"},{"floor":3,"key":"SpeedPotion"},{"floor":16,"key":"FocusPotion"}],"is_trial":false,"path_per_floor":["M","?","M","T","?","R","?","E","T","R","M","$","M","$","R","B",null,"M","?","?","M","$","E"],"character_chosen":"DEFECT","items_purchased":["Cold Snap","Capacitor","White Noise+1"],"campfire_rested":1,"item_purchase_floors":[12,12,22],"current_hp_per_floor":[63,42,40,40,40,40,40,16,16,37,30,30,30,30,30,22,59,47,47,41,32,32,0],"gold":0,"neow_bonus":"RANDOM_COMMON_RELIC","is_prod":false,"is_daily":false,"chose_seed":false,"campfire_upgraded":2,"win_rate":0,"timestamp":1546784655,"path_taken":["M","?","M","?","?","R","?","E","T","R","M","$","M","?","R","BOSS","M","?","?","M","$","E"],"build_version":"2019-01-03v4","purchased_purges":2,"victory":false,"max_hp_per_floor":[71,71,71,71,71,71,71,71,71,71,71,71,71,71,71,71,71,71,71,71,71,71,71],"card_choices":[{"not_picked":["Double Energy","Streamline","Sweeping Beam"],"picked":"SKIP","floor":1},{"not_picked":["Leap","Scrape"],"picked":"Conserve Battery","floor":3},{"not_picked":["Redo+1","Leap+1","Static Discharge"],"picked":"SKIP","floor":8},{"not_picked":["Redo+1","Static Discharge"],"picked":"Leap+1","floor":8},{"not_picked":["Compile Driver","Stack+1","Chaos+1"],"picked":"SKIP","floor":11},{"not_picked":["Sunder","Rebound"],"picked":"Coolheaded+1","floor":13},{"not_picked":["Amplify+1","Multi-Cast+1"],"picked":"Reboot+1","floor":16},{"not_picked":["Beam Cell","Fusion+1"],"picked":"Cold Snap","floor":18},{"not_picked":["Double Energy+1","Steam+1"],"picked":"Self Repair","floor":21}],"player_experience":470285,"relics_obtained":[{"floor":4,"key":"Toxic Egg 2"},{"floor":8,"key":"Bottled Lightning"},{"floor":9,"key":"Ancient Tea Set"}],"event_choices":[{"damage_healed":0,"gold_gain":0,"player_choice":"Entered Light","damage_taken":21,"max_hp_gain":0,"max_hp_loss":0,"event_name":"Shining Light","floor":2,"gold_loss":0,"cards_upgraded":["Zap","Defend_B"]},{"damage_healed":0,"gold_gain":0,"player_choice":"Take Wound","damage_taken":0,"relics_obtained":["Golden Idol"],"max_hp_gain":0,"max_hp_loss":0,"event_name":"Golden Idol","floor":5,"gold_loss":0,"cards_obtained":["Injury"]},{"damage_healed":0,"gold_gain":0,"player_choice":"Searched \u00270\u0027 times","damage_taken":0,"max_hp_gain":0,"max_hp_loss":0,"event_name":"Dead Adventurer","floor":7,"gold_loss":0},{"cards_removed":["Strike_B"],"damage_healed":0,"gold_gain":0,"player_choice":"Gave Gold","damage_taken":0,"max_hp_gain":0,"max_hp_loss":0,"event_name":"Beggar","floor":19,"gold_loss":75},{"damage_healed":0,"gold_gain":0,"player_choice":"Joined the Cult","damage_taken":6,"max_hp_gain":0,"max_hp_loss":0,"event_name":"Nest","floor":20,"gold_loss":0,"cards_obtained":["RitualDagger"]}],"is_beta":false,"boss_relics":[{"not_picked":["Snecko Eye","Runic Dome"],"picked":"Eternal Feather"}],"items_purged_floors":[12,14],"is_endless":false,"potions_floor_spawned":[1,3,16],"killed_by":"Gremlin Leader","ascension_level":17}