{"gold_per_floor":[116,116,132,156,106,106,147,147,172,187,187,212,212,113,113,237,237,255,269,293,318,6,6],"floor_reached":23,"playtime":1326,"items_purged":["Strike_R","Strike_R"],"score":247,"play_id":"4266b4d3-9edc-4ae1-b556-434592ab8c7e","local_time":"20190823165533","is_ascension_mode":true,"campfire_choices":[{"data":"Rampage","floor":6,"key":"SMITH"},{"data":"Burning Pact","floor":8,"key":"SMITH"},{"data":"Warcry","floor":13,"key":"SMITH"},{"data":"Shrug It Off","floor":15,"key":"SMITH"}],"neow_cost":"PERCENT_DAMAGE","seed_source_timestamp":3656515118852,"circlet_count":0,"master_deck":["Strike_R","Strike_R","Defend_R","Defend_R","Defend_R","Defend_R","Bash","Ghostly Armor","Rampage+1","Burning Pact+1","Warcry+1","Shrug It Off+1","Impervious","Seeing Red+1","Spot Weakness+1","Dual Wield"],"relics":["Burning Blood","Golden Idol","Bronze Scales","Strawberry","Regal Pillow","Runic Pyramid","Blood Vial"],"potions_floor_usage":[7,21,23,23],"damage_taken":[{"damage":6,"enemies":"Jaw Worm","floor":1,"turns":5},{"damage":8,"enemies":"2 Louse","floor":3,"turns":4},{"damage":6,"enemies":"Cultist","floor":4,"turns":4},{"damage":20,"enemies":"Gremlin Nob","floor":7,"turns":4},{"damage":11,"enemies":"Blue Slaver","floor":10,"turns":4},{"damage":9,"enemies":"2 Fungi Beasts","floor":12,"turns":4},{"damage":25,"enemies":"The Guardian","floor":16,"turns":13},{"damage":2,"enemies":"Chosen","floor":18,"turns":5},{"damage":6,"enemies":"Spheric Guardian","floor":19,"turns":4},{"damage":12,"enemies":"Shelled Parasite and Fungi","floor":20,"turns":8},{"damage":19,"enemies":"Cultist and Chosen","floor":21,"turns":7},{"damage":92,"enemies":"Book of Stabbing","floor":23,"turns":7}],"seed_played":"-6645721966735534558","potions_obtained":[{"floor":1,"key":"Weak Potion"},{"floor":3,"key":"Poison Potion"},{"floor":16,"key":"Regen Potion"},{"floor":18,"key":"Dexterity Potion"}],"is_trial":false,"path_per_floor":["M","?","M","M","?","R","E","R","T","M","?","M","R","$","R","B",null,"M","M","M","M","$","E"],"character_chosen":"IRONCLAD","items_purchased":["Shrug It Off","Dual Wield","Blood Vial"],"campfire_rested":0,"item_purchase_floors":[14,22,22],"current_hp_per_floor":[72,72,70,70,70,70,56,56,63,58,55,52,52,52,52,33,96,96,96,90,77,77,0],"gold":6,"neow_bonus":"TWENTY_PERCENT_HP_BONUS","is_prod":false,"is_daily":false,"chose_seed":false,"campfire_upgraded":4,"win_rate":0,"timestamp":1566572133,"path_taken":["M","?","M","M","?","R","E","R","T","M","?","M","R","?","R","BOSS","M","M","?","M","$","E"],"build_version":"2019-07-17","purchased_purges":2,"victory":false,"max_hp_per_floor":[96,89,89,89,89,89,89,89,96,96,96,96,96,96,96,96,96,96,96,96,96,96,96],"card_choices":[{"not_picked":["Armaments","Carnage"],"picked":"Ghostly Armor","floor":1},{"not_picked":["True Grit","Sword Boomerang"],"picked":"Rampage","floor":3},{"not_picked":["Flex","Thunderclap"],"picked":"Burning Pact","floor":4},{"not_picked":["Wild Strike","Thunderclap"],"picked":"Warcry","floor":7},{"not_picked":["Sword Boomerang","Entrench","Juggernaut"],"picked":"SKIP","floor":10},{"not_picked":["Sword Boomerang","Entrench","Juggernaut"],"picked":"SKIP","floor":10},{"not_picked":["Iron Wave","Havoc","Heavy Blade"],"picked":"SKIP","floor":12},{"not_picked":["Limit Break","Feed"],"picked":"Impervious","floor":16},{"not_picked":["Blood for Blood","Thunderclap"],"picked":"Seeing Red+1","floor":18},{"not_picked":["Pommel Strike","Body Slam","Iron Wave"],"picked":"SKIP","floor":19},{"not_picked":["Headbutt","Twin Strike"],"picked":"Spot Weakness+1","floor":20},{"not_picked":["Iron Wave","Havoc+1","Twin Strike"],"picked":"SKIP","floor":21}],"player_experience":232687,"relics_obtained":[{"floor":7,"key":"Bronze Scales"},{"floor":9,"key":"Strawberry"}],"event_choices":[{"damage_healed":0,"gold_gain":0,"player_choice":"Lose Max HP","damage_taken":0,"relics_obtained":["Golden Idol"],"max_hp_gain":0,"max_hp_loss":7,"event_name":"Golden Idol","floor":2,"gold_loss":0},{"cards_removed":["Strike_R"],"damage_healed":0,"gold_gain":0,"player_choice":"Card Removal","damage_taken":0,"max_hp_gain":0,"max_hp_loss":0,"event_name":"The Cleric","floor":5,"gold_loss":50},{"damage_healed":0,"gold_gain":0,"player_choice":"Success","damage_taken":3,"relics_obtained":["Regal Pillow"],"max_hp_gain":0,"max_hp_loss":0,"event_name":"Scrap Ooze","floor":11,"gold_loss":0}],"is_beta":false,"boss_relics":[{"not_picked":["Lizard Tail","Calling Bell"],"picked":"Runic Pyramid"}],"items_purged_floors":[14,22],"is_endless":false,"potions_floor_spawned":[1,3,16,18],"killed_by":"Book of Stabbing","ascension_level":3}