{"gold_per_floor":[115,132,12,12,29,29,29,39,64,93,110,129,129,143,143,243,243,256,272,291,152,169,169,94,94,94,94,94,107,107,121,121,121],"floor_reached":33,"playtime":2601,"items_purged":["Strike_B","Strike_B"],"score":251,"play_id":"24554ef9-888a-4e10-b0bf-d56231713502","local_time":"20181110022345","is_ascension_mode":false,"campfire_choices":[{"data":"Chaos","floor":6.0,"key":"SMITH"},{"data":"Fusion","floor":13.0,"key":"SMITH"},{"data":"Loop","floor":15.0,"key":"SMITH"},{"floor":23,"key":"REST"},{"floor":25,"key":"REST"},{"data":"Machine Learning","floor":28,"key":"SMITH"},{"floor":32,"key":"REST"}],"neow_cost":"","seed_source_timestamp":0,"circlet_count":0,"master_deck":["Defend_B","Defend_B","Defend_B","Defend_B","Zap","Dualcast","Chaos+1","Ball Lightning","Sweeping Beam","Coolheaded","Conserve Battery","Fusion+1","Steam","Barrage","Loop+1","Reboot","Sweeping Beam+1","Machine Learning","BootSequence","Storm","Machine Learning+1","Genetic Algorithm","Genetic Algorithm+1","Decay","Sweeping Beam+1","Force Field+1"],"special_seed":0,"relics":["Cracked Core","Pen Nib","Dream Catcher","PreservedInsect","Cursed Key","The Courier","MutagenicStrength"],"potions_floor_usage":[22],"damage_taken":[{"damage":1.0,"enemies":"Cultist","floor":1.0,"turns":3.0},{"damage":6.0,"enemies":"Small Slimes","floor":2.0,"turns":3.0},{"damage":2.0,"enemies":"2 Louse","floor":5.0,"turns":3.0},{"damage":0.0,"enemies":"Looter","floor":8.0,"turns":2.0},{"damage":23.0,"enemies":"Gremlin Nob","floor":10.0,"turns":4.0},{"damage":4.0,"enemies":"2 Fungi Beasts","floor":11.0,"turns":3.0},{"damage":9.0,"enemies":"3 Louse","floor":12.0,"turns":3.0},{"damage":0.0,"enemies":"Large Slime","floor":14.0,"turns":5.0},{"damage":23.0,"enemies":"Hexaghost","floor":16.0,"turns":10.0},{"damage":0,"enemies":"Chosen","floor":18,"turns":4},{"damage":30,"enemies":"2 Thieves","floor":19,"turns":4},{"damage":42,"enemies":"Snake Plant","floor":20,"turns":6},{"damage":0,"enemies":"Centurion and Healer","floor":22,"turns":4},{"damage":31,"enemies":"Cultist and Chosen","floor":29,"turns":8},{"damage":9,"enemies":"Snake Plant","floor":31,"turns":4},{"damage":42,"enemies":"Collector","floor":33,"turns":9}],"seed_played":"-2812987242718193307","potions_obtained":[{"floor":2.0,"key":"Dexterity Potion"},{"floor":5.0,"key":"LiquidBronze"},{"floor":14.0,"key":"FairyPotion"},{"floor":22,"key":"Dexterity Potion"}],"is_trial":false,"path_per_floor":["M","M","$","?","M","R","?","M","T","E","M","M","R","M","R","B",null,"M","M","M","$","M","R","?","R","T","?","R","M","?","M","R","B"],"character_chosen":"DEFECT","items_purchased":["Sweeping Beam","Storm"],"campfire_rested":3,"item_purchase_floors":[3,21],"current_hp_per_floor":[74,68,68,68,66,66,59,59,59,36,32,23,23,23,23,7,75,75,45,3,3,3,25,25,47,47,47,47,16,16,7,29,0],"gold":121,"neow_bonus":"","is_prod":false,"is_daily":false,"chose_seed":false,"campfire_upgraded":4,"win_rate":0.0,"timestamp":1541813025,"path_taken":["M","M","$","?","M","R","?","M","T","E","M","M","R","M","R","BOSS","M","M","M","$","M","R","?","R","T","?","R","M","?","M","R","BOSS"],"build_version":"2018-11-08","purchased_purges":2,"victory":false,"max_hp_per_floor":[75,75,75,75,75,75,75,75,75,75,75,75,75,75,75,75,75,75,75,75,75,75,75,75,75,75,75,75,75,75,75,75,75],"card_choices":[{"not_picked":["Redo","Compile Driver"],"picked":"Chaos","floor":1.0},{"not_picked":["Go for the Eyes","Stack"],"picked":"Ball Lightning","floor":2.0},{"not_picked":["Tempest","Gash"],"picked":"Coolheaded","floor":5.0},{"not_picked":["Redo","Stack"],"picked":"Conserve Battery","floor":8.0},{"not_picked":["Rip and Tear","Consume"],"picked":"Fusion","floor":10.0},{"not_picked":["Sweeping Beam","Consume"],"picked":"Steam","floor":11.0},{"not_picked":["Stack","Consume"],"picked":"Barrage","floor":12.0},{"not_picked":["Scrape","Steam Power"],"picked":"Loop","floor":14.0},{"not_picked":["Fission","Biased Cognition"],"picked":"Reboot","floor":16.0},{"not_picked":["Leap","Conserve Battery"],"picked":"Sweeping Beam+1","floor":18},{"not_picked":["Tempest","Gash+1"],"picked":"Machine Learning","floor":19},{"not_picked":["Cold Snap+1","Ball Lightning+1"],"picked":"BootSequence","floor":20},{"not_picked":["Gash","Streamline"],"picked":"Machine Learning","floor":22},{"not_picked":["Ball Lightning","Storm"],"picked":"Genetic Algorithm","floor":23},{"not_picked":["Redo","Stack"],"picked":"Genetic Algorithm+1","floor":25},{"not_picked":["Redo","Stack+1","All For One"],"picked":"SKIP","floor":29},{"not_picked":["Steam+1","Gash"],"picked":"Sweeping Beam+1","floor":31},{"not_picked":["Storm+1","Beam Cell"],"picked":"Force Field+1","floor":32}],"player_experience":266481,"relics_obtained":[{"floor":9.0,"key":"Dream Catcher"},{"floor":10.0,"key":"PreservedInsect"},{"floor":26,"key":"The Courier"}],"event_choices":[{"event_name":"Bonfire Elementals","player_choice":"BASIC","floor":4.0,"damage_taken":0.0},{"event_name":"Scrap Ooze","player_choice":"success","floor":7.0,"damage_taken":7.0},{"cards_removed":["Strike_B"],"damage_healed":0,"gold_gain":0,"player_choice":"Gave Gold","damage_taken":0,"max_hp_gain":0,"max_hp_loss":0,"event_name":"Beggar","floor":24,"gold_loss":75},{"damage_healed":0,"gold_gain":0,"player_choice":"Ignored","damage_taken":0,"max_hp_gain":0,"max_hp_loss":0,"event_name":"Vampires","floor":27,"gold_loss":0},{"damage_healed":0,"gold_gain":0,"player_choice":"Inject Mutagens","damage_taken":0,"relics_obtained":["MutagenicStrength"],"max_hp_gain":0,"max_hp_loss":0,"event_name":"Drug Dealer","floor":30,"gold_loss":0}],"is_beta":false,"boss_relics":[{"not_picked":["Calling Bell","Philosopher\u0027s Stone"],"picked":"Cursed Key"}],"items_purged_floors":[3,21],"is_endless":false,"potions_floor_spawned":[2,5,14,22],"killed_by":"Collector","ascension_level":0}