{"gold_per_floor":[110,39,57,72,72,72,72,84,161,161,186,186,206,234,234,335,335,352,364,382,6,22,22,38,38,38,65,65,78,97,23,23,127,127,138,238,238,253,268,268,299,299,373,720,738,748,768,296,296,296],"floor_reached":51,"playtime":3843,"items_purged":["Regret"],"score":786,"play_id":"a5fc7f10-2ba9-4064-b5ed-f9611efaaf8c","local_time":"20190728191049","is_ascension_mode":false,"campfire_choices":[{"data":"Offering","floor":6.0,"key":"SMITH"},{"data":"Bloodletting","floor":10.0,"key":"SMITH"},{"floor":12.0,"key":"REST"},{"data":"Demon Form","floor":15.0,"key":"SMITH"},{"floor":23.0,"key":"REST"},{"data":"Apotheosis","floor":25.0,"key":"SMITH"},{"floor":32.0,"key":"REST"},{"data":"Seeing Red","floor":40,"key":"SMITH"},{"data":"Flame Barrier","floor":42,"key":"SMITH"},{"data":"Offering","floor":49,"key":"SMITH"}],"neow_cost":"NONE","seed_source_timestamp":0,"circlet_count":0,"master_deck":["Strike_R+1","Strike_R+1","Strike_R+1","Strike_R+1","Strike_R+1","Defend_R+1","Defend_R+1","Defend_R+1","Defend_R+1","Bash","Rampage+1","Offering+1","Battle Trance","Bloodletting+1","Evolve","Headbutt","Demon Form+1","Offering+1","Cleave","Pommel Strike+1","Shrug It Off","Apotheosis+1","Power Through+1","Rampage","Clumsy","Intimidate","Seeing Red+1","Immolate","Heavy Blade+1","Iron Wave","Uppercut+1","Flame Barrier+1","Flex+1","Whirlwind+1","Corruption","Blood for Blood+1","Feel No Pain","Double Tap","Bandage Up"],"special_seed":0,"relics":["Burning Blood","Bag of Marbles","Lantern","Cursed Key","HandDrill","Question Card","Dead Branch","Eternal Feather","Mango","Art of War","Kunai","Old Coin","Bag of Preparation"],"potions_floor_usage":[38,39,41,46,50],"damage_taken":[{"damage":8.0,"enemies":"2 Louse","floor":1.0,"turns":3.0},{"damage":12.0,"enemies":"Jaw Worm","floor":3.0,"turns":2.0},{"damage":0.0,"enemies":"Small Slimes","floor":4.0,"turns":3.0},{"damage":22.0,"enemies":"Exordium Thugs","floor":8.0,"turns":4.0},{"damage":32.0,"enemies":"3 Sentries","floor":11.0,"turns":8.0},{"damage":0.0,"enemies":"3 Louse","floor":13.0,"turns":2.0},{"damage":9.0,"enemies":"Gremlin Nob","floor":14.0,"turns":2.0},{"damage":39.0,"enemies":"The Guardian","floor":16.0,"turns":7.0},{"damage":9.0,"enemies":"Chosen","floor":18.0,"turns":3.0},{"damage":9.0,"enemies":"Spheric Guardian","floor":19.0,"turns":3.0},{"damage":45.0,"enemies":"Shelled Parasite and Fungi","floor":20.0,"turns":6.0},{"damage":38.0,"enemies":"Centurion and Healer","floor":22.0,"turns":5.0},{"damage":6.0,"enemies":"3 Cultists","floor":24.0,"turns":3.0},{"damage":15.0,"enemies":"Gremlin Leader","floor":27.0,"turns":4.0},{"damage":6.0,"enemies":"Shelled Parasite and Fungi","floor":29.0,"turns":1.0},{"damage":13.0,"enemies":"Centurion and Healer","floor":30.0,"turns":4.0},{"damage":43.0,"enemies":"Champ","floor":33.0,"turns":8.0},{"damage":6.0,"enemies":"3 Shapes","floor":35.0,"turns":2.0},{"damage":36,"enemies":"Mind Bloom Boss Battle","floor":36,"turns":4},{"damage":25,"enemies":"3 Darklings","floor":38,"turns":4},{"damage":33,"enemies":"Spire Growth","floor":39,"turns":4},{"damage":17,"enemies":"Nemesis","floor":41,"turns":5},{"damage":21,"enemies":"2 Orb Walkers","floor":44,"turns":3},{"damage":9,"enemies":"Writhing Mass","floor":45,"turns":1},{"damage":15,"enemies":"Transient","floor":46,"turns":5},{"damage":0,"enemies":"Jaw Worm Horde","floor":47,"turns":1},{"damage":75,"enemies":"Time Eater","floor":50,"turns":9}],"seed_played":"8579405996655558895","potions_obtained":[{"floor":3.0,"key":"Dexterity Potion"},{"floor":4.0,"key":"LiquidBronze"},{"floor":11.0,"key":"Fire Potion"},{"floor":14.0,"key":"Poison Potion"},{"floor":19.0,"key":"Strength Potion"},{"floor":27.0,"key":"AttackPotion"},{"floor":29.0,"key":"BloodPotion"},{"floor":38,"key":"SteroidPotion"},{"floor":44,"key":"Swift Potion"},{"floor":46,"key":"SpeedPotion"}],"is_trial":false,"path_per_floor":["M","$","M","M","?","R","?","M","T","R","E","R","M","E","R","B",null,"M","M","M","$","M","R","M","R","T","E","?","M","M","$","R","B",null,"M","?","?","M","M","R","E","R","T","?","M","M","M","$","R","B",null],"character_chosen":"IRONCLAD","items_purchased":["Offering","Apotheosis","HandDrill","BloodPotion","Bag of Preparation","Double Tap","EssenceOfSteel","Bandage Up"],"campfire_rested":3,"item_purchase_floors":[2,21,21,31,48,48,48,48],"current_hp_per_floor":[86,86,80,86,86,86,86,70,70,70,44,70,76,73,73,40,88,85,82,43,43,11,37,37,37,37,28,28,28,21,21,47,10,88,88,72,72,78,76,94,83,101,101,86,83,74,80,80,101,38],"gold":296,"neow_bonus":"TEN_PERCENT_HP_BONUS","is_prod":false,"is_daily":false,"chose_seed":false,"campfire_upgraded":7,"win_rate":0,"timestamp":1564333849,"path_taken":["M","$","M","M","?","R","?","M","T","R","E","R","?","E","R","BOSS","M","M","M","$","M","R","M","R","T","E","?","M","M","?","R","BOSS","M","?","?","M","?","R","E","R","T","?","M","M","M","$","R","BOSS"],"build_version":"2019-07-17","purchased_purges":1,"victory":true,"max_hp_per_floor":[88,88,88,88,88,88,88,88,88,88,88,88,88,88,88,88,88,88,88,88,88,88,88,88,88,88,88,88,88,88,88,88,88,88,88,102,102,102,102,102,102,102,102,102,102,102,102,102,102,102],"card_choices":[{"not_picked":["Shrug It Off","Body Slam"],"picked":"Rampage","floor":1.0},{"not_picked":["True Grit","Spot Weakness"],"picked":"Battle Trance","floor":3.0},{"not_picked":["Havoc","Reckless Charge"],"picked":"Bloodletting","floor":4.0},{"not_picked":["Flex","Clash"],"picked":"Evolve","floor":8.0},{"not_picked":["Anger","Thunderclap"],"picked":"Headbutt","floor":11.0},{"not_picked":["Headbutt","Heavy Blade"],"picked":"Demon Form","floor":13.0},{"not_picked":["Carnage","Fire Breathing"],"picked":"Pommel Strike","floor":14.0},{"not_picked":["Feed","Bludgeon"],"picked":"Offering","floor":16.0},{"not_picked":["Iron Wave","Perfected Strike"],"picked":"Cleave","floor":18.0},{"not_picked":["Wild Strike","Perfected Strike"],"picked":"Pommel Strike+1","floor":19.0},{"not_picked":["Headbutt+1","Corruption"],"picked":"Shrug It Off","floor":20.0},{"not_picked":["Thunderclap+1","Brutality"],"picked":"Power Through+1","floor":22.0},{"not_picked":["Clothesline","Cleave+1"],"picked":"Rampage","floor":24.0},{"not_picked":["Cleave","Pommel Strike","Clash","Wild Strike+1"],"picked":"SKIP","floor":27.0},{"not_picked":["Clothesline","Pummel","Infernal Blade"],"picked":"Intimidate","floor":29.0},{"not_picked":["Heavy Blade","Wild Strike","Power Through"],"picked":"Seeing Red","floor":30.0},{"not_picked":["Exhume","Brutality","Barricade"],"picked":"Immolate","floor":33.0},{"not_picked":["Clothesline+1","Cleave","Clash+1"],"picked":"Heavy Blade+1","floor":35},{"not_picked":["Armaments","Clothesline+1","Twin Strike+1"],"picked":"Uppercut+1","floor":38},{"not_picked":["Dropkick","Exhume","Searing Blow+1"],"picked":"Flame Barrier","floor":39},{"not_picked":["Headbutt","Second Wind","Battle Trance"],"picked":"Flex+1","floor":41},{"not_picked":["Cleave","Anger","Clash+1"],"picked":"Whirlwind+1","floor":44},{"not_picked":["Iron Wave+1","Inflame+1","Flex"],"picked":"Corruption","floor":45},{"not_picked":["Sword Boomerang+1","Fire Breathing","Perfected Strike+1"],"picked":"Blood for Blood+1","floor":46},{"not_picked":["True Grit","Hemokinesis","Sword Boomerang+1"],"picked":"Feel No Pain","floor":47}],"player_experience":144489,"relics_obtained":[{"floor":11.0,"key":"Bag of Marbles"},{"floor":14.0,"key":"Lantern"},{"floor":26.0,"key":"Question Card"},{"floor":27.0,"key":"Dead Branch"},{"floor":36,"key":"Mango"},{"floor":41,"key":"Art of War"},{"floor":43,"key":"Kunai"},{"floor":44,"key":"Old Coin"}],"event_choices":[{"damage_healed":0.0,"max_hp_gain":0.0,"max_hp_loss":0.0,"gold_gain":0.0,"event_name":"Living Wall","player_choice":"Grow","floor":5.0,"gold_loss":0.0,"damage_taken":0.0,"cards_upgraded":["Rampage"]},{"damage_healed":0.0,"max_hp_gain":0.0,"max_hp_loss":0.0,"gold_gain":0.0,"event_name":"Liars Game","player_choice":"Ignored","floor":7.0,"gold_loss":0.0,"damage_taken":0.0},{"damage_healed":0.0,"max_hp_gain":0.0,"max_hp_loss":0.0,"gold_gain":0.0,"event_name":"Back to Basics","player_choice":"Simplicity","floor":28.0,"gold_loss":0.0,"damage_taken":0.0,"cards_upgraded":["Strike_R","Strike_R","Strike_R","Strike_R","Strike_R","Defend_R","Defend_R","Defend_R","Defend_R"]},{"damage_healed":0,"gold_gain":0,"player_choice":"Fight","damage_taken":0,"max_hp_gain":0,"max_hp_loss":0,"event_name":"MindBloom","floor":36,"gold_loss":0},{"cards_removed":["Pommel Strike"],"damage_healed":0,"gold_gain":0,"player_choice":"Took Card","damage_taken":0,"max_hp_gain":0,"max_hp_loss":0,"event_name":"NoteForYourself","floor":37,"gold_loss":0,"cards_obtained":["Iron Wave"]},{"damage_healed":0,"gold_gain":0,"player_choice":"Fight","damage_taken":0,"max_hp_gain":0,"max_hp_loss":0,"event_name":"Mysterious Sphere","floor":44,"gold_loss":0}],"is_beta":false,"boss_relics":[{"not_picked":["Velvet Choker","Astrolabe"],"picked":"Cursed Key"},{"not_picked":["Coffee Dripper","Empty Cage"],"picked":"Eternal Feather"}],"items_purged_floors":[48],"is_endless":false,"potions_floor_spawned":[3,4,11,14,19,27,29,35,38,44,46],"ascension_level":0}