{"gold_per_floor":[119,134,154,154,154,181,181,214,285,11,29,29,47,57,57,57],"floor_reached":16,"playtime":743,"items_purged":[],"score":224,"play_id":"2b9888b5-5d75-4ad8-ad67-ecc2c76433ee","local_time":"20191007233837","is_ascension_mode":true,"campfire_choices":[{"floor":7,"key":"REST"},{"floor":12,"key":"REST"},{"floor":15,"key":"REST"}],"neow_cost":"NONE","seed_source_timestamp":2168528166420099,"circlet_count":0,"master_deck":["AscendersBane","Strike_G","Strike_G","Strike_G","Strike_G","Strike_G","Defend_G","Defend_G","Defend_G","Defend_G","Defend_G+1","Survivor","Neutralize+1","Bouncing Flask","Dash","Wraith Form v2","Well Laid Plans","Cloak And Dagger+1","Blur+1","Caltrops"],"relics":["Ring of the Snake","NeowsBlessing","Calipers","Regal Pillow","Matryoshka","Toxic Egg 2"],"potions_floor_usage":[16,16],"damage_taken":[{"damage":0,"enemies":"Cultist","floor":1,"turns":1},{"damage":0,"enemies":"2 Louse","floor":2,"turns":1},{"damage":0,"enemies":"Jaw Worm","floor":3,"turns":1},{"damage":9,"enemies":"Gremlin Nob","floor":6,"turns":5},{"damage":35,"enemies":"3 Sentries","floor":8,"turns":13},{"damage":11,"enemies":"Large Slime","floor":11,"turns":9},{"damage":12,"enemies":"Exordium Thugs","floor":13,"turns":6},{"damage":2,"enemies":"3 Louse","floor":14,"turns":3},{"damage":68,"enemies":"Slime Boss","floor":16,"turns":14}],"seed_played":"7736825985439134577","potions_obtained":[{"floor":3,"key":"Weak Potion"},{"floor":6,"key":"SpeedPotion"},{"floor":8,"key":"Ancient Potion"},{"floor":11,"key":"SteroidPotion"}],"is_trial":false,"path_per_floor":["M","M","M","?","?","E","R","E","T","$","M","R","M","M","R","B"],"character_chosen":"THE_SILENT","items_purchased":["Toxic Egg 2"],"campfire_rested":3,"item_purchase_floors":[10],"current_hp_per_floor":[59,59,59,64,43,34,55,20,20,20,9,45,33,31,67,0],"gold":57,"neow_bonus":"THREE_ENEMY_KILL","is_prod":false,"is_daily":false,"chose_seed":false,"campfire_upgraded":0,"win_rate":0,"timestamp":1570516717,"path_taken":["M","M","?","?","?","E","R","E","T","?","M","R","M","M","R","BOSS"],"build_version":"2019-10-07","purchased_purges":0,"victory":false,"max_hp_per_floor":[66,66,66,71,71,71,71,71,71,71,71,71,71,71,71,71],"card_choices":[{"not_picked":["Outmaneuver","Underhanded Strike"],"picked":"Bouncing Flask","floor":1},{"not_picked":["PiercingWail","Accuracy"],"picked":"Dash","floor":2},{"not_picked":["Riddle With Holes","Dagger Spray"],"picked":"Wraith Form v2","floor":3},{"not_picked":["Bouncing Flask","Dodge and Roll"],"picked":"Well Laid Plans","floor":6},{"not_picked":["Concentrate","Sucker Punch","Blade Dance"],"picked":"SKIP","floor":8},{"not_picked":["Heel Hook","Calculated Gamble+1"],"picked":"Cloak And Dagger+1","floor":11},{"not_picked":["Acrobatics+1","Underhanded Strike"],"picked":"Blur+1","floor":13},{"not_picked":["Bouncing Flask+1","Dagger Throw"],"picked":"Caltrops","floor":14}],"player_experience":1543160,"relics_obtained":[{"floor":6,"key":"Calipers"},{"floor":8,"key":"Regal Pillow"},{"floor":9,"key":"Matryoshka"}],"event_choices":[{"damage_healed":0,"gold_gain":0,"player_choice":"Donut","damage_taken":0,"max_hp_gain":5,"max_hp_loss":0,"event_name":"Big Fish","floor":4,"gold_loss":0},{"damage_healed":0,"gold_gain":0,"player_choice":"Entered Light","damage_taken":21,"max_hp_gain":0,"max_hp_loss":0,"event_name":"Shining Light","floor":5,"gold_loss":0,"cards_upgraded":["Neutralize","Defend_G"]}],"is_beta":true,"boss_relics":[],"items_purged_floors":[],"is_endless":false,"potions_floor_spawned":[3,6,8,11,13],"killed_by":"Slime Boss","ascension_level":20}