{"gold_per_floor":[119,69,244,262,31,64,64,99,99,99,111,122,51,1,1,1],"floor_reached":16,"playtime":1264,"items_purged":["Doubt"],"score":108,"play_id":"c59ac779-9026-4d46-b70a-02083d73165e","local_time":"20190724032916","is_ascension_mode":false,"campfire_choices":[{"data":"Neutralize","floor":7,"key":"SMITH"},{"floor":10,"key":"REST"},{"floor":15,"key":"REST"}],"neow_cost":"CURSE","seed_source_timestamp":129422269349592,"circlet_count":0,"master_deck":["Strike_G","Strike_G","Strike_G","Strike_G","Strike_G","Defend_G","Defend_G","Defend_G","Defend_G","Defend_G","Survivor","Neutralize+1","Acrobatics","Expertise","Backstab","Footwork","PiercingWail+1","Cloak And Dagger+1","Leg Sweep+1","Quick Slash"],"relics":["Ring of the Snake","Incense Burner","Snake Skull","Kunai","Paper Crane","Toxic Egg 2"],"potions_floor_usage":[16],"damage_taken":[{"damage":2,"enemies":"Cultist","floor":1,"turns":4},{"damage":12,"enemies":"Jaw Worm","floor":4,"turns":6},{"damage":23,"enemies":"3 Sentries","floor":6,"turns":14},{"damage":28,"enemies":"Gremlin Nob","floor":8,"turns":7},{"damage":3,"enemies":"Small Slimes","floor":11,"turns":5},{"damage":0,"enemies":"Blue Slaver","floor":12,"turns":5},{"damage":44,"enemies":"Hexaghost","floor":16,"turns":22}],"seed_played":"476638182126693919","potions_obtained":[{"floor":6,"key":"SpeedPotion"},{"floor":12,"key":"AttackPotion"}],"is_trial":false,"path_per_floor":["M","?","?","M","$","E","R","E","T","R","M","M","$","$","R","B"],"character_chosen":"THE_SILENT","items_purchased":["Snake Skull","Leg Sweep+1","Quick Slash"],"campfire_rested":2,"item_purchase_floors":[5,13,14],"current_hp_per_floor":[68,68,68,56,56,33,33,5,5,26,23,23,23,23,44,0],"gold":1,"neow_bonus":"ONE_RARE_RELIC","is_prod":false,"is_daily":false,"chose_seed":false,"campfire_upgraded":1,"win_rate":0,"timestamp":1563931756,"path_taken":["M","?","?","M","$","E","R","E","T","R","M","M","?","$","R","BOSS"],"build_version":"2019-07-17","purchased_purges":1,"victory":false,"max_hp_per_floor":[70,70,70,70,70,70,70,70,70,70,70,70,70,70,70,70],"card_choices":[{"not_picked":["Deadly Poison","Crippling Poison"],"picked":"Acrobatics","floor":1},{"not_picked":["Accuracy","Prepared"],"picked":"Expertise","floor":4},{"not_picked":["Dash","Prepared"],"picked":"Backstab","floor":6},{"not_picked":["Endless Agony","Deflect"],"picked":"Footwork","floor":8},{"not_picked":["Underhanded Strike","Prepared+1"],"picked":"PiercingWail+1","floor":11},{"not_picked":["Blade Dance+1","Escape Plan+1"],"picked":"Cloak And Dagger+1","floor":12}],"player_experience":109090,"relics_obtained":[{"floor":6,"key":"Kunai"},{"floor":8,"key":"Paper Crane"},{"floor":9,"key":"Toxic Egg 2"}],"event_choices":[{"cards_removed":["Injury"],"damage_healed":0,"gold_gain":0,"player_choice":"Card Removal","damage_taken":0,"max_hp_gain":0,"max_hp_loss":0,"event_name":"The Cleric","floor":2,"gold_loss":50},{"damage_healed":0,"gold_gain":175,"player_choice":"AGREE","damage_taken":0,"max_hp_gain":0,"max_hp_loss":0,"event_name":"Liars Game","floor":3,"gold_loss":0,"cards_obtained":["Doubt"]}],"is_beta":false,"boss_relics":[],"items_purged_floors":[5],"is_endless":false,"potions_floor_spawned":[6,12],"killed_by":"Hexaghost","ascension_level":0}