{"gold_per_floor":[113,130,148,166,166,166,241,259,259,317,335,348,374,435,435,507,507,527,348,364,383,101,101,430,430,454,483,499,499,519,546,546,546],"floor_reached":33,"playtime":3112,"items_purged":["Strike_G","Strike_G"],"score":551,"play_id":"4192f693-0740-4823-b3ad-b0a1bc276175","local_time":"20181213213639","is_ascension_mode":true,"campfire_choices":[{"data":"Glass Knife","floor":6,"key":"SMITH"},{"floor":15,"key":"REST"},{"floor":23,"key":"REST"},{"data":"Footwork","floor":29,"key":"SMITH"},{"data":"Well Laid Plans","floor":32,"key":"SMITH"}],"neow_cost":"NONE","seed_source_timestamp":114697780233305,"circlet_count":0,"master_deck":["AscendersBane","Defend_G","Defend_G","Defend_G","Defend_G","Defend_G","Strike_G","Strike_G","Strike_G","Survivor","Neutralize+1","Cloak And Dagger","Well Laid Plans+1","Crippling Poison","Glass Knife+1","Backflip","PiercingWail","Dagger Spray","Footwork","Backstab","Acrobatics","Corpse Explosion","Footwork+1","Cloak And Dagger","Dodge and Roll","Tools of the Trade","Acrobatics","PiercingWail","PiercingWail","Calculated Gamble","Crippling Poison+1"],"relics":["Ring of the Snake","PreservedInsect","Tiny Chest","Pear","Strawberry","Velvet Choker","Old Coin","Orichalcum","Pantograph"],"potions_floor_usage":[10,10,13,16,27,33,33],"damage_taken":[{"damage":3,"enemies":"Small Slimes","floor":1,"turns":5},{"damage":0,"enemies":"Jaw Worm","floor":2,"turns":5},{"damage":0,"enemies":"2 Louse","floor":3,"turns":3},{"damage":2,"enemies":"Blue Slaver","floor":4,"turns":5},{"damage":4,"enemies":"Looter","floor":8,"turns":3},{"damage":13,"enemies":"Lagavulin","floor":10,"turns":6},{"damage":2,"enemies":"Lots of Slimes","floor":11,"turns":5},{"damage":3,"enemies":"Red Slaver","floor":12,"turns":3},{"damage":12,"enemies":"Gremlin Nob","floor":13,"turns":3},{"damage":5,"enemies":"Gremlin Nob","floor":14,"turns":3},{"damage":38,"enemies":"Hexaghost","floor":16,"turns":16},{"damage":15,"enemies":"Shell Parasite","floor":18,"turns":6},{"damage":10,"enemies":"Spheric Guardian","floor":20,"turns":6},{"damage":3,"enemies":"Centurion and Healer","floor":21,"turns":6},{"damage":5,"enemies":"Gremlin Leader","floor":24,"turns":6},{"damage":2,"enemies":"Book of Stabbing","floor":27,"turns":8},{"damage":21,"enemies":"Sentry and Sphere","floor":28,"turns":11},{"damage":2,"enemies":"3 Cultists","floor":30,"turns":4},{"damage":14,"enemies":"Gremlin Leader","floor":31,"turns":8},{"damage":66,"enemies":"Champ","floor":33,"turns":19}],"seed_played":"8025634769817228131","potions_obtained":[{"floor":2,"key":"Swift Potion"},{"floor":3,"key":"Energy Potion"},{"floor":12,"key":"PowerPotion"},{"floor":13,"key":"Energy Potion"},{"floor":14,"key":"AttackPotion"},{"floor":18,"key":"Block Potion"},{"floor":28,"key":"PowerPotion"}],"is_trial":false,"path_per_floor":["M","M","M","M","?","R","?","M","T","E","M","M","E","?","R","B",null,"M","$","M","M","$","R","E","?","T","E","M","R","M","E","R","B"],"character_chosen":"THE_SILENT","items_purchased":["Footwork","Cloak And Dagger","Tools of the Trade","Acrobatics"],"campfire_rested":2,"item_purchase_floors":[19,19,22,22],"current_hp_per_floor":[60,60,60,58,58,58,47,43,43,30,28,25,23,25,51,13,69,54,54,44,41,41,67,62,62,62,60,39,39,37,23,23,0],"gold":546,"neow_bonus":"UPGRADE_CARD","is_prod":false,"is_daily":false,"chose_seed":false,"campfire_upgraded":3,"win_rate":0,"timestamp":1544733399,"path_taken":["M","M","M","M","?","R","?","?","T","E","M","M","E","?","R","BOSS","M","$","M","M","$","R","E","?","T","E","M","R","M","E","R","BOSS"],"build_version":"2018-12-06","purchased_purges":2,"victory":false,"max_hp_per_floor":[70,70,70,70,70,70,70,70,70,70,70,70,80,87,87,87,87,87,87,87,87,87,87,87,87,87,87,87,87,87,87,87,87],"card_choices":[{"not_picked":["Deflect","Predator"],"picked":"Cloak And Dagger","floor":1},{"not_picked":["Flying Knee","Outmaneuver"],"picked":"Well Laid Plans","floor":2},{"not_picked":["Deflect","Catalyst"],"picked":"Crippling Poison","floor":3},{"not_picked":["Deadly Poison","Bane"],"picked":"Glass Knife","floor":4},{"not_picked":["Deadly Poison","Sucker Punch"],"picked":"Backflip","floor":8},{"not_picked":["Deadly Poison","Backflip"],"picked":"PiercingWail","floor":10},{"not_picked":["Quick Slash","Acrobatics"],"picked":"Dagger Spray","floor":11},{"not_picked":["Noxious Fumes","Slice"],"picked":"Footwork","floor":12},{"not_picked":["Accuracy","Cloak And Dagger"],"picked":"Backstab","floor":13},{"not_picked":["Concentrate","Noxious Fumes"],"picked":"Acrobatics","floor":14},{"not_picked":["Glass Knife","Bullet Time"],"picked":"Corpse Explosion","floor":16},{"not_picked":["Deflect","Blade Dance","Quick Slash"],"picked":"SKIP","floor":18},{"not_picked":["Poisoned Stab","Outmaneuver","Underhanded Strike"],"picked":"SKIP","floor":20},{"not_picked":["Dagger Throw","Slice"],"picked":"Dodge and Roll","floor":21},{"not_picked":["Slice+1","Night Terror"],"picked":"PiercingWail","floor":24},{"not_picked":["Dagger Throw","Flechettes"],"picked":"PiercingWail","floor":27},{"not_picked":["Bane+1","Flying Knee","Flechettes"],"picked":"SKIP","floor":28},{"not_picked":["Quick Slash","Riddle With Holes"],"picked":"Calculated Gamble","floor":30},{"not_picked":["A Thousand Cuts","Reflex"],"picked":"Crippling Poison+1","floor":31}],"player_experience":350549,"relics_obtained":[{"floor":9,"key":"PreservedInsect"},{"floor":10,"key":"Tiny Chest"},{"floor":13,"key":"Pear"},{"floor":14,"key":"Strawberry"},{"floor":24,"key":"Old Coin"},{"floor":27,"key":"Orichalcum"},{"floor":31,"key":"Pantograph"}],"event_choices":[{"damage_healed":0,"gold_gain":0,"player_choice":"Ignored","damage_taken":0,"max_hp_gain":0,"max_hp_loss":0,"event_name":"Liars Game","floor":5,"gold_loss":0},{"damage_healed":0,"gold_gain":75,"player_choice":"Gather Gold","damage_taken":11,"max_hp_gain":0,"max_hp_loss":0,"event_name":"World of Goop","floor":7,"gold_loss":0},{"damage_healed":0,"gold_gain":30,"player_choice":"Searched \u00272\u0027 times","damage_taken":0,"max_hp_gain":0,"max_hp_loss":0,"event_name":"Dead Adventurer","floor":14,"gold_loss":0},{"damage_healed":0,"gold_gain":0,"player_choice":"Ignored","damage_taken":0,"max_hp_gain":0,"max_hp_loss":0,"event_name":"Ghosts","floor":25,"gold_loss":0}],"is_beta":false,"boss_relics":[{"not_picked":["Pandora\u0027s Box","Snecko Eye"],"picked":"Velvet Choker"}],"items_purged_floors":[19,22],"is_endless":false,"potions_floor_spawned":[2,3,12,13,14,18,20,21,28],"killed_by":"Champ","ascension_level":13}