{"path_per_floor":["M","M","M","?","M","E","?","R","T","M","?","E","M","M","R","B",null,"M","?","$","?","M"],"character_chosen":"IRONCLAD","items_purchased":["Flash of Steel"],"gold_per_floor":[16,30,48,48,68,97,97,97,97,112,112,143,163,180,180,278,278,295,195,22,22,39],"floor_reached":23,"campfire_rested":0,"playtime":1924,"current_hp_per_floor":[69,71,66,66,58,42,42,42,42,23,43,34,38,45,45,44,80,52,52,52,52,57],"items_purged":["Strike_R"],"gold":39,"score":223,"play_id":"7a30160b-a527-4496-b8c9-2f0562a8ecd7","is_prod":false,"is_daily":false,"is_ascension_mode":true,"campfire_upgraded":2,"path_taken":["M","M","?","?","?","E","?","R","T","M","?","E","M","M","R","BOSS","M","?","$","?","M","E"],"build_version":"2018-02-12-PROD1","purchased_purges":1,"victory":false,"master_deck":["Strike_R","Strike_R","Defend_R","Defend_R","Defend_R","Defend_R","Bash","Heavy Blade+1","Shrug It Off","Shrug It Off","Spot Weakness","Madness+1","Flex","Inflame","Barricade","Parasite","Armaments+1","Heavy Blade","Double Tap","Limit Break","Sword Boomerang","J.A.X.","Flash of Steel","Headbutt","Shrug It Off"],"max_hp_per_floor":[80,80,80,80,80,80,80,80,80,80,80,80,80,80,80,80,80,80,80,80,80,80],"relics":["Burning Blood","Juzu Bracelet","Unceasing Top","Meat on the Bone","Sozu"],"card_choices":[{"not_picked":["Flex","Clash"],"picked":"Heavy Blade"},{"not_picked":["Second Wind","Twin Strike"],"picked":"Shrug It Off"},{"not_picked":["Cleave","Blood for Blood"],"picked":"Shrug It Off"},{"not_picked":["Clash","Cleave"],"picked":"Flex"},{"not_picked":["Combust","Twin Strike"],"picked":"Inflame"},{"not_picked":["True Grit","Wild Strike"],"picked":"Barricade"},{"not_picked":["Sever Soul","Feel No Pain"],"picked":"Armaments"},{"not_picked":["Perfected Strike","Thunderclap"],"picked":"Heavy Blade"},{"not_picked":["Cleave","Intimidate"],"picked":"Double Tap"},{"not_picked":["Juggernaut","Exhume"],"picked":"Limit Break"},{"not_picked":["Disarm","Clash"],"picked":"Sword Boomerang"},{"not_picked":["Hemokinesis","Iron Wave"],"picked":"Shrug It Off"}],"player_experience":135105,"potions_floor_usage":[],"damage_taken":[{"damage":17.0,"enemies":"Blue Slaver","floor":1.0,"turns":6.0},{"damage":4.0,"enemies":"Jaw Worm","floor":2.0,"turns":5.0},{"damage":11.0,"enemies":"2 Louse","floor":3.0,"turns":3.0},{"damage":14.0,"enemies":"Large Slime","floor":5.0,"turns":9.0},{"damage":22.0,"enemies":"Gremlin Nob","floor":6.0,"turns":4.0},{"damage":25.0,"enemies":"Exordium Thugs","floor":10.0,"turns":5.0},{"damage":15.0,"enemies":"Lagavulin","floor":12.0,"turns":8.0},{"damage":14.0,"enemies":"3 Louse","floor":13.0,"turns":6.0},{"damage":11.0,"enemies":"Looter","floor":14.0,"turns":2.0},{"damage":19.0,"enemies":"Hexaghost","floor":16.0,"turns":8.0},{"damage":46,"enemies":"3 Byrds","floor":18,"turns":6},{"damage":13,"enemies":"Shell Parasite","floor":22,"turns":3},{"damage":69,"enemies":"Gremlin Leader","floor":23,"turns":6}],"event_choices":[{"event_name":"Match and Keep!","player_choice":"2 cards matched","floor":4.0,"damage_taken":0.0},{"event_name":"Accursed Blacksmith","player_choice":"Forge","floor":7.0,"damage_taken":0.0},{"event_name":"Mushrooms","player_choice":"Healed and dodged fight","floor":11.0,"damage_taken":0.0},{"event_name":"Drug Dealer","player_choice":"Got JAXXED","floor":19,"damage_taken":0},{"event_name":"The Library","player_choice":"Read","floor":21,"damage_taken":0}],"boss_relics":[],"potions_floor_spawned":[10,12,13,14],"seed_played":"-2887329740629284946","killed_by":"Gremlin Leader","ascension_level":2,"is_trial":false}