{"gold_per_floor":[116,127,138,153,165,165,195,195,220,97,129,129,52,79,79,178,178,190,7,17,17,34,53,53,53,105,105],"floor_reached":27,"playtime":1830,"items_purged":["Strike_R","Strike_R"],"score":326,"play_id":"8d8b7585-1817-4a74-a410-7ea3d142c87d","local_time":"20191004211247","is_ascension_mode":true,"campfire_choices":[{"data":"Bash","floor":6.0,"key":"SMITH"},{"data":"Pommel Strike","floor":8.0,"key":"SMITH"},{"data":"Inflame","floor":12.0,"key":"SMITH"},{"data":"Dual Wield","floor":15.0,"key":"SMITH"}],"neow_cost":"NONE","seed_source_timestamp":508677623775721,"circlet_count":0,"master_deck":["Strike_R","Strike_R","Defend_R","Defend_R","Defend_R","Defend_R","Bash+1","Reaper","Dual Wield+1","Inflame+1","Sword Boomerang","Pommel Strike+1","Shrug It Off","Disarm","Shrug It Off","Limit Break","Metallicize","Whirlwind","Necronomicurse"],"special_seed":0,"relics":["Burning Blood","PreservedInsect","Dream Catcher","Bronze Scales","Smiling Mask","Eternal Feather","Necronomicon","Potion Belt"],"potions_floor_usage":[27],"damage_taken":[{"damage":1.0,"enemies":"Small Slimes","floor":1.0,"turns":5.0},{"damage":18.0,"enemies":"Jaw Worm","floor":2.0,"turns":6.0},{"damage":7.0,"enemies":"2 Louse","floor":3.0,"turns":4.0},{"damage":12.0,"enemies":"2 Fungi Beasts","floor":4.0,"turns":5.0},{"damage":36.0,"enemies":"Exordium Thugs","floor":5.0,"turns":7.0},{"damage":30.0,"enemies":"Lagavulin","floor":7.0,"turns":7.0},{"damage":15.0,"enemies":"3 Sentries","floor":11.0,"turns":4.0},{"damage":16.0,"enemies":"Gremlin Nob","floor":14.0,"turns":3.0},{"damage":39.0,"enemies":"Hexaghost","floor":16.0,"turns":12.0},{"damage":20.0,"enemies":"3 Byrds","floor":18.0,"turns":4.0},{"damage":12.0,"enemies":"Chosen","floor":20.0,"turns":6.0},{"damage":42.0,"enemies":"Centurion and Healer","floor":22.0,"turns":9.0},{"damage":24.0,"enemies":"Snake Plant","floor":23.0,"turns":6.0},{"damage":20,"enemies":"Slavers","floor":27,"turns":2}],"seed_played":"-4345697967373545868","potions_obtained":[{"floor":1.0,"key":"Fire Potion"},{"floor":2.0,"key":"SpeedPotion"},{"floor":3.0,"key":"BloodPotion"},{"floor":16.0,"key":"Ancient Potion"},{"floor":22.0,"key":"SpeedPotion"}],"is_trial":false,"path_per_floor":["M","M","M","M","M","R","E","R","T","$","E","R","$","E","R","B",null,"M","$","M","?","M","M","?","?","T","E"],"character_chosen":"IRONCLAD","items_purchased":["Shrug It Off","Disarm","Whirlwind","Fruit Juice"],"campfire_rested":0,"item_purchase_floors":[10,13,19,19],"current_hp_per_floor":[80,68,71,77,73,73,49,49,49,49,58,58,58,63,63,40,70,60,65,66,66,50,48,32,16,16,0],"gold":105,"neow_bonus":"ONE_RANDOM_RARE_CARD","is_prod":false,"is_daily":false,"chose_seed":false,"campfire_upgraded":4,"win_rate":0,"timestamp":1570216367,"path_taken":["M","M","M","M","M","R","E","R","T","$","E","R","$","E","R","BOSS","M","$","M","?","M","M","?","?","T","E"],"build_version":"2019-07-17","purchased_purges":2,"victory":false,"max_hp_per_floor":[80,80,80,80,80,80,80,80,80,80,80,80,80,80,80,80,80,80,85,85,85,85,85,90,90,90,90],"card_choices":[{"not_picked":["Armaments","Evolve"],"picked":"Dual Wield","floor":1.0},{"not_picked":["Clash","Headbutt","Warcry"],"picked":"SKIP","floor":2.0},{"not_picked":["Cleave","Clash"],"picked":"Inflame","floor":3.0},{"not_picked":["Headbutt","Wild Strike"],"picked":"Sword Boomerang","floor":4.0},{"not_picked":["Headbutt","Evolve"],"picked":"Pommel Strike","floor":5.0},{"not_picked":["Barricade","Wild Strike","Armaments"],"picked":"SKIP","floor":7.0},{"not_picked":["Rampage","Headbutt","Sword Boomerang"],"picked":"SKIP","floor":11.0},{"not_picked":["Headbutt","Cleave"],"picked":"Shrug It Off","floor":14.0},{"not_picked":["Juggernaut","Offering"],"picked":"Limit Break","floor":16.0},{"not_picked":["Hemokinesis","Evolve"],"picked":"Metallicize","floor":18.0},{"not_picked":["Perfected Strike","Hemokinesis","Corruption+1"],"picked":"SKIP","floor":20.0},{"not_picked":["Power Through+1","Rupture","Pommel Strike"],"picked":"SKIP","floor":22.0},{"not_picked":["Corruption","Havoc","Twin Strike"],"picked":"SKIP","floor":23.0}],"player_experience":343537,"relics_obtained":[{"floor":7.0,"key":"PreservedInsect"},{"floor":9.0,"key":"Dream Catcher"},{"floor":11.0,"key":"Bronze Scales"},{"floor":14.0,"key":"Smiling Mask"},{"floor":25.0,"key":"Necronomicon"},{"floor":26.0,"key":"Potion Belt"}],"event_choices":[{"cards_removed":["Strike_R"],"damage_healed":0.0,"max_hp_gain":0.0,"max_hp_loss":0.0,"gold_gain":0.0,"event_name":"Back to Basics","player_choice":"Elegance","floor":21.0,"gold_loss":0.0,"damage_taken":0.0},{"damage_healed":0.0,"max_hp_gain":5.0,"max_hp_loss":0.0,"gold_gain":0.0,"event_name":"Forgotten Altar","player_choice":"Shed Blood","floor":24.0,"gold_loss":0.0,"damage_taken":21.0},{"damage_healed":0.0,"max_hp_gain":0.0,"max_hp_loss":0.0,"gold_gain":0.0,"event_name":"Cursed Tome","player_choice":"Obtained Book","floor":25.0,"gold_loss":0.0,"damage_taken":16.0}],"is_beta":false,"boss_relics":[{"not_picked":["Black Star","Lizard Tail"],"picked":"Eternal Feather"}],"items_purged_floors":[10,19],"is_endless":false,"potions_floor_spawned":[1,2,3,16,22],"killed_by":"Slavers","ascension_level":8}