{"gold_per_floor":[109,34,45,62,62,62,74,149,173,210,222,262,274,305,317,329],"floor_reached":16,"playtime":828,"items_purged":["Defend_R"],"score":116,"play_id":"892269b3-db74-4b2f-8709-01669df13e7c","local_time":"20190204172032","is_ascension_mode":true,"campfire_choices":[{"data":"Whirlwind","floor":6,"key":"SMITH"},{"data":"Feel No Pain","floor":13,"key":"SMITH"},{"data":"True Grit","floor":15,"key":"SMITH"}],"neow_cost":"NONE","seed_source_timestamp":250356940360384,"circlet_count":0,"master_deck":["Strike_R","Strike_R","Strike_R","Strike_R","Defend_R","Defend_R","Defend_R","Bash","Whirlwind+1","Impervious","Headbutt","Feel No Pain+1","True Grit+1"],"relics":["Burning Blood","Dream Catcher","MawBank","Centennial Puzzle","Strawberry"],"potions_floor_usage":[12,12],"damage_taken":[{"damage":12,"enemies":"Small Slimes","floor":1,"turns":5},{"damage":1,"enemies":"Cultist","floor":3,"turns":3},{"damage":0,"enemies":"2 Louse","floor":4,"turns":1},{"damage":12,"enemies":"Blue Slaver","floor":7,"turns":3},{"damage":31,"enemies":"Gremlin Nob","floor":10,"turns":5},{"damage":32,"enemies":"Lagavulin","floor":12,"turns":7},{"damage":18,"enemies":"Exordium Thugs","floor":14,"turns":4},{"damage":13,"enemies":"The Guardian","floor":16,"turns":12}],"seed_played":"8205005490464750036","potions_obtained":[{"floor":1,"key":"BloodPotion"},{"floor":3,"key":"SpeedPotion"}],"is_trial":false,"path_per_floor":["M","$","M","M","?","R","M","?","T","E","$","E","R","M","R","B"],"character_chosen":"IRONCLAD","items_purchased":[],"campfire_rested":0,"item_purchase_floors":[],"current_hp_per_floor":[74,74,79,80,73,73,67,56,56,31,31,20,20,8,8,0],"gold":329,"neow_bonus":"RANDOM_COMMON_RELIC","is_prod":false,"is_daily":false,"chose_seed":false,"campfire_upgraded":3,"win_rate":0,"timestamp":1549297232,"path_taken":["M","$","M","M","?","R","M","?","T","E","$","E","R","M","R","BOSS"],"build_version":"2019-01-23","purchased_purges":1,"victory":false,"max_hp_per_floor":[80,80,80,80,80,80,80,80,80,80,80,87,87,87,87,87],"card_choices":[{"not_picked":["Power Through","Wild Strike"],"picked":"Whirlwind","floor":1},{"not_picked":["Evolve","Wild Strike","Clash"],"picked":"SKIP","floor":3},{"not_picked":["Twin Strike","Warcry","Sentinel"],"picked":"SKIP","floor":4},{"not_picked":["Reckless Charge","Sword Boomerang"],"picked":"Impervious","floor":7},{"not_picked":["Burning Pact","Perfected Strike"],"picked":"Headbutt","floor":10},{"not_picked":["Body Slam","Pummel"],"picked":"Feel No Pain","floor":12},{"not_picked":["Body Slam","Havoc"],"picked":"True Grit","floor":14}],"player_experience":594239,"relics_obtained":[{"floor":9,"key":"MawBank"},{"floor":10,"key":"Centennial Puzzle"},{"floor":12,"key":"Strawberry"}],"event_choices":[{"cards_removed":["Strike_R"],"damage_healed":0,"gold_gain":0,"player_choice":"Card Removal","damage_taken":7,"max_hp_gain":0,"max_hp_loss":0,"event_name":"Golden Wing","floor":5,"gold_loss":0},{"damage_healed":0,"gold_gain":75,"player_choice":"Gather Gold","damage_taken":11,"max_hp_gain":0,"max_hp_loss":0,"event_name":"World of Goop","floor":8,"gold_loss":0}],"is_beta":false,"boss_relics":[],"items_purged_floors":[2],"is_endless":false,"potions_floor_spawned":[1,3],"killed_by":"The Guardian","ascension_level":1}