{"path_per_floor":["M","?","?","M","M","R","M","E","T","$","M"],"character_chosen":"IRONCLAD","items_purchased":["Whirlwind"],"gold_per_floor":[118,118,118,134,157,157,173,246,270,115,129,84],"floor_reached":12,"campfire_rested":0,"playtime":507,"current_hp_per_floor":[80,60,44,45,46,46,44,19,19,19,28,0],"items_purged":["Strike_R"],"gold":84,"score":100,"play_id":"59ab2dd1-f0f7-431b-b9b4-abbe9ba86176","local_time":"20180522143739","is_prod":false,"is_daily":false,"chose_seed":false,"is_ascension_mode":true,"campfire_upgraded":1,"timestamp":1526992659,"campfire_choices":[{"data":"Flex","floor":6,"key":"SMITH"}],"path_taken":["M","?","?","M","M","R","M","E","T","$","?","M"],"build_version":"2018-05-17","seed_source_timestamp":614583075575961,"purchased_purges":1,"victory":false,"master_deck":["Strike_R","Strike_R","Strike_R","Strike_R","Defend_R","Defend_R","Defend_R+1","Defend_R","Bash+1","Flex+1","Thunderclap","Whirlwind"],"max_hp_per_floor":[80,80,80,82,84,84,86,86,86,86,88,88],"relics":["Burning Blood","Singing Bowl","Golden Idol","Tiny Chest","Blood Vial"],"card_choices":[{"not_picked":["Hemokinesis","Headbutt"],"picked":"Flex","floor":1},{"not_picked":["Clash","Heavy Blade","Armaments"],"picked":"Singing Bowl","floor":4},{"not_picked":["Heavy Blade","Shrug It Off","Twin Strike"],"picked":"Singing Bowl","floor":5},{"not_picked":["Sever Soul","Spot Weakness","Heavy Blade"],"picked":"Singing Bowl","floor":7},{"not_picked":["Combust","Bludgeon"],"picked":"Thunderclap","floor":8},{"not_picked":["Corruption","Entrench","Carnage"],"picked":"Singing Bowl","floor":11}],"player_experience":246131,"potions_floor_usage":[11,12],"damage_taken":[{"damage":5,"enemies":"Small Slimes","floor":1,"turns":4},{"damage":7,"enemies":"Jaw Worm","floor":4,"turns":3},{"damage":7,"enemies":"2 Louse","floor":5,"turns":3},{"damage":10,"enemies":"Red Slaver","floor":7,"turns":3},{"damage":31,"enemies":"3 Sentries","floor":8,"turns":11},{"damage":1,"enemies":"Blue Slaver","floor":11,"turns":3},{"damage":32,"enemies":"Exordium Thugs","floor":12,"turns":3}],"relics_obtained":[{"floor":8,"key":"Tiny Chest"},{"floor":9,"key":"Blood Vial"}],"event_choices":[{"event_name":"Golden Idol","player_choice":"Take Damage","floor":2,"damage_taken":0},{"event_name":"Shining Light","player_choice":"Entered Light","floor":3,"damage_taken":0}],"boss_relics":[],"potions_floor_spawned":[1,5],"seed_played":"1584274089405401690","killed_by":"Exordium Thugs","ascension_level":5,"potions_obtained":[{"floor":1,"key":"Block Potion"},{"floor":5,"key":"Poison Potion"}],"is_trial":false}