{"gold_per_floor":[111,35,48,65,83,108,108,128,155,155,155,155,171,190,190,268,268,287,301,85,97,97,97,97],"floor_reached":24,"playtime":2238,"items_purged":[],"score":370,"play_id":"93cb66c1-e087-4de3-aa78-ee5b0ca1be35","local_time":"20190201203526","is_ascension_mode":true,"campfire_choices":[{"floor":7.0,"key":"REST"},{"floor":10.0,"key":"REST"},{"data":"Dash","floor":12.0,"key":"SMITH"},{"data":"Dash","floor":15.0,"key":"SMITH"},{"data":"Night Terror","floor":23.0,"key":"SMITH"}],"neow_cost":"NONE","seed_source_timestamp":59715738063600,"circlet_count":0,"master_deck":["AscendersBane","Defend_G","Defend_G","Defend_G","Defend_G","Defend_G","Strike_G","Strike_G","Strike_G","Strike_G","Strike_G","Survivor","Neutralize","Blade Dance","Dash+1","Caltrops+1","Well Laid Plans","Terror","Sucker Punch","Dash+1","Night Terror+1","Cloak And Dagger"],"special_seed":0,"relics":["Ring of the Snake","Ancient Tea Set","Happy Flower","Busted Crown","MealTicket"],"potions_floor_usage":[],"damage_taken":[{"damage":1.0,"enemies":"Cultist","floor":1.0,"turns":5.0},{"damage":2.0,"enemies":"Small Slimes","floor":3.0,"turns":5.0},{"damage":2.0,"enemies":"Jaw Worm","floor":4.0,"turns":4.0},{"damage":7.0,"enemies":"Large Slime","floor":5.0,"turns":8.0},{"damage":47.0,"enemies":"Gremlin Nob","floor":6.0,"turns":5.0},{"damage":0.0,"enemies":"2 Fungi Beasts","floor":8.0,"turns":4.0},{"damage":6.0,"enemies":"Exordium Thugs","floor":13.0,"turns":4.0},{"damage":2.0,"enemies":"Red Slaver","floor":14.0,"turns":3.0},{"damage":20.0,"enemies":"Hexaghost","floor":16.0,"turns":9.0},{"damage":0.0,"enemies":"3 Byrds","floor":18.0,"turns":3.0},{"damage":4.0,"enemies":"Spheric Guardian","floor":19.0,"turns":4.0},{"damage":8.0,"enemies":"Chosen and Byrds","floor":21.0,"turns":6.0},{"damage":62,"enemies":"Gremlin Leader","floor":24,"turns":9}],"seed_played":"5344216532468468432","potions_obtained":[{"floor":3.0,"key":"GamblersBrew"},{"floor":6.0,"key":"Dexterity Potion"}],"is_trial":false,"path_per_floor":["M","$","M","M","M","E","R","M","T","R","?","R","M","M","R","B",null,"M","M","$","M","$","R","E"],"character_chosen":"THE_SILENT","items_purchased":["Dash","MealTicket"],"campfire_rested":2,"item_purchase_floors":[2,20],"current_hp_per_floor":[64,64,62,60,53,6,27,27,27,48,48,48,42,40,40,20,59,59,55,55,47,62,62,0],"gold":97,"neow_bonus":"TEN_PERCENT_HP_BONUS","is_prod":false,"is_daily":false,"chose_seed":false,"campfire_upgraded":3,"win_rate":0,"timestamp":1549046126,"path_taken":["M","?","M","M","?","E","R","M","T","R","?","R","?","M","R","BOSS","M","?","$","M","$","R","E"],"build_version":"2019-01-23","purchased_purges":0,"victory":false,"max_hp_per_floor":[72,72,72,72,72,72,72,72,72,72,72,72,72,72,72,72,72,72,72,72,72,72,72,72],"card_choices":[{"not_picked":["Setup","Outmaneuver"],"picked":"Blade Dance","floor":1.0},{"not_picked":["Masterful Stab","Deflect"],"picked":"Caltrops","floor":3.0},{"not_picked":["Deadly Poison","Outmaneuver"],"picked":"Well Laid Plans","floor":4.0},{"not_picked":["Blade Dance","Deflect"],"picked":"Terror","floor":5.0},{"not_picked":["Slice","Setup"],"picked":"Sucker Punch","floor":6.0},{"not_picked":["Deadly Poison","Underhanded Strike","Bane"],"picked":"SKIP","floor":8.0},{"not_picked":["Outmaneuver","Flying Knee","Slice"],"picked":"SKIP","floor":13.0},{"not_picked":["Malaise","Sucker Punch"],"picked":"Dash","floor":14.0},{"not_picked":["Glass Knife","Envenom"],"picked":"Night Terror","floor":16.0},{"not_picked":["Terror"],"picked":"SKIP","floor":18.0},{"not_picked":["Eviscerate"],"picked":"SKIP","floor":19.0},{"not_picked":[],"picked":"Cloak And Dagger","floor":21.0}],"player_experience":325310,"relics_obtained":[{"floor":6.0,"key":"Ancient Tea Set"},{"floor":9.0,"key":"Happy Flower"}],"event_choices":[{"damage_healed":0.0,"max_hp_gain":0.0,"max_hp_loss":0.0,"gold_gain":0.0,"event_name":"Upgrade Shrine","player_choice":"Upgraded","floor":11.0,"gold_loss":0.0,"damage_taken":0.0,"cards_upgraded":["Caltrops"]}],"is_beta":false,"boss_relics":[{"not_picked":["Fusion Hammer","WristBlade"],"picked":"Busted Crown"}],"items_purged_floors":[],"is_endless":false,"potions_floor_spawned":[3,6,8,13],"killed_by":"Gremlin Leader","ascension_level":17}