{"gold_per_floor":[114,114,114,35,55,87,87,122,147,147,147,147,475,493,493,595,595,612,627,627,646,657,657,682,682,736,770,458,474,34,86,86,186,186,203,222,222,239,24,24,56,76,76,102,102,121,121,134,134,134,134,134,32,61,61],"floor_reached":55,"playtime":5762,"items_purged":["Strike_R","Strike_R","Strike_R"],"score":1264,"play_id":"186ea83c-4ee1-4f5d-a876-9a943573a775","local_time":"20190205021857","is_ascension_mode":true,"campfire_choices":[{"data":"Corruption","floor":7,"key":"SMITH"},{"floor":10,"key":"REST"},{"data":"Uppercut","floor":12,"key":"SMITH"},{"data":"Bash","floor":15,"key":"SMITH"},{"data":"Demon Form","floor":23,"key":"SMITH"},{"data":"Fire Breathing","floor":25,"key":"SMITH"},{"floor":32,"key":"REST"},{"floor":40,"key":"RECALL"},{"data":"Double Tap","floor":45,"key":"SMITH"},{"data":"Heavy Blade","floor":47,"key":"SMITH"},{"floor":49,"key":"REST"},{"data":"Clothesline","floor":52,"key":"SMITH"}],"neow_cost":"NONE","seed_source_timestamp":1375788150305237,"circlet_count":0,"master_deck":["AscendersBane","Strike_R+1","Defend_R+1","Defend_R+1","Defend_R+1","Defend_R","Bash+1","Clothesline+1","Corruption+1","Uppercut+1","Fiend Fire","Feel No Pain","Demon Form+1","Whirlwind+1","Clash+1","Fire Breathing+1","Exhume","Spot Weakness","Flame Barrier","Feed","Armaments","Clothesline+1","Flame Barrier","Fire Breathing+1","Spot Weakness","Double Tap+1","Heavy Blade+1","Pummel+1","Reaper"],"relics":["Burning Blood","NeowsBlessing","War Paint","Pocketwatch","Smiling Mask","Old Coin","Snecko Eye","Mummified Hand","Dream Catcher","Frozen Egg 2","Self Forming Clay","Membership Card","Singing Bowl","Tiny Chest","Mark of Pain","Pantograph","Gremlin Horn","Nunchaku","Meat on the Bone","Medical Kit","Bottled Tornado"],"potions_floor_usage":[14,14,24,38,44,55],"damage_taken":[{"damage":0,"enemies":"Jaw Worm","floor":1,"turns":1},{"damage":0,"enemies":"Small Slimes","floor":5,"turns":2},{"damage":0,"enemies":"3 Sentries","floor":6,"turns":2},{"damage":26,"enemies":"Gremlin Nob","floor":8,"turns":6},{"damage":2,"enemies":"Lagavulin","floor":13,"turns":6},{"damage":0,"enemies":"2 Louse","floor":14,"turns":1},{"damage":34,"enemies":"Slime Boss","floor":16,"turns":11},{"damage":14,"enemies":"Shell Parasite","floor":18,"turns":4},{"damage":0,"enemies":"3 Byrds","floor":19,"turns":3},{"damage":12,"enemies":"Centurion and Healer","floor":21,"turns":4},{"damage":2,"enemies":"Snecko","floor":22,"turns":4},{"damage":2,"enemies":"Gremlin Leader","floor":24,"turns":5},{"damage":48,"enemies":"Slavers","floor":27,"turns":6},{"damage":0,"enemies":"Cultist and Chosen","floor":29,"turns":4},{"damage":7,"enemies":"Champ","floor":33,"turns":7},{"damage":3,"enemies":"3 Darklings","floor":35,"turns":4},{"damage":9,"enemies":"3 Shapes","floor":36,"turns":6},{"damage":10,"enemies":"Writhing Mass","floor":38,"turns":5},{"damage":10,"enemies":"Reptomancer","floor":41,"turns":5},{"damage":0,"enemies":"Maw","floor":42,"turns":6},{"damage":19,"enemies":"Giant Head","floor":44,"turns":7},{"damage":16,"enemies":"4 Shapes","floor":46,"turns":2},{"damage":12,"enemies":"Sphere and 2 Shapes","floor":48,"turns":4},{"damage":64,"enemies":"Donu and Deca","floor":50,"turns":6},{"damage":77,"enemies":"Shield and Spear","floor":54,"turns":6},{"damage":61,"enemies":"The Heart","floor":55,"turns":3}],"seed_played":"-8067463934594188423","potions_obtained":[{"floor":1,"key":"Fire Potion"},{"floor":8,"key":"SteroidPotion"},{"floor":14,"key":"Explosive Potion"},{"floor":16,"key":"SpeedPotion"},{"floor":22,"key":"LiquidBronze"},{"floor":41,"key":"AttackPotion"},{"floor":48,"key":"SpeedPotion"}],"is_trial":false,"path_per_floor":["M","$","?","$","M","E","R","E","T","R","?","R","E","M","R","B",null,"M","M","?","M","M","R","E","R","T","E","$","M","$","T","R","B",null,"M","M","?","M","$","R","E","M","T","E","R","M","R","M","R","B",null,"R","$","E","B"],"character_chosen":"IRONCLAD","items_purchased":["Corruption","Self Forming Clay","Membership Card","Singing Bowl","Spot Weakness","Tiny Chest","Pantograph","Flame Barrier","Medical Kit"],"campfire_rested":3,"item_purchase_floors":[4,28,30,30,30,30,39,39,53],"current_hp_per_floor":[78,78,62,62,68,74,74,54,54,78,83,83,85,85,85,57,78,70,76,76,70,74,74,78,78,78,36,36,42,42,42,67,66,80,83,85,85,81,81,81,77,83,83,73,73,63,63,59,87,49,84,84,84,25,0],"gold":61,"neow_bonus":"THREE_ENEMY_KILL","is_prod":false,"is_daily":false,"chose_seed":false,"campfire_upgraded":8,"win_rate":0,"timestamp":1549351137,"path_taken":["M","$","?","$","M","E","R","E","T","R","?","R","E","M","R","BOSS","M","M","?","?","M","R","E","R","T","E","$","M","$","?","R","BOSS","M","?","?","M","$","R","E","M","T","E","R","M","R","?","R","BOSS","R","$","E","BOSS"],"build_version":"2019-01-23","purchased_purges":3,"victory":false,"max_hp_per_floor":[80,80,80,80,80,80,80,80,80,80,85,85,85,85,85,85,85,85,85,85,85,85,85,85,85,85,85,85,85,85,85,85,85,85,85,90,90,90,90,90,90,90,90,93,93,93,93,95,95,95,95,95,95,95,95],"card_choices":[{"not_picked":["Whirlwind","Pommel Strike"],"picked":"Clothesline","floor":1},{"not_picked":["Thunderclap","Perfected Strike"],"picked":"Uppercut","floor":5},{"not_picked":["True Grit","Fire Breathing"],"picked":"Fiend Fire","floor":6},{"not_picked":["True Grit","Berserk","Sword Boomerang"],"picked":"SKIP","floor":8},{"not_picked":["Carnage","Uppercut","Rupture"],"picked":"SKIP","floor":13},{"not_picked":["Dual Wield","Clothesline"],"picked":"Feel No Pain","floor":14},{"not_picked":["Juggernaut","Impervious"],"picked":"Demon Form","floor":16},{"not_picked":["Dual Wield+1","Perfected Strike+1"],"picked":"Whirlwind+1","floor":18},{"not_picked":["Blood for Blood+1","Flex"],"picked":"Clash+1","floor":19},{"not_picked":["Body Slam","Power Through","Burning Pact"],"picked":"SKIP","floor":21},{"not_picked":["Fire Breathing","Flex+1","True Grit"],"picked":"SKIP","floor":22},{"not_picked":["Wild Strike","Clothesline"],"picked":"Fire Breathing","floor":24},{"not_picked":["Pommel Strike","Disarm"],"picked":"Exhume","floor":27},{"not_picked":["Thunderclap","Sword Boomerang","Ghostly Armor"],"picked":"SKIP","floor":29},{"not_picked":["Twin Strike","Second Wind"],"picked":"Flame Barrier","floor":32},{"not_picked":["Brutality+1","Impervious"],"picked":"Feed","floor":33},{"not_picked":["Perfected Strike+1","Hemokinesis+1"],"picked":"Armaments","floor":35},{"not_picked":["Body Slam","Wild Strike","Flex+1"],"picked":"Singing Bowl","floor":36},{"not_picked":["Infernal Blade","Pummel+1"],"picked":"Clothesline+1","floor":38},{"not_picked":["Shrug It Off","True Grit+1"],"picked":"Fire Breathing+1","floor":41},{"not_picked":["Hemokinesis","Dropkick"],"picked":"Spot Weakness","floor":42},{"not_picked":["Ghostly Armor","Cleave+1"],"picked":"Double Tap","floor":44},{"not_picked":["Havoc+1","Pommel Strike"],"picked":"Heavy Blade","floor":46},{"not_picked":["Evolve+1","Blood for Blood","Clash+1"],"picked":"Singing Bowl","floor":48},{"not_picked":["Wild Strike+1","Sever Soul+1"],"picked":"Pummel+1","floor":49},{"not_picked":["Infernal Blade","Perfected Strike"],"picked":"Reaper","floor":54}],"player_experience":1111895,"relics_obtained":[{"floor":6,"key":"War Paint"},{"floor":8,"key":"Pocketwatch"},{"floor":9,"key":"Smiling Mask"},{"floor":13,"key":"Old Coin"},{"floor":24,"key":"Mummified Hand"},{"floor":26,"key":"Dream Catcher"},{"floor":27,"key":"Frozen Egg 2"},{"floor":41,"key":"Gremlin Horn"},{"floor":43,"key":"Nunchaku"},{"floor":44,"key":"Meat on the Bone"},{"floor":54,"key":"Bottled Tornado"}],"event_choices":[{"damage_healed":0,"gold_gain":0,"player_choice":"Entered Light","damage_taken":16,"max_hp_gain":0,"max_hp_loss":0,"event_name":"Shining Light","floor":3,"gold_loss":0,"cards_upgraded":["Defend_R","Strike_R"]},{"damage_healed":0,"gold_gain":0,"player_choice":"Donut","damage_taken":0,"max_hp_gain":5,"max_hp_loss":0,"event_name":"Big Fish","floor":11,"gold_loss":0},{"cards_removed":["Strike_R"],"damage_healed":0,"gold_gain":0,"player_choice":"Purged","damage_taken":0,"max_hp_gain":0,"max_hp_loss":0,"event_name":"Purifier","floor":20,"gold_loss":0},{"damage_healed":0,"gold_gain":0,"player_choice":"0 cards matched","damage_taken":0,"max_hp_gain":0,"max_hp_loss":0,"event_name":"Match and Keep!","floor":37,"gold_loss":0,"cards_obtained":[]}],"is_beta":false,"boss_relics":[{"not_picked":["Empty Cage","Cursed Key"],"picked":"Snecko Eye"},{"not_picked":["Tiny House","Fusion Hammer"],"picked":"Mark of Pain"}],"items_purged_floors":[28,30,39],"is_endless":false,"potions_floor_spawned":[1,8,14,16,21,22,41,48],"killed_by":"The Heart","ascension_level":11}