{"gold_per_floor":[213,226,79,96,115,115,126,160,213,246,246,246,256,275,275,275],"floor_reached":16,"playtime":716,"items_purged":[],"score":160,"play_id":"31daaa88-7f32-4f29-b9f3-5690dcf5164a","local_time":"20181202115502","is_ascension_mode":true,"campfire_choices":[{"data":"Entrench","floor":6.0,"key":"SMITH"},{"floor":11.0,"key":"REST"},{"data":"Body Slam","floor":15.0,"key":"SMITH"}],"neow_cost":"NONE","seed_source_timestamp":1586629174315,"circlet_count":0,"master_deck":["Strike_R","Strike_R","Strike_R","Strike_R","Strike_R","Defend_R","Defend_R","Defend_R","Defend_R","Bash","Shrug It Off","Metallicize","Entrench+1","Cleave","Pommel Strike+1","Battle Trance","Body Slam+1"],"special_seed":0,"relics":["Burning Blood","Sundial","Centennial Puzzle","Dodecahedron"],"potions_floor_usage":[16,16],"damage_taken":[{"damage":8.0,"enemies":"Jaw Worm","floor":1.0,"turns":6.0},{"damage":0.0,"enemies":"Small Slimes","floor":2.0,"turns":3.0},{"damage":8.0,"enemies":"Cultist","floor":4.0,"turns":5.0},{"damage":15.0,"enemies":"Large Slime","floor":5.0,"turns":11.0},{"damage":2.0,"enemies":"3 Louse","floor":7.0,"turns":3.0},{"damage":35.0,"enemies":"Lagavulin","floor":8.0,"turns":7.0},{"damage":3.0,"enemies":"3 Sentries","floor":10.0,"turns":9.0},{"damage":10.0,"enemies":"Blue Slaver","floor":13.0,"turns":4.0},{"damage":3.0,"enemies":"Looter","floor":14.0,"turns":4.0},{"damage":80,"enemies":"Hexaghost","floor":16,"turns":14}],"seed_played":"5147229553876034278","potions_obtained":[{"floor":2.0,"key":"Dexterity Potion"},{"floor":4.0,"key":"FairyPotion"},{"floor":5.0,"key":"Strength Potion"},{"floor":10.0,"key":"Poison Potion"},{"floor":14.0,"key":"EssenceOfSteel"}],"is_trial":false,"path_per_floor":["M","M","$","M","M","R","M","E","T","E","R","?","M","M","R","B"],"character_chosen":"IRONCLAD","items_purchased":["Metallicize","Entrench"],"campfire_rested":1,"item_purchase_floors":[3,3],"current_hp_per_floor":[70,76,76,74,65,65,69,40,40,43,67,67,63,66,66,0],"gold":275,"neow_bonus":"HUNDRED_GOLD","is_prod":false,"is_daily":false,"chose_seed":false,"campfire_upgraded":2,"win_rate":0,"timestamp":1543748102,"path_taken":["M","M","$","M","M","R","M","E","T","E","R","?","M","M","R","BOSS"],"build_version":"2018-11-15","purchased_purges":0,"victory":false,"max_hp_per_floor":[80,80,80,80,80,80,80,80,80,80,80,80,80,80,80,80],"card_choices":[{"not_picked":["Thunderclap","Sentinel","Clash"],"picked":"SKIP","floor":1.0},{"not_picked":["Armaments","Warcry"],"picked":"Shrug It Off","floor":2.0},{"not_picked":["Flex","Clash","Thunderclap"],"picked":"SKIP","floor":4.0},{"not_picked":["Flex","Warcry"],"picked":"Cleave","floor":5.0},{"not_picked":["Bloodletting","Sword Boomerang"],"picked":"Pommel Strike","floor":7.0},{"not_picked":["Seeing Red","Entrench"],"picked":"Battle Trance","floor":8.0},{"not_picked":["Flex","Sword Boomerang","Wild Strike"],"picked":"SKIP","floor":10.0},{"not_picked":["Uppercut","Thunderclap","Intimidate"],"picked":"SKIP","floor":13.0},{"not_picked":["Ghostly Armor","Warcry"],"picked":"Body Slam","floor":14.0}],"player_experience":488230,"relics_obtained":[{"floor":8.0,"key":"Sundial"},{"floor":9.0,"key":"Centennial Puzzle"},{"floor":10.0,"key":"Dodecahedron"}],"event_choices":[{"damage_healed":0.0,"max_hp_gain":0.0,"max_hp_loss":0.0,"gold_gain":0.0,"event_name":"Living Wall","player_choice":"Grow","floor":12.0,"gold_loss":0.0,"damage_taken":0.0,"cards_upgraded":["Pommel Strike"]}],"is_beta":false,"boss_relics":[],"items_purged_floors":[],"is_endless":false,"potions_floor_spawned":[2,4,5,10,14],"killed_by":"Hexaghost","ascension_level":8}