{"gold_per_floor":[117,135,62,72,90,90,115,128,205,205,155,32,50,69,69,172,172,184,184,201,211,77,77,92,127,127,127,127,127,145,60,60,60],"floor_reached":33,"playtime":1523,"items_purged":["Strike_B","Strike_B","Strike_B","Strike_B"],"score":309,"play_id":"4b4cf33e-8669-41a7-8cbe-27e65d2f2076","local_time":"20181024011638","is_ascension_mode":true,"campfire_choices":[{"data":"Darkness","floor":6,"key":"SMITH"},{"data":"Sunder","floor":10,"key":"SMITH"},{"floor":15,"key":"REST"},{"floor":23,"key":"REST"},{"floor":27,"key":"REST"},{"data":"Defragment","floor":29,"key":"SMITH"},{"floor":32,"key":"REST"}],"neow_cost":"NONE","seed_source_timestamp":1201296382516163,"circlet_count":0,"master_deck":["Defend_B","Defend_B","Defend_B","Defend_B","Zap","Dualcast","Go for the Eyes","Doom and Gloom","Gash","Go for the Eyes","Darkness+1","Sunder+1","Defragment+1","Electrodynamics","Thunder Strike","Redo","Ball Lightning","Defragment","Redo","Loop"],"relics":["Cracked Core","Smiling Mask","Meat on the Bone","Singing Bowl","Inserter","Calipers","Bottled Flame","Juzu Bracelet"],"potions_floor_usage":[16,21,25,25,33],"damage_taken":[{"damage":1,"enemies":"Cultist","floor":1,"turns":4},{"damage":2,"enemies":"Jaw Worm","floor":2,"turns":4},{"damage":6,"enemies":"2 Louse","floor":4,"turns":2},{"damage":1,"enemies":"Looter","floor":5,"turns":3},{"damage":30,"enemies":"Lagavulin","floor":7,"turns":6},{"damage":0,"enemies":"2 Fungi Beasts","floor":8,"turns":2},{"damage":9,"enemies":"Blue Slaver","floor":13,"turns":2},{"damage":5,"enemies":"Exordium Wildlife","floor":14,"turns":3},{"damage":42,"enemies":"The Guardian","floor":16,"turns":9},{"damage":26,"enemies":"2 Thieves","floor":18,"turns":3},{"damage":21,"enemies":"Colosseum Slavers","floor":19,"turns":3},{"damage":28,"enemies":"Shell Parasite","floor":20,"turns":6},{"damage":36,"enemies":"Shelled Parasite and Fungi","floor":21,"turns":5},{"damage":32,"enemies":"Snake Plant","floor":24,"turns":4},{"damage":17,"enemies":"Gremlin Leader","floor":25,"turns":6},{"damage":12,"enemies":"Centurion and Healer","floor":30,"turns":5},{"damage":78,"enemies":"Champ","floor":33,"turns":8}],"seed_played":"-1503456860180222849","potions_obtained":[{"floor":1,"key":"Regen Potion"},{"floor":4,"key":"Regen Potion"},{"floor":7,"key":"Strength Potion"},{"floor":14,"key":"AttackPotion"},{"floor":20,"key":"FearPotion"},{"floor":25,"key":"Fire Potion"}],"is_trial":false,"path_per_floor":["M","M","$","M","M","R","E","M","T","R","$","$","M","M","R","B",null,"M","?","M","M","$","R","M","E","T","R","$","R","M","?","R"],"character_chosen":"DEFECT","items_purchased":["Gash","Defragment","Defragment","Redo"],"campfire_rested":4,"item_purchase_floors":[3,12,22,22],"current_hp_per_floor":[74,72,72,66,65,65,35,47,47,47,47,47,38,47,70,40,77,51,42,28,18,18,41,23,20,20,44,44,44,44,44,68,0],"gold":60,"neow_bonus":"RANDOM_COMMON_RELIC","is_prod":false,"is_daily":false,"chose_seed":false,"campfire_upgraded":3,"win_rate":0,"timestamp":1540358198,"path_taken":["M","M","$","M","?","R","E","M","T","R","?","$","M","M","R","BOSS","M","?","M","M","$","R","M","E","T","R","$","R","M","?","R","BOSS"],"build_version":"2018-10-18","purchased_purges":4,"victory":false,"max_hp_per_floor":[75,75,75,75,75,75,75,75,75,75,75,75,75,77,77,77,77,77,77,79,79,79,79,81,83,83,83,83,83,83,83,83,83],"card_choices":[{"not_picked":["Reprogram","Double Energy"],"picked":"Go for the Eyes","floor":1},{"not_picked":["Aggregate","Steam"],"picked":"Doom and Gloom","floor":2},{"not_picked":["Chill","Streamline"],"picked":"Go for the Eyes","floor":4},{"not_picked":["Stack","Chill"],"picked":"Darkness","floor":5},{"not_picked":["Leap","Conserve Battery"],"picked":"Sunder","floor":7},{"not_picked":["Cold Snap","White Noise","Fusion"],"picked":"SKIP","floor":8},{"not_picked":["Conserve Battery","Coolheaded"],"picked":"Electrodynamics","floor":13},{"not_picked":["Compile Driver","Sunder","Glacier"],"picked":"Singing Bowl","floor":14},{"not_picked":["Electrodynamics","Core Surge"],"picked":"Thunder Strike","floor":16},{"not_picked":["Compile Driver","Beam Cell"],"picked":"Redo","floor":18},{"not_picked":["Compile Driver","Cold Snap","Steam"],"picked":"Singing Bowl","floor":20},{"not_picked":["Go for the Eyes+1","Cold Snap"],"picked":"Ball Lightning","floor":21},{"not_picked":["Beam Cell","Streamline","Rebound+1"],"picked":"Singing Bowl","floor":24},{"not_picked":["Rip and Tear+1","Streamline","Rebound"],"picked":"Singing Bowl","floor":25},{"not_picked":["Barrage","Hologram"],"picked":"Loop","floor":30}],"player_experience":676246,"relics_obtained":[{"floor":7,"key":"Meat on the Bone"},{"floor":9,"key":"Singing Bowl"},{"floor":25,"key":"Calipers"},{"floor":26,"key":"Bottled Flame"}],"event_choices":[{"damage_healed":0,"gold_gain":0,"player_choice":"Fight","damage_taken":0,"max_hp_gain":0,"max_hp_loss":0,"event_name":"Colosseum","floor":19,"gold_loss":0},{"damage_healed":0,"gold_gain":0,"player_choice":"Fled From Nobs","damage_taken":0,"max_hp_gain":0,"max_hp_loss":0,"event_name":"Colosseum","floor":19,"gold_loss":0},{"damage_healed":0,"gold_gain":0,"player_choice":"Obtained Relic","damage_taken":0,"relics_obtained":["Juzu Bracelet"],"max_hp_gain":0,"max_hp_loss":0,"event_name":"Addict","floor":31,"gold_loss":85}],"is_beta":false,"boss_relics":[{"not_picked":["Nuclear Battery","Philosopher\u0027s Stone"],"picked":"Inserter"}],"items_purged_floors":[3,11,12,22],"is_endless":false,"potions_floor_spawned":[1,4,7,14,19,20,25],"killed_by":"Champ","ascension_level":3}