{"gold_per_floor":[112,62,62,62,74,74,88,88,111,129,0,10,10,21,21,120,120,138,138,13,32,43,43,43,43,43,59,77,37,52,52],"floor_reached":31,"playtime":1246,"items_purged":["Strike_B","Strike_B"],"score":254,"play_id":"875b8847-0cb2-48c9-abb2-66bfa0ed8bc3","local_time":"20190115212113","is_ascension_mode":false,"campfire_choices":[{"data":"Doom and Gloom","floor":6,"key":"SMITH"},{"data":"Sunder","floor":8,"key":"SMITH"},{"data":"Redo","floor":13,"key":"SMITH"},{"data":"Loop","floor":15,"key":"SMITH"},{"data":"Hologram","floor":23,"key":"SMITH"},{"data":"Doom and Gloom","floor":25,"key":"SMITH"}],"neow_cost":"CURSE","seed_source_timestamp":575616064426438,"circlet_count":0,"master_deck":["Strike_B","Defend_B","Defend_B","Defend_B","Defend_B","Zap","Dualcast","Doom and Gloom+1","Stack","Sunder+1","Doom and Gloom+1","Redo+1","Barrage","Loop+1","Machine Learning","Auto Shields","Hologram+1","Reinforced Body","BootSequence","Leap+1","Hologram+1","Darkness+1"],"relics":["Cracked Core","Centennial Puzzle","White Beast Statue","Nloth\u0027s Gift","Bottled Tornado"],"potions_floor_usage":[27,31],"damage_taken":[{"damage":0,"enemies":"2 Louse","floor":1,"turns":3},{"damage":1,"enemies":"Jaw Worm","floor":5,"turns":3},{"damage":1,"enemies":"Cultist","floor":7,"turns":3},{"damage":7,"enemies":"Blue Slaver","floor":10,"turns":2},{"damage":8,"enemies":"Red Slaver","floor":12,"turns":3},{"damage":0,"enemies":"2 Fungi Beasts","floor":14,"turns":1},{"damage":25,"enemies":"Slime Boss","floor":16,"turns":6},{"damage":14,"enemies":"Shell Parasite","floor":18,"turns":4},{"damage":27,"enemies":"3 Byrds","floor":21,"turns":4},{"damage":15,"enemies":"Snecko","floor":22,"turns":4},{"damage":11,"enemies":"Centurion and Healer","floor":27,"turns":5},{"damage":15,"enemies":"Snake Plant","floor":28,"turns":4},{"damage":0,"enemies":"Cultist and Chosen","floor":30,"turns":4},{"damage":13,"enemies":"Sentry and Sphere","floor":31,"turns":3}],"seed_played":"-7767331487785081488","potions_obtained":[{"floor":1,"key":"Poison Potion"},{"floor":5,"key":"SneckoOil"},{"floor":16,"key":"LiquidBronze"},{"floor":18,"key":"SteroidPotion"},{"floor":21,"key":"Fruit Juice"},{"floor":27,"key":"Energy Potion"}],"is_trial":false,"path_per_floor":["M","?","$","?","M","R","M","R","T","M","$","M","R","M","R","B",null,"M","?","$","M","M","R","?","R","T","M","M","?","M","M"],"character_chosen":"DEFECT","items_purchased":["Redo","Hologram"],"campfire_rested":0,"item_purchase_floors":[11,20],"current_hp_per_floor":[89,89,89,89,88,88,87,87,87,80,80,72,72,72,72,47,89,75,75,75,48,33,33,33,33,33,27,12,12,12,0],"gold":52,"neow_bonus":"ONE_RARE_RELIC","is_prod":false,"is_daily":false,"chose_seed":false,"campfire_upgraded":6,"win_rate":0,"timestamp":1547605273,"path_taken":["M","?","$","?","M","R","M","R","T","M","$","M","R","M","R","BOSS","M","?","$","?","M","R","?","R","T","?","M","?","?","M"],"build_version":"2019-01-10","purchased_purges":2,"victory":false,"max_hp_per_floor":[89,89,89,89,89,89,89,89,89,89,89,89,89,89,89,89,89,89,89,89,89,89,89,89,89,89,94,94,94,94,94],"card_choices":[{"not_picked":["Turbo","Rebound"],"picked":"Doom and Gloom","floor":1},{"not_picked":["Cold Snap","Rebound"],"picked":"Stack","floor":5},{"not_picked":["Leap","Cold Snap"],"picked":"Sunder","floor":7},{"not_picked":["BootSequence","Steam"],"picked":"Doom and Gloom","floor":10},{"not_picked":["Reprogram","Stack"],"picked":"Barrage","floor":12},{"not_picked":["Compile Driver","Steam Power"],"picked":"Loop","floor":14},{"not_picked":["Thunder Strike","Creative AI"],"picked":"Machine Learning","floor":16},{"not_picked":["Barrage+1","Compile Driver"],"picked":"Auto Shields","floor":18},{"not_picked":["Chill","Steam"],"picked":"Reinforced Body","floor":21},{"not_picked":["Turbo","Skim"],"picked":"BootSequence","floor":22},{"not_picked":["Streamline","Gash+1"],"picked":"Leap","floor":27},{"not_picked":["Sweeping Beam","FTL"],"picked":"Hologram+1","floor":28},{"not_picked":["Ball Lightning+1","Stack+1"],"picked":"Darkness+1","floor":30}],"player_experience":945224,"relics_obtained":[{"floor":9,"key":"Centennial Puzzle"},{"floor":26,"key":"Bottled Tornado"}],"event_choices":[{"cards_removed":["Clumsy"],"damage_healed":0,"gold_gain":0,"player_choice":"Card Removal","damage_taken":0,"max_hp_gain":0,"max_hp_loss":0,"event_name":"The Cleric","floor":2,"gold_loss":50},{"damage_healed":0,"gold_gain":0,"player_choice":"Ignored","damage_taken":0,"max_hp_gain":0,"max_hp_loss":0,"event_name":"Liars Game","floor":4,"gold_loss":0},{"cards_removed":["Strike_B"],"damage_healed":0,"gold_gain":0,"player_choice":"Offered Basic","damage_taken":0,"max_hp_gain":0,"max_hp_loss":0,"event_name":"Bonfire Elementals","floor":19,"gold_loss":0},{"damage_healed":0,"gold_gain":0,"player_choice":"Traded Relic","damage_taken":0,"relics_obtained":["Nloth\u0027s Gift"],"max_hp_gain":0,"max_hp_loss":0,"event_name":"N\u0027loth","floor":24,"relics_lost":["Mango"],"gold_loss":0},{"damage_healed":0,"gold_gain":0,"player_choice":"Upgrade","damage_taken":0,"max_hp_gain":0,"max_hp_loss":0,"event_name":"Designer","floor":29,"gold_loss":40,"cards_upgraded":["Leap"]}],"is_beta":false,"boss_relics":[{"not_picked":["Inserter","Pandora\u0027s Box"],"picked":"White Beast Statue"}],"items_purged_floors":[11,20],"is_endless":false,"potions_floor_spawned":[1,5,16,18,21,22,27,28,30],"killed_by":"Sentry and Sphere","ascension_level":0}