{"path_per_floor":["M","$","?","$","M","E","M","R","T","M","$","E","R","M","R","B",null,"M","M","$","M","M","R","$","R","T","M","M","M","R","?","R"],"character_chosen":"IRONCLAD","items_purchased":["Bronze Scales","True Grit","Orichalcum","Pummel"],"gold_per_floor":[361,286,386,142,153,180,198,198,198,217,15,47,47,63,63,165,165,179,197,1,21,40,40,40,40,40,50,62,77,77,77,77],"floor_reached":33,"campfire_rested":2,"playtime":3214,"current_hp_per_floor":[35,35,35,35,40,13,19,43,43,41,41,54,54,60,60,34,80,79,80,80,69,73,73,73,73,73,79,46,40,40,40,64],"items_purged":["Strike_R","Strike_R","Strike_R"],"gold":77,"play_id":"a1319382-06a1-4f47-b3a2-8fc6e101b9d7","is_prod":false,"is_daily":false,"campfire_rituals":0,"campfire_upgraded":5,"is_hardmode":false,"path_taken":["M","$","?","$","M","E","M","R","T","M","$","E","R","M","R","BOSS","M","M","$","M","M","R","?","R","T","M","M","?","R","?","R","BOSS"],"build_version":"2018-01-11-PROD2","purchased_purges":4,"victory":false,"master_deck":["Strike_R","Strike_R","Defend_R","Defend_R","Defend_R","Defend_R","Bash","Sword Boomerang","True Grit","Metallicize","Thunderclap","Shrug It Off","True Grit","Pommel Strike","Spot Weakness","Limit Break","Flex","Shrug It Off","Pommel Strike","Flex","Pummel","Battle Trance","Decay"],"max_hp_per_floor":[80,80,80,80,80,80,80,80,80,80,80,80,80,80,80,80,80,80,80,80,80,80,80,80,80,80,80,80,80,80,80,80],"relics":["Burning Blood","Bronze Scales","Anchor","Ice Cream","Orichalcum","War Paint","Orrery","Red Skull"],"campfire_meditates":0,"card_choices":[{"not_picked":["Dropkick","Reckless Charge"],"picked":"Sword Boomerang"},{"not_picked":["Disarm","Havoc"],"picked":"True Grit"},{"not_picked":["Reckless Charge","Headbutt"],"picked":"Metallicize"},{"not_picked":["Combust","Wild Strike"],"picked":"Thunderclap"},{"not_picked":["Twin Strike","Rampage"],"picked":"Shrug It Off"},{"not_picked":["Sword Boomerang","Spot Weakness"],"picked":"Pommel Strike"},{"not_picked":["Sword Boomerang","Disarm"],"picked":"Spot Weakness"},{"not_picked":["Fiend Fire","Demon Form"],"picked":"Limit Break"},{"not_picked":["Searing Blow","Body Slam"],"picked":"Flex"},{"not_picked":["Headbutt","Pommel Strike"],"picked":"Shrug It Off"},{"not_picked":["Flex","Sword Boomerang"],"picked":"Pommel Strike"},{"not_picked":["Rupture","Corruption"],"picked":"Flex"},{"not_picked":["Blood for Blood","Dropkick"],"picked":"Battle Trance"}],"player_experience":49227,"potions_floor_usage":[12,12,14,18,29],"damage_taken":[{"damage":11,"enemies":"Blue Slaver","floor":1,"turns":5},{"damage":1,"enemies":"Cultist","floor":5,"turns":3},{"damage":33,"enemies":"3 Sentries","floor":6,"turns":10},{"damage":0,"enemies":"2 Louse","floor":7,"turns":3},{"damage":8,"enemies":"Lots of Slimes","floor":10,"turns":3},{"damage":8,"enemies":"Lagavulin","floor":12,"turns":7},{"damage":0,"enemies":"Gremlin Gang","floor":14,"turns":4},{"damage":32,"enemies":"The Guardian","floor":16,"turns":11},{"damage":7,"enemies":"Spheric Guardian","floor":18,"turns":4},{"damage":2,"enemies":"Shell Parasite","floor":19,"turns":3},{"damage":17,"enemies":"Sentry and Sphere","floor":21,"turns":7},{"damage":2,"enemies":"Chosen and Byrds","floor":22,"turns":5},{"damage":0,"enemies":"Centurion and Healer","floor":27,"turns":4},{"damage":39,"enemies":"3 Cultists","floor":28,"turns":5},{"damage":12,"enemies":"Snake Plant","floor":29,"turns":3},{"damage":70,"enemies":"Automaton","floor":33,"turns":8}],"event_choices":[{"event_name":"Golden Shrine","player_choice":"Pray","floor":3,"damage_taken":0},{"event_name":"Forgotten Altar","player_choice":"Smashed Altar","floor":31,"damage_taken":0}],"boss_relics":[{"not_picked":["Question Card","Runic Cube"],"picked":"Orrery"}],"potions_floor_spawned":[6,7,12,14,28,29],"seed_played":"-4877574371558833138","killed_by":"Automaton","is_trial":false}