{"gold_per_floor":[115,290,306,319,334,367,442,442,467,478,509,509,584,597,597,698,698,716,815,815,815],"floor_reached":21,"playtime":1110,"items_purged":[],"score":217,"play_id":"ce2c2615-d355-4cdd-932d-387d77f882df","local_time":"20190101095916","is_ascension_mode":true,"campfire_choices":[{"floor":12,"key":"REST"},{"data":"Barricade","floor":15,"key":"SMITH"}],"neow_cost":"NONE","seed_source_timestamp":143837471558300,"circlet_count":0,"master_deck":["Strike_R","Strike_R","Strike_R","Strike_R","Strike_R","Defend_R","Defend_R","Defend_R","Defend_R","Bash","Clothesline","Doubt","Seeing Red","Heavy Blade","Uppercut","Flame Barrier","Barricade+1","Body Slam","Cleave","Juggernaut","Flex"],"relics":["Burning Blood","Regal Pillow","Red Skull","Blood Vial","Orichalcum","Sozu","Pen Nib"],"potions_floor_usage":[0,5,6,6,11,16,16],"damage_taken":[{"damage":0,"enemies":"Small Slimes","floor":1,"turns":3},{"damage":0,"enemies":"2 Louse","floor":3,"turns":3},{"damage":3,"enemies":"Cultist","floor":4,"turns":4},{"damage":6,"enemies":"Exordium Wildlife","floor":5,"turns":3},{"damage":22,"enemies":"Lagavulin","floor":6,"turns":6},{"damage":22,"enemies":"Gremlin Gang","floor":10,"turns":5},{"damage":15,"enemies":"Gremlin Nob","floor":11,"turns":4},{"damage":16,"enemies":"Exordium Thugs","floor":14,"turns":3},{"damage":36,"enemies":"Slime Boss","floor":16,"turns":14},{"damage":18,"enemies":"Spheric Guardian","floor":18,"turns":4},{"damage":42,"enemies":"Colosseum Slavers","floor":21,"turns":5},{"damage":47,"enemies":"Colosseum Nobs","floor":21,"turns":5}],"seed_played":"7077763345057614877","potions_obtained":[{"floor":0,"key":"GamblersBrew"},{"floor":0,"key":"Poison Potion"},{"floor":0,"key":"Fruit Juice"},{"floor":4,"key":"Energy Potion"},{"floor":5,"key":"EssenceOfSteel"},{"floor":6,"key":"FearPotion"},{"floor":11,"key":"Fruit Juice"},{"floor":14,"key":"Dexterity Potion"}],"is_trial":false,"path_per_floor":["M","?","M","M","M","E","?","?","T","M","E","R","?","M","R","B",null,"M","?","?","?"],"character_chosen":"IRONCLAD","items_purchased":[],"campfire_rested":1,"item_purchase_floors":[],"current_hp_per_floor":[85,85,85,85,85,69,58,58,58,44,37,77,69,61,61,38,90,78,78,78,0],"gold":815,"neow_bonus":"THREE_SMALL_POTIONS","is_prod":false,"is_daily":false,"chose_seed":false,"campfire_upgraded":1,"win_rate":0,"timestamp":1546354756,"path_taken":["M","?","M","M","M","E","?","?","T","?","E","R","?","?","R","BOSS","M","?","?","?"],"build_version":"2018-12-20","purchased_purges":0,"victory":false,"max_hp_per_floor":[85,85,85,85,85,85,85,85,85,85,85,85,85,85,85,90,90,90,90,90,90],"card_choices":[{"not_picked":["Ghostly Armor","Bloodletting"],"picked":"Clothesline","floor":1},{"not_picked":["Rage","Intimidate"],"picked":"Seeing Red","floor":3},{"not_picked":["Clothesline","Havoc"],"picked":"Heavy Blade","floor":4},{"not_picked":["Sever Soul","Hemokinesis"],"picked":"Uppercut","floor":5},{"not_picked":["Pummel","Shrug It Off"],"picked":"Flame Barrier","floor":6},{"not_picked":["Rampage","Iron Wave"],"picked":"Barricade","floor":10},{"not_picked":["True Grit","Pommel Strike"],"picked":"Body Slam","floor":11},{"not_picked":["Heavy Blade","Havoc"],"picked":"Cleave","floor":14},{"not_picked":["Immolate","Berserk"],"picked":"Juggernaut","floor":16},{"not_picked":["Body Slam","Wild Strike+1"],"picked":"Flex","floor":18}],"player_experience":421492,"relics_obtained":[{"floor":6,"key":"Regal Pillow"},{"floor":9,"key":"Blood Vial"},{"floor":11,"key":"Orichalcum"}],"event_choices":[{"damage_healed":0,"gold_gain":175,"player_choice":"AGREE","damage_taken":0,"max_hp_gain":0,"max_hp_loss":0,"event_name":"Liars Game","floor":2,"gold_loss":0,"cards_obtained":["Doubt"]},{"damage_healed":0,"gold_gain":75,"player_choice":"Gather Gold","damage_taken":11,"max_hp_gain":0,"max_hp_loss":0,"event_name":"World of Goop","floor":7,"gold_loss":0},{"damage_healed":0,"gold_gain":0,"player_choice":"Gave Potion","damage_taken":0,"relics_obtained":["Red Skull"],"max_hp_gain":0,"max_hp_loss":0,"event_name":"WeMeetAgain","floor":8,"gold_loss":0},{"damage_healed":0,"gold_gain":75,"player_choice":"Touch","damage_taken":8,"max_hp_gain":0,"max_hp_loss":0,"event_name":"FaceTrader","floor":13,"gold_loss":0},{"damage_healed":0,"gold_gain":99,"player_choice":"Stole From Cult","damage_taken":0,"max_hp_gain":0,"max_hp_loss":0,"event_name":"Nest","floor":19,"gold_loss":0},{"damage_healed":0,"gold_gain":0,"player_choice":"Opened","damage_taken":0,"relics_obtained":["Pen Nib"],"max_hp_gain":0,"max_hp_loss":0,"event_name":"The Mausoleum","floor":20,"gold_loss":0},{"damage_healed":0,"gold_gain":0,"player_choice":"Fight","damage_taken":0,"max_hp_gain":0,"max_hp_loss":0,"event_name":"Colosseum","floor":21,"gold_loss":0},{"damage_healed":0,"gold_gain":0,"player_choice":"Fought Nobs","damage_taken":0,"max_hp_gain":0,"max_hp_loss":0,"event_name":"Colosseum","floor":21,"gold_loss":0}],"is_beta":false,"boss_relics":[{"not_picked":["Empty Cage","White Beast Statue"],"picked":"Sozu"}],"items_purged_floors":[],"is_endless":false,"potions_floor_spawned":[4,5,6,11,14,21],"killed_by":"Colosseum Nobs","ascension_level":3}