{"gold_per_floor":[111,41,52,63,74,74,99,131,131,161,189,219,254,89,89,186,186,203,222,236,56,75,109,109,143,143,173,204,231,248,275,275,371,371,382,59,109,124,139,174,204,235,259,290,322,352,368,401,401,401,401,401,100,132,132],"floor_reached":56,"playtime":4503,"items_purged":["Wraith Form v2","Rebound"],"score":2024,"play_id":"87a111f6-67a8-4c84-866a-47d014b5cab2","local_time":"20190219232152","daily_mods":["Draft","Vintage","ControlledChaos","Heirloom","Time Dilation","Flight","DeadlyEvents","Elite Swarm"],"is_ascension_mode":true,"campfire_choices":[{"data":"Echo Form","floor":6.0,"key":"SMITH"},{"data":"Echo Form","floor":15.0,"key":"SMITH"},{"data":"Defragment","floor":24.0,"key":"SMITH"},{"floor":32.0,"key":"DIG"},{"floor":49.0,"key":"RECALL"},{"floor":52.0,"key":"DIG"}],"neow_cost":"","seed_source_timestamp":7677468024900,"circlet_count":0,"master_deck":["Demon Form","Echo Form+1","Cold Snap","Ball Lightning","Capacitor","Compile Driver","Coolheaded","Conserve Battery","Steam","Sweeping Beam","Undo","Steam Power","Glacier","Coolheaded","Capacitor","Hologram","Echo Form+1","Electrodynamics","Echo Form","Echo Form","Buffer","Buffer","Machine Learning","Loop","Chill","Steam Power","Defragment+1","Seek","Seek+1","Double Energy+1","Self Repair","Self Repair","Seek+1","Seek+1"],"special_seed":0,"relics":["Cracked Core","Frozen Eye","Pocketwatch","Mercury Hourglass","DataDisk","StoneCalendar","Regal Pillow","Blue Candle","Letter Opener","The Courier","Pear","Anchor","Cables","Happy Flower","Runic Capacitor","Orrery","Ornamental Fan","Pantograph","Singing Bowl","Toxic Egg 2","Peace Pipe","Shovel","Ancient Tea Set","Ice Cream","Thread and Needle","Boot","Du-Vu Doll","Lantern","Nuclear Battery","Dodecahedron","ClockworkSouvenir","Tiny Chest","Blood Vial","Kunai","Frozen Egg 2","Strawberry","Smiling Mask","PreservedInsect","Ginger","Dream Catcher","Unceasing Top","Bag of Preparation","Omamori","Symbiotic Virus","Bird Faced Urn","Gremlin Horn"],"potions_floor_usage":[55],"damage_taken":[{"damage":1.0,"enemies":"Cultist","floor":1.0,"turns":4.0},{"damage":3.0,"enemies":"Small Slimes","floor":3.0,"turns":3.0},{"damage":1.0,"enemies":"Jaw Worm","floor":4.0,"turns":3.0},{"damage":3.0,"enemies":"Large Slime","floor":5.0,"turns":4.0},{"damage":0.0,"enemies":"Lagavulin","floor":7.0,"turns":5.0},{"damage":11.0,"enemies":"Gremlin Nob","floor":8.0,"turns":4.0},{"damage":9.0,"enemies":"Lagavulin","floor":10.0,"turns":6.0},{"damage":1.0,"enemies":"3 Sentries","floor":11.0,"turns":5.0},{"damage":2.0,"enemies":"Gremlin Nob","floor":12.0,"turns":5.0},{"damage":2.0,"enemies":"Lagavulin","floor":13.0,"turns":6.0},{"damage":11.0,"enemies":"Slime Boss","floor":16.0,"turns":5.0},{"damage":0.0,"enemies":"Chosen","floor":18.0,"turns":5.0},{"damage":0.0,"enemies":"3 Byrds","floor":19.0,"turns":4.0},{"damage":4.0,"enemies":"Sentry and Sphere","floor":20.0,"turns":5.0},{"damage":0.0,"enemies":"Centurion and Healer","floor":22.0,"turns":4.0},{"damage":0.0,"enemies":"Gremlin Leader","floor":23.0,"turns":7.0},{"damage":9.0,"enemies":"Book of Stabbing","floor":25.0,"turns":6.0},{"damage":10.0,"enemies":"Slavers","floor":27.0,"turns":3.0},{"damage":12.0,"enemies":"Book of Stabbing","floor":28.0,"turns":6.0},{"damage":22.0,"enemies":"Slavers","floor":29.0,"turns":4.0},{"damage":0.0,"enemies":"Snake Plant","floor":30.0,"turns":4.0},{"damage":0.0,"enemies":"Gremlin Leader","floor":31.0,"turns":6.0},{"damage":0.0,"enemies":"Champ","floor":33.0,"turns":6.0},{"damage":2.0,"enemies":"3 Darklings","floor":35.0,"turns":3.0},{"damage":0.0,"enemies":"3 Shapes","floor":37.0,"turns":2.0},{"damage":0.0,"enemies":"Spire Growth","floor":38.0,"turns":4.0},{"damage":0.0,"enemies":"3 Darklings","floor":39.0,"turns":2.0},{"damage":0.0,"enemies":"Giant Head","floor":40.0,"turns":7.0},{"damage":4.0,"enemies":"Reptomancer","floor":41.0,"turns":6.0},{"damage":0.0,"enemies":"Giant Head","floor":42.0,"turns":7.0},{"damage":0.0,"enemies":"Reptomancer","floor":44.0,"turns":3.0},{"damage":0.0,"enemies":"Nemesis","floor":45.0,"turns":4.0},{"damage":0.0,"enemies":"Giant Head","floor":46.0,"turns":3.0},{"damage":0.0,"enemies":"Transient","floor":47.0,"turns":5.0},{"damage":0.0,"enemies":"Nemesis","floor":48.0,"turns":5.0},{"damage":18.0,"enemies":"Time Eater","floor":50.0,"turns":4.0},{"damage":0.0,"enemies":"Shield and Spear","floor":54.0,"turns":5.0},{"damage":20,"enemies":"The Heart","floor":55,"turns":9}],"seed_played":"-5172429928472579318","potions_obtained":[{"floor":3.0,"key":"Block Potion"},{"floor":5.0,"key":"Swift Potion"},{"floor":11.0,"key":"GamblersBrew"},{"floor":12.0,"key":"FearPotion"},{"floor":20.0,"key":"Weak Potion"},{"floor":35.0,"key":"Regen Potion"},{"floor":46.0,"key":"FocusPotion"}],"is_trial":true,"path_per_floor":["M","$","M","M","M","R","E","E","T","E","E","E","E","$","R","B",null,"M","M","M","$","M","E","R","E","T","E","E","E","M","E","R","B",null,"M","$","M","M","M","E","E","E","T","E","E","E","M","E","R","B",null,"R","$","E","B",null],"character_chosen":"DEFECT","items_purchased":["Echo Form","Runic Capacitor","Defragment","Seek","ClockworkSouvenir","Double Energy+1","Self Repair","Self Repair","Bird Faced Urn"],"campfire_rested":0,"item_purchase_floors":[2,14,21,21,36,36,36,36,53],"current_hp_per_floor":[74,74,71,70,67,67,67,56,56,57,56,54,52,52,52,41,85,85,85,81,81,81,83,83,74,74,66,56,36,36,38,38,65,97,95,95,95,97,97,97,106,108,108,110,110,112,112,114,114,96,114,114,114,116,116],"gold":132,"neow_bonus":"","is_prod":false,"is_daily":false,"chose_seed":false,"campfire_upgraded":3,"win_rate":0,"timestamp":1550614912,"path_taken":["M","$","M","M","M","R","E","E","T","E","E","E","E","?","R","BOSS","M","M","M","$","M","E","R","E","T","E","E","E","M","E","R","BOSS","M","$","M","M","M","E","E","E","T","E","E","E","M","E","R","BOSS","R","$","E","BOSS"],"build_version":"2019-01-23","purchased_purges":2,"victory":true,"max_hp_per_floor":[75,75,75,75,75,75,75,75,75,85,85,85,85,85,85,85,85,85,85,85,85,85,87,87,87,87,89,91,93,93,95,95,97,97,97,97,97,97,97,97,106,108,108,110,110,112,112,114,114,114,114,114,114,116,116],"card_choices":[{"not_picked":["Steam","Lockon"],"picked":"Cold Snap","floor":0.0},{"not_picked":["Undo","Hologram"],"picked":"Ball Lightning","floor":0.0},{"not_picked":["Compile Driver","Aggregate"],"picked":"Capacitor","floor":0.0},{"not_picked":["Steam","Hologram"],"picked":"Compile Driver","floor":0.0},{"not_picked":["Tempest","BootSequence"],"picked":"Coolheaded","floor":0.0},{"not_picked":["Ball Lightning","Beam Cell"],"picked":"Conserve Battery","floor":0.0},{"not_picked":["Turbo","Conserve Battery"],"picked":"Steam","floor":0.0},{"not_picked":["Darkness","Hologram"],"picked":"Sweeping Beam","floor":0.0},{"not_picked":["Turbo","Coolheaded"],"picked":"Undo","floor":0.0},{"not_picked":["Stack","Reprogram"],"picked":"Steam Power","floor":0.0},{"not_picked":["Compile Driver","Fusion"],"picked":"Rebound","floor":0.0},{"not_picked":["Go for the Eyes","Rip and Tear"],"picked":"Glacier","floor":0.0},{"not_picked":["Double Energy","Rebound"],"picked":"Coolheaded","floor":0.0},{"not_picked":["Gash","Doom and Gloom"],"picked":"Capacitor","floor":0.0},{"not_picked":["Sweeping Beam","Barrage"],"picked":"Hologram","floor":0.0},{"not_picked":["All For One","Reboot"],"picked":"Electrodynamics","floor":7.0},{"not_picked":["Rainbow","Reboot"],"picked":"Echo Form","floor":8.0},{"not_picked":["Meteor Strike","Electrodynamics"],"picked":"Echo Form","floor":10.0},{"not_picked":["Biased Cognition","Machine Learning"],"picked":"Buffer","floor":11.0},{"not_picked":["Multi-Cast","Amplify","Biased Cognition"],"picked":"SKIP","floor":12.0},{"not_picked":["Biased Cognition","Electrodynamics"],"picked":"Buffer","floor":13.0},{"not_picked":["Creative AI","Multi-Cast"],"picked":"Machine Learning","floor":16.0},{"not_picked":["Undo","Cold Snap"],"picked":"Loop","floor":17.0},{"not_picked":["Streamline","Conserve Battery"],"picked":"Chill","floor":17.0},{"not_picked":["Cold Snap","Sweeping Beam"],"picked":"Steam Power","floor":17.0},{"not_picked":["Thunder Strike","Biased Cognition","Meteor Strike"],"picked":"Singing Bowl","floor":23.0},{"not_picked":["Buffer","Multi-Cast+1"],"picked":"Seek+1","floor":25.0},{"not_picked":["Electrodynamics","Multi-Cast+1","Fission+1"],"picked":"Singing Bowl","floor":27.0},{"not_picked":["Meteor Strike","Buffer","Biased Cognition"],"picked":"Singing Bowl","floor":28.0},{"not_picked":["Amplify+1","Echo Form","All For One"],"picked":"Singing Bowl","floor":29.0},{"not_picked":["Echo Form","Hyperbeam","Biased Cognition"],"picked":"Singing Bowl","floor":31.0},{"not_picked":["Buffer","Electrodynamics","All For One"],"picked":"Singing Bowl","floor":33.0},{"not_picked":["Electrodynamics","Multi-Cast+1"],"picked":"Seek+1","floor":40.0},{"not_picked":["Echo Form+1","Hyperbeam","Thunder Strike"],"picked":"Singing Bowl","floor":41.0},{"not_picked":["Buffer+1","Reboot+1","Rainbow+1"],"picked":"Singing Bowl","floor":42.0},{"not_picked":["Amplify+1","Multi-Cast+1","Biased Cognition+1"],"picked":"Singing Bowl","floor":44.0},{"not_picked":["Creative AI+1","Meteor Strike"],"picked":"Seek+1","floor":45.0},{"not_picked":["All For One","Reboot+1","Buffer+1"],"picked":"Singing Bowl","floor":46.0},{"not_picked":["All For One","Buffer+1","Thunder Strike"],"picked":"Singing Bowl","floor":48.0},{"not_picked":["Biased Cognition+1","Amplify+1","Fission+1"],"picked":"Singing Bowl","floor":54.0}],"player_experience":585241,"relics_obtained":[{"floor":1.0,"key":"Mercury Hourglass"},{"floor":3.0,"key":"DataDisk"},{"floor":4.0,"key":"StoneCalendar"},{"floor":5.0,"key":"Regal Pillow"},{"floor":7.0,"key":"Blue Candle"},{"floor":8.0,"key":"Letter Opener"},{"floor":9.0,"key":"The Courier"},{"floor":10.0,"key":"Pear"},{"floor":11.0,"key":"Anchor"},{"floor":12.0,"key":"Cables"},{"floor":13.0,"key":"Happy Flower"},{"floor":18.0,"key":"Ornamental Fan"},{"floor":19.0,"key":"Pantograph"},{"floor":20.0,"key":"Singing Bowl"},{"floor":22.0,"key":"Toxic Egg 2"},{"floor":23.0,"key":"Peace Pipe"},{"floor":25.0,"key":"Shovel"},{"floor":27.0,"key":"Ancient Tea Set"},{"floor":28.0,"key":"Ice Cream"},{"floor":29.0,"key":"Thread and Needle"},{"floor":30.0,"key":"Boot"},{"floor":31.0,"key":"Du-Vu Doll"},{"floor":32.0,"key":"Lantern"},{"floor":35.0,"key":"Dodecahedron"},{"floor":37.0,"key":"Tiny Chest"},{"floor":38.0,"key":"Blood Vial"},{"floor":39.0,"key":"Kunai"},{"floor":40.0,"key":"Frozen Egg 2"},{"floor":41.0,"key":"Strawberry"},{"floor":42.0,"key":"Smiling Mask"},{"floor":43.0,"key":"PreservedInsect"},{"floor":44.0,"key":"Ginger"},{"floor":45.0,"key":"Dream Catcher"},{"floor":46.0,"key":"Unceasing Top"},{"floor":47.0,"key":"Bag of Preparation"},{"floor":48.0,"key":"Omamori"},{"floor":52.0,"key":"Symbiotic Virus"},{"floor":54.0,"key":"Gremlin Horn"}],"event_choices":[],"is_beta":false,"boss_relics":[{"not_picked":["Inserter","Empty Cage"],"picked":"Orrery"},{"not_picked":["Runic Pyramid","Velvet Choker"],"picked":"Nuclear Battery"}],"items_purged_floors":[21,53],"is_endless":false,"potions_floor_spawned":[3,5,11,12,16,19,20,22,23,27,30,35,37,40,42,46],"ascension_level":1}