{"path_per_floor":["M","M","$","?","M","R","?","M","T","E","?","E","M","M","R","B",null,"M","M","M","$","M","R","M"],"character_chosen":"IRONCLAD","items_purchased":["Intimidate","Paper Frog"],"gold_per_floor":[118,134,96,171,190,190,190,201,269,300,300,330,343,361,361,463,493,508,523,543,294,304,304,322],"floor_reached":25,"campfire_rested":1,"playtime":2438,"current_hp_per_floor":[76,80,80,69,66,66,54,51,51,42,42,36,35,9,48,33,85,84,85,81,81,77,77,27],"items_purged":[],"gold":322,"score":217,"play_id":"3a5aa1e9-ec90-4312-bcbc-df2c854d48bc","is_prod":false,"is_daily":false,"is_ascension_mode":false,"campfire_upgraded":2,"path_taken":["M","M","$","?","M","R","?","?","T","E","?","E","M","M","R","BOSS","M","?","M","$","M","R","M","M"],"build_version":"2018-02-22-PROD2","purchased_purges":1,"victory":false,"master_deck":["Strike_R","Strike_R","Strike_R+1","Strike_R","Strike_R","Defend_R","Defend_R","Defend_R","Defend_R","Bash+1","Twin Strike","Clothesline","Intimidate+1","Pommel Strike","Iron Wave","Carnage+1","Whirlwind","Twin Strike","Perfected Strike+1","Brutality","Armaments","Armaments+1","Warcry+1","Carnage+1","Double Tap"],"max_hp_per_floor":[80,80,80,80,80,80,80,80,80,80,80,80,80,80,80,80,85,85,85,85,85,85,85,85],"relics":["Burning Blood","Bronze Scales","Shuriken","Prayer Wheel","Regal Pillow","Tiny House","Paper Frog"],"card_choices":[{"not_picked":["Flex","Thunderclap"],"picked":"Twin Strike"},{"not_picked":["Spot Weakness","Anger"],"picked":"Clothesline"},{"not_picked":["Inflame","Power Through"],"picked":"Pommel Strike"},{"not_picked":["Shockwave","Reckless Charge"],"picked":"Iron Wave"},{"not_picked":["Body Slam","Rage"],"picked":"Carnage"},{"not_picked":["Armaments","Sever Soul"],"picked":"Whirlwind"},{"not_picked":["Clothesline","Heavy Blade"],"picked":"Twin Strike"},{"not_picked":["Heavy Blade","Whirlwind"],"picked":"Perfected Strike"},{"not_picked":["Barricade","Limit Break"],"picked":"Brutality"},{"not_picked":["Twin Strike","Anger"],"picked":"Armaments"},{"not_picked":["Burning Pact","Blood for Blood"],"picked":"Armaments"},{"not_picked":["Anger","True Grit"],"picked":"Warcry"},{"not_picked":["Anger","Clothesline"],"picked":"Carnage"},{"not_picked":["Body Slam","Flame Barrier"],"picked":"Double Tap"}],"player_experience":12553,"potions_floor_usage":[12,12,12,16,19,22,24,25],"damage_taken":[{"damage":10,"enemies":"Jaw Worm","floor":1,"turns":4},{"damage":0,"enemies":"Small Slimes","floor":2,"turns":2},{"damage":9,"enemies":"2 Louse","floor":5,"turns":2},{"damage":9,"enemies":"Blue Slaver","floor":8,"turns":3},{"damage":15,"enemies":"Gremlin Nob","floor":10,"turns":4},{"damage":12,"enemies":"Lagavulin","floor":12,"turns":4},{"damage":7,"enemies":"Looter","floor":13,"turns":2},{"damage":32,"enemies":"Gremlin Gang","floor":14,"turns":4},{"damage":21,"enemies":"Slime Boss","floor":16,"turns":8},{"damage":7,"enemies":"3 Byrds","floor":18,"turns":4},{"damage":7,"enemies":"Chosen","floor":19,"turns":4},{"damage":10,"enemies":"Snecko","floor":20,"turns":4},{"damage":10,"enemies":"Snake Plant","floor":22,"turns":3},{"damage":56,"enemies":"Slaver and Parasite","floor":24,"turns":7},{"damage":41,"enemies":"Chosen and Byrds","floor":25,"turns":5}],"event_choices":[{"event_name":"World of Goop","player_choice":"Gather Gold","floor":4,"damage_taken":0},{"event_name":"Scrap Ooze","player_choice":"success","floor":7,"damage_taken":12},{"event_name":"Living Wall","player_choice":"Grow","floor":11,"damage_taken":0}],"boss_relics":[{"not_picked":["Mark of Pain","Runic Pyramid"],"picked":"Tiny House"}],"potions_floor_spawned":[2,5,10,13,16,18,19],"seed_played":"-4631962248988494046","killed_by":"Chosen and Byrds","ascension_level":0,"is_trial":false}