{"path_per_floor":["M","?","?","M","?","E","R","M","T","$","M","?","$","E","R","B",null,"M","?","M","$","?","R"],"character_chosen":"IRONCLAD","items_purchased":["Flex","Vajra","Armaments"],"gold_per_floor":[117,117,117,132,132,159,159,169,169,121,135,159,13,38,38,134,134,151,76,87,62,62,62],"floor_reached":24,"campfire_rested":1,"playtime":1096,"current_hp_per_floor":[76,76,76,80,80,83,83,83,83,83,86,86,86,77,77,42,89,83,83,36,36,21,64],"items_purged":[],"gold":62,"play_id":"3f26b651-e88a-4732-8c41-8853b2bb7829","is_prod":false,"is_daily":false,"is_ascension_mode":false,"campfire_upgraded":0,"path_taken":["M","?","?","M","?","E","R","M","T","$","M","?","$","E","R","BOSS","M","?","M","$","?","R","E"],"build_version":"2018-02-01-PROD3","purchased_purges":1,"victory":false,"master_deck":["Strike_R","Strike_R","Strike_R","Strike_R","Defend_R","Defend_R","Defend_R","Defend_R","Bash+1","Anger","Flex","Feed","Iron Wave","Anger","Flex","Limit Break","Cleave","Barricade","Demon Form","Perfected Strike","Armaments"],"max_hp_per_floor":[80,80,80,80,80,83,83,83,83,83,86,89,89,89,89,89,89,89,89,89,89,94,94],"relics":["Burning Blood","Girya","Spirit Poop","Ornamental Fan","Peace Pipe","Odd Mushroom","Vajra","Regal Pillow","Sozu"],"card_choices":[{"not_picked":["Clash","Cleave"],"picked":"Anger"},{"not_picked":["Reckless Charge","Rampage"],"picked":"Flex"},{"not_picked":["Whirlwind","Clash"],"picked":"Iron Wave"},{"not_picked":["Cleave","Thunderclap"],"picked":"Anger"},{"not_picked":["Rage","Clothesline"],"picked":"Limit Break"},{"not_picked":["Disarm","Intimidate"],"picked":"Cleave"},{"not_picked":["Blood for Blood","Disarm"],"picked":"Barricade"},{"not_picked":["Impervious","Barricade"],"picked":"Demon Form"},{"not_picked":["Cleave","Rupture"],"picked":"Second Wind"},{"not_picked":["Twin Strike","Blood for Blood"],"picked":"Perfected Strike"}],"player_experience":11982,"potions_floor_usage":[],"damage_taken":[{"damage":10,"enemies":"2 Louse","floor":1,"turns":3},{"damage":0,"enemies":"Small Slimes","floor":4,"turns":3},{"damage":6,"enemies":"Gremlin Nob","floor":6,"turns":3},{"damage":2,"enemies":"Cultist","floor":8,"turns":3},{"damage":0,"enemies":"2 Fungi Beasts","floor":11,"turns":2},{"damage":9,"enemies":"The Mushroom Lair","floor":12,"turns":3},{"damage":15,"enemies":"3 Sentries","floor":14,"turns":5},{"damage":41,"enemies":"Hexaghost","floor":16,"turns":9},{"damage":12,"enemies":"Shell Parasite","floor":18,"turns":4},{"damage":53,"enemies":"2 Thieves","floor":20,"turns":4},{"damage":72,"enemies":"Slavers","floor":24,"turns":4}],"event_choices":[{"event_name":"Big Fish","player_choice":"Box","floor":2,"damage_taken":0},{"event_name":"Bonfire Elementals","player_choice":"CURSE","floor":3,"damage_taken":0},{"event_name":"Living Wall","player_choice":"Change","floor":5,"damage_taken":0},{"event_name":"Mushrooms","player_choice":"Fought Mushrooms","floor":12,"damage_taken":0},{"event_name":"Beggar","player_choice":"Gave Gold","floor":19,"damage_taken":0},{"event_name":"Forgotten Altar","player_choice":"Shed Blood","floor":22,"damage_taken":0}],"boss_relics":[{"not_picked":["Runic Cube","Mark of Pain"],"picked":"Sozu"}],"potions_floor_spawned":[6,12,14,18],"seed_played":"8574729039894404810","killed_by":"Slavers","ascension_level":0,"is_trial":false}