{"gold_per_floor":[111,111,128,145,162,192,192,35,35,64,96,108,136,161,173,290,302,325,348,379,391,416,428,357,357,357,357,368,368,368,172,172,270,270,288,288,288],"floor_reached":37,"playtime":2208,"items_purged":["Strike_G","Strike_G","Strike_G"],"score":373,"play_id":"1941193e-2f3d-4914-9cd7-6608215ba758","local_time":"20190113232955","is_ascension_mode":false,"campfire_choices":[{"data":"Finisher","floor":7,"key":"SMITH"},{"floor":12,"key":"REST"},{"data":"After Image","floor":15,"key":"SMITH"},{"floor":23,"key":"REST"},{"data":"Accuracy","floor":27,"key":"SMITH"},{"floor":29,"key":"REST"},{"floor":32,"key":"REST"}],"neow_cost":"NONE","seed_source_timestamp":409573552724095,"circlet_count":0,"master_deck":["Survivor","Neutralize","Slice","Slice","Finisher+1","Cloak And Dagger","After Image+1","Quick Slash","Caltrops","Terror","Infinite Blades+1","Leg Sweep","Deadly Poison","Endless Agony","Adrenaline","Well Laid Plans+1","Backstab+1","Phantasmal Killer+1","Backflip","Deadly Poison","Accuracy+1","Accuracy","Dodge and Roll","Dramatic Entrance","After Image","PiercingWail","Dagger Spray","Masterful Stab"],"relics":["Ring of the Snake","Bag of Preparation","Smiling Mask","MawBank","Astrolabe","Centennial Puzzle","Pandora\u0027s Box"],"potions_floor_usage":[11,16,18,33,37,37,37],"damage_taken":[{"damage":0,"enemies":"Small Slimes","floor":1,"turns":4},{"damage":0,"enemies":"Cultist","floor":3,"turns":4},{"damage":0,"enemies":"Jaw Worm","floor":4,"turns":1},{"damage":11,"enemies":"Exordium Thugs","floor":5,"turns":4},{"damage":13,"enemies":"Gremlin Nob","floor":6,"turns":5},{"damage":10,"enemies":"3 Louse","floor":10,"turns":3},{"damage":19,"enemies":"Gremlin Gang","floor":11,"turns":4},{"damage":1,"enemies":"Exordium Thugs","floor":13,"turns":4},{"damage":0,"enemies":"2 Fungi Beasts","floor":14,"turns":1},{"damage":5,"enemies":"Slime Boss","floor":16,"turns":4},{"damage":21,"enemies":"2 Thieves","floor":18,"turns":4},{"damage":4,"enemies":"Shell Parasite","floor":19,"turns":4},{"damage":2,"enemies":"Centurion and Healer","floor":20,"turns":4},{"damage":27,"enemies":"Chosen and Byrds","floor":22,"turns":6},{"damage":11,"enemies":"Shelled Parasite and Fungi","floor":28,"turns":3},{"damage":54,"enemies":"Collector","floor":33,"turns":11},{"damage":7,"enemies":"3 Darklings","floor":35,"turns":4},{"damage":67,"enemies":"Awakened One","floor":37,"turns":9}],"seed_played":"-4955465872605630853","potions_obtained":[{"floor":5,"key":"Weak Potion"},{"floor":10,"key":"Poison Potion"},{"floor":13,"key":"SpeedPotion"},{"floor":14,"key":"AttackPotion"},{"floor":16,"key":"SkillPotion"},{"floor":22,"key":"FearPotion"},{"floor":35,"key":"GamblersBrew"}],"is_trial":false,"path_per_floor":["M","?","M","M","M","E","R","$","T","M","M","R","M","M","R","B",null,"M","M","M","?","M","R","$","?","T","R","M","R","?","$","R","B",null,"M","?","B"],"character_chosen":"THE_SILENT","items_purchased":["Caltrops","Terror","Accuracy","Dodge and Roll","Dramatic Entrance"],"campfire_rested":4,"item_purchase_floors":[8,8,24,31,31],"current_hp_per_floor":[70,70,70,70,59,46,46,46,46,36,17,38,37,37,37,32,70,49,45,43,43,16,37,37,37,37,37,26,47,47,47,68,14,70,63,63,0],"gold":288,"neow_bonus":"RANDOM_COMMON_RELIC","is_prod":false,"is_daily":false,"chose_seed":false,"campfire_upgraded":3,"win_rate":0,"timestamp":1547440195,"path_taken":["M","?","?","M","M","E","R","?","T","M","?","R","M","M","R","BOSS","M","M","M","?","M","R","$","?","T","R","?","R","?","$","R","BOSS","M","?","BOSS"],"build_version":"2019-01-10","purchased_purges":3,"victory":false,"max_hp_per_floor":[70,70,70,70,70,70,70,70,70,70,70,70,70,70,70,70,70,70,70,70,70,70,70,70,70,70,70,70,70,70,70,70,70,70,70,70,70],"card_choices":[{"not_picked":["Poisoned Stab","Underhanded Strike"],"picked":"Slice","floor":1},{"not_picked":["Acrobatics","Leg Sweep"],"picked":"Finisher","floor":3},{"not_picked":["Catalyst","Setup"],"picked":"Cloak And Dagger","floor":4},{"not_picked":["Underhanded Strike","Slice"],"picked":"After Image","floor":5},{"not_picked":["Storm of Steel","Prepared"],"picked":"Quick Slash","floor":6},{"not_picked":["Flying Knee","Dagger Throw"],"picked":"Infinite Blades","floor":10},{"not_picked":["Dagger Throw","Prepared"],"picked":"Leg Sweep","floor":11},{"not_picked":["Burst","Bane"],"picked":"Deadly Poison","floor":13},{"not_picked":["Dodge and Roll","Quick Slash"],"picked":"Endless Agony","floor":14},{"not_picked":["Glass Knife","Doppelganger"],"picked":"Adrenaline","floor":16},{"not_picked":["Well Laid Plans+1","Bane+1"],"picked":"Backflip","floor":18},{"not_picked":["Slice","Masterful Stab+1"],"picked":"Deadly Poison","floor":19},{"not_picked":["Deflect","PiercingWail"],"picked":"Accuracy","floor":20},{"not_picked":["Expertise","PiercingWail","Heel Hook"],"picked":"SKIP","floor":22},{"not_picked":["Dagger Throw","Endless Agony","Blur"],"picked":"SKIP","floor":28},{"not_picked":["Die Die Die","Corpse Explosion"],"picked":"After Image","floor":33},{"not_picked":["Flying Knee","Eviscerate","Sucker Punch"],"picked":"SKIP","floor":35}],"player_experience":937070,"relics_obtained":[{"floor":6,"key":"Smiling Mask"},{"floor":9,"key":"MawBank"},{"floor":26,"key":"Centennial Puzzle"}],"event_choices":[{"damage_healed":0,"gold_gain":0,"cards_transformed":["Strike_G"],"player_choice":"Transformed","damage_taken":0,"max_hp_gain":0,"max_hp_loss":0,"event_name":"Transmorgrifier","floor":2,"gold_loss":0,"cards_obtained":["Slice"]},{"damage_healed":0,"gold_gain":0,"player_choice":"Ignored","damage_taken":0,"max_hp_gain":0,"max_hp_loss":0,"event_name":"Ghosts","floor":21,"gold_loss":0},{"damage_healed":0,"gold_gain":0,"player_choice":"Forge","damage_taken":0,"max_hp_gain":0,"max_hp_loss":0,"event_name":"Accursed Blacksmith","floor":25,"gold_loss":0,"cards_upgraded":["Infinite Blades"]},{"damage_healed":0,"gold_gain":0,"player_choice":"Ignored","damage_taken":0,"max_hp_gain":0,"max_hp_loss":0,"event_name":"N\u0027loth","floor":30,"gold_loss":0},{"damage_healed":0,"gold_gain":0,"player_choice":"Took Portal","damage_taken":0,"max_hp_gain":0,"max_hp_loss":0,"event_name":"SecretPortal","floor":36,"gold_loss":0}],"is_beta":false,"boss_relics":[{"not_picked":["Cursed Key","Snecko Eye"],"picked":"Astrolabe"},{"not_picked":["Orrery","Eternal Feather"],"picked":"Pandora\u0027s Box"}],"items_purged_floors":[8,24,31],"is_endless":false,"potions_floor_spawned":[5,10,13,14,16,22,35],"killed_by":"Awakened One","ascension_level":0}