{"path_per_floor":["M","?","?","M","M","R","M","M","T","$","M","M","T","M","R","B",null,"M","?","?","$","M","R","M","$","T","R","M"],"character_chosen":"IRONCLAD","items_purchased":["Bronze Scales","Shuriken","Heavy Blade"],"gold_per_floor":[113,213,213,233,252,252,266,285,310,82,95,113,159,169,169,267,267,280,280,280,40,51,51,69,18,18,18,36],"floor_reached":29,"campfire_rested":2,"playtime":1106,"current_hp_per_floor":[80,80,80,80,80,80,80,70,70,70,69,60,60,40,64,36,84,71,55,55,55,28,53,32,32,32,32,11],"items_purged":["Strike_R"],"gold":36,"score":263,"play_id":"d3032150-a368-47ab-a820-c03b3f184c25","local_time":"20180317193717","is_prod":false,"is_daily":false,"is_ascension_mode":true,"campfire_upgraded":2,"timestamp":1521329837,"path_taken":["M","?","?","M","M","R","M","M","T","$","?","?","?","?","R","BOSS","M","?","?","$","M","R","M","$","T","R","?","M"],"build_version":"2018-03-15v3","purchased_purges":1,"victory":false,"master_deck":["Strike_R","Strike_R","Strike_R","Defend_R","Defend_R","Defend_R","Defend_R","Bash","Brutality","Flex+1","Pummel+1","Hemokinesis","Flex","Fiend Fire","Rupture","Metallicize","Sword Boomerang","Shrug It Off","Bloodletting","Heavy Blade+1","Rupture"],"max_hp_per_floor":[80,80,80,80,80,80,80,80,80,80,80,80,80,82,82,84,84,84,84,84,84,84,84,84,84,84,84,84],"relics":["Burning Blood","Bag of Marbles","Bronze Scales","Singing Bowl","Sozu","Nilry\u0027s Codex","Shuriken","Toolbox"],"card_choices":[{"not_picked":["Combust","Havoc"],"picked":"Flex"},{"not_picked":["Fiend Fire","Iron Wave"],"picked":"Pummel"},{"not_picked":["Anger","Cleave"],"picked":"Hemokinesis"},{"not_picked":["Second Wind","Sword Boomerang"],"picked":"Flex"},{"not_picked":["Cleave","Intimidate"],"picked":"Fiend Fire"},{"not_picked":["Clothesline","Anger"],"picked":"Rupture"},{"not_picked":["Perfected Strike","Reckless Charge"],"picked":"Metallicize"},{"not_picked":["Armaments","Thunderclap"],"picked":"Sword Boomerang"},{"not_picked":["Armaments","Wild Strike"],"picked":"Shrug It Off"},{"not_picked":["Power Through","Clash"],"picked":"Bloodletting"},{"not_picked":["Entrench","Cleave"],"picked":"Rupture"}],"player_experience":283581,"potions_floor_usage":[16,16,24,29],"damage_taken":[{"damage":2,"enemies":"2 Louse","floor":1,"turns":3},{"damage":6,"enemies":"Cultist","floor":4,"turns":3},{"damage":2,"enemies":"Jaw Worm","floor":5,"turns":3},{"damage":0,"enemies":"Large Slime","floor":7,"turns":2},{"damage":16,"enemies":"Blue Slaver","floor":8,"turns":2},{"damage":7,"enemies":"Exordium Wildlife","floor":11,"turns":2},{"damage":15,"enemies":"Lots of Slimes","floor":12,"turns":3},{"damage":28,"enemies":"Gremlin Gang","floor":14,"turns":4},{"damage":36,"enemies":"Hexaghost","floor":16,"turns":5},{"damage":19,"enemies":"Shell Parasite","floor":18,"turns":3},{"damage":33,"enemies":"2 Thieves","floor":22,"turns":3},{"damage":27,"enemies":"Cultist and Chosen","floor":24,"turns":5},{"damage":27,"enemies":"Centurion and Healer","floor":28,"turns":3},{"damage":19,"enemies":"Snake Plant","floor":29,"turns":3}],"event_choices":[{"event_name":"Golden Shrine","player_choice":"Pray","floor":2,"damage_taken":0},{"event_name":"Living Wall","player_choice":"Grow","floor":3,"damage_taken":0},{"event_name":"Cursed Tome","player_choice":"Obtained Book","floor":19,"damage_taken":0},{"event_name":"Purifier","player_choice":"One Purge","floor":20,"damage_taken":0}],"boss_relics":[{"not_picked":["Black Blood","Tiny House"],"picked":"Sozu"}],"potions_floor_spawned":[1,5,11,16,24,28],"seed_played":"2919346101057120646","killed_by":"Snake Plant","ascension_level":4,"is_trial":false}