{"gold_per_floor":[216,234,309,116,116,116,145,11,35,35,0,15,49,19,19,122,122,142,412,337,352,49,49,68,82,82,82,100,118,118],"floor_reached":30,"playtime":1934,"items_purged":["Strike_R","Strike_R"],"score":238,"play_id":"b802354c-b977-4646-831c-50254639e034","local_time":"20181013125059","is_ascension_mode":false,"campfire_choices":[{"data":"Entrench","floor":6,"key":"SMITH"},{"floor":10,"key":"REST"},{"floor":15,"key":"REST"},{"floor":23,"key":"REST"}],"neow_cost":"NONE","seed_source_timestamp":240011259519964,"circlet_count":0,"master_deck":["Strike_R","Strike_R","Defend_R","Defend_R","Defend_R","Defend_R","Inflame","Entrench+1","Disarm","Inflame","Body Slam","Metallicize","Cleave","Flame Barrier","Headbutt","Double Tap","Heavy Blade+1","Flex+1","Pommel Strike+1","Heavy Blade","Whirlwind","Shrug It Off","Flex"],"relics":["Burning Blood","Pen Nib","Bottled Tornado","Oddly Smooth Stone","Bronze Scales","Astrolabe","HandDrill","Nunchaku"],"potions_floor_usage":[7],"damage_taken":[{"damage":0,"enemies":"Small Slimes","floor":1,"turns":4},{"damage":1,"enemies":"Cultist","floor":2,"turns":4},{"damage":52,"enemies":"Lagavulin","floor":7,"turns":8},{"damage":7,"enemies":"2 Louse","floor":12,"turns":6},{"damage":63,"enemies":"Gremlin Nob","floor":13,"turns":7},{"damage":9,"enemies":"Looter","floor":14,"turns":4},{"damage":29,"enemies":"Hexaghost","floor":16,"turns":13},{"damage":20,"enemies":"Spheric Guardian","floor":18,"turns":3},{"damage":15,"enemies":"3 Byrds","floor":21,"turns":3},{"damage":8,"enemies":"Centurion and Healer","floor":24,"turns":6},{"damage":0,"enemies":"Snake Plant","floor":25,"turns":2},{"damage":26,"enemies":"Snecko","floor":28,"turns":7},{"damage":32,"enemies":"Cultist and Chosen","floor":29,"turns":8},{"damage":15,"enemies":"3 Cultists","floor":30,"turns":3}],"seed_played":"-1850038481042142256","potions_obtained":[{"floor":1,"key":"SteroidPotion"},{"floor":13,"key":"SpeedPotion"},{"floor":16,"key":"GamblersBrew"},{"floor":21,"key":"FearPotion"},{"floor":25,"key":"Weak Potion"}],"is_trial":false,"path_per_floor":["M","M","?","$","?","R","E","$","T","R","?","M","E","M","R","B",null,"M","?","?","M","$","R","M","M","T","?","M","M"],"character_chosen":"IRONCLAD","items_purchased":["Disarm","Inflame","Metallicize","HandDrill","Whirlwind","Shrug It Off"],"campfire_rested":3,"item_purchase_floors":[4,4,8,22,22,22],"current_hp_per_floor":[80,80,72,72,72,72,26,26,26,50,70,69,12,9,33,10,80,66,34,34,25,25,49,47,53,53,53,33,7,0],"gold":118,"neow_bonus":"HUNDRED_GOLD","is_prod":false,"is_daily":false,"chose_seed":false,"campfire_upgraded":1,"win_rate":0,"timestamp":1539431459,"path_taken":["M","M","?","$","?","R","E","$","T","R","?","M","E","M","R","BOSS","M","?","?","M","$","R","?","M","T","?","M","M","M"],"build_version":"2018-10-11","purchased_purges":2,"victory":false,"max_hp_per_floor":[80,80,80,80,80,80,80,80,80,80,80,80,80,80,80,80,80,80,80,80,80,80,80,80,80,80,80,80,80,80],"card_choices":[{"not_picked":["Body Slam","Seeing Red"],"picked":"Inflame","floor":1},{"not_picked":["Armaments","Thunderclap"],"picked":"Entrench","floor":2},{"not_picked":["Havoc","Combust"],"picked":"Body Slam","floor":7},{"not_picked":["Clothesline","Shrug It Off"],"picked":"Cleave","floor":12},{"not_picked":["Headbutt","Brutality"],"picked":"Flame Barrier","floor":13},{"not_picked":["Feel No Pain","Clothesline"],"picked":"Headbutt","floor":14},{"not_picked":["Offering","Feed"],"picked":"Double Tap","floor":16},{"not_picked":["Burning Pact","Twin Strike"],"picked":"Pommel Strike+1","floor":18},{"not_picked":["Clothesline","Cleave"],"picked":"Heavy Blade","floor":21},{"not_picked":["Carnage","Rupture","Anger"],"picked":"SKIP","floor":24},{"not_picked":["Wild Strike","Clothesline+1"],"picked":"Flex","floor":25},{"not_picked":["Fire Breathing","Body Slam","Perfected Strike"],"picked":"SKIP","floor":28},{"not_picked":["Double Tap","Twin Strike+1","Flame Barrier"],"picked":"SKIP","floor":29}],"player_experience":219192,"relics_obtained":[{"floor":7,"key":"Bottled Tornado"},{"floor":9,"key":"Oddly Smooth Stone"},{"floor":13,"key":"Bronze Scales"},{"floor":26,"key":"Nunchaku"}],"event_choices":[{"event_name":"FaceTrader","player_choice":"Touch","floor":3,"damage_taken":0},{"event_name":"Big Fish","player_choice":"Box","floor":5,"damage_taken":0},{"event_name":"The Cleric","player_choice":"Healed","floor":11,"damage_taken":0},{"event_name":"Knowing Skull","player_choice":"GOLD GOLD GOLD ","floor":19,"damage_taken":0},{"event_name":"Beggar","player_choice":"Gave Gold","floor":20,"damage_taken":0},{"event_name":"Ghosts","player_choice":"Ignored","floor":27,"damage_taken":0}],"is_beta":false,"boss_relics":[{"not_picked":["Ectoplasm","Lizard Tail"],"picked":"Astrolabe"}],"items_purged_floors":[4,8],"is_endless":false,"potions_floor_spawned":[1,13,16,21,25],"killed_by":"3 Cultists","ascension_level":0}