{"path_per_floor":["M","M","?","?","$","E","R","M","T","M","R","M","M","M","R","B",null,"M","$","?","M","M","R","M","M","T","?","M","M","M","M","R"],"character_chosen":"IRONCLAD","items_purchased":["Inflame","Double Tap"],"gold_per_floor":[111,129,129,129,51,78,78,91,142,152,152,168,180,193,193,292,292,308,77,177,193,207,207,219,230,230,230,240,259,270,280,280],"floor_reached":33,"campfire_rested":1,"playtime":1064,"current_hp_per_floor":[80,80,77,77,77,80,80,80,80,78,78,80,72,66,66,62,80,80,80,80,80,67,67,44,41,41,41,46,28,30,32,56],"items_purged":["Defend_R"],"gold":280,"score":338,"play_id":"25a239d4-4994-4515-a476-e179fdf50820","local_time":"20180321222808","is_prod":false,"is_daily":false,"is_ascension_mode":true,"campfire_upgraded":4,"timestamp":1521685688,"path_taken":["M","M","?","?","$","E","R","M","T","?","R","M","?","M","R","BOSS","M","$","?","M","M","R","?","M","T","?","M","M","M","M","R","BOSS"],"build_version":"2018-03-15v3","purchased_purges":1,"victory":false,"master_deck":["Strike_R","Strike_R","Strike_R","Strike_R","Strike_R","Defend_R","Defend_R","Defend_R","Bash","Pummel","Perfected Strike+1","Inflame+1","Whirlwind+1","Sword Boomerang+1","Offering","Heavy Blade+1","Double Tap","Rupture","Warcry+1","Seeing Red+1","Shrug It Off+1"],"max_hp_per_floor":[80,80,80,80,80,80,80,80,80,80,80,80,80,80,80,80,80,80,80,80,80,80,80,80,80,80,80,80,80,80,80,80],"relics":["Burning Blood","NeowsBlessing","Centennial Puzzle","Bag of Preparation","Bag of Marbles","Runic Dome","Pen Nib","Bronze Scales"],"card_choices":[{"not_picked":["Armaments","Warcry"],"picked":"Pummel"},{"not_picked":["Shockwave","Rupture"],"picked":"Perfected Strike"},{"not_picked":["Blood for Blood","Rupture"],"picked":"Whirlwind"},{"not_picked":["Wild Strike","Combust"],"picked":"Sword Boomerang"},{"not_picked":["Reaper","Barricade"],"picked":"Offering"},{"not_picked":["Evolve","Headbutt"],"picked":"Heavy Blade"},{"not_picked":["Pommel Strike","Feel No Pain"],"picked":"Rupture"},{"not_picked":["Sentinel","Power Through"],"picked":"Warcry"},{"not_picked":["Sword Boomerang","Sentinel"],"picked":"Seeing Red"},{"not_picked":["Dropkick","Immolate"],"picked":"Shrug It Off"}],"player_experience":309976,"potions_floor_usage":[16,33,33],"damage_taken":[{"damage":0,"enemies":"2 Louse","floor":1,"turns":1},{"damage":0,"enemies":"Jaw Worm","floor":2,"turns":1},{"damage":0,"enemies":"Lagavulin","floor":6,"turns":1},{"damage":0,"enemies":"Small Slimes","floor":8,"turns":3},{"damage":8,"enemies":"Exordium Thugs","floor":10,"turns":2},{"damage":0,"enemies":"Lots of Slimes","floor":12,"turns":1},{"damage":14,"enemies":"Red Slaver","floor":13,"turns":2},{"damage":12,"enemies":"Gremlin Gang","floor":14,"turns":3},{"damage":10,"enemies":"Slime Boss","floor":16,"turns":4},{"damage":4,"enemies":"Spheric Guardian","floor":18,"turns":2},{"damage":4,"enemies":"Chosen","floor":21,"turns":1},{"damage":19,"enemies":"Snake Plant","floor":22,"turns":2},{"damage":29,"enemies":"Slaver and Parasite","floor":24,"turns":2},{"damage":9,"enemies":"Snecko","floor":25,"turns":3},{"damage":1,"enemies":"3 Cultists","floor":28,"turns":2},{"damage":24,"enemies":"Snake Plant","floor":29,"turns":2},{"damage":4,"enemies":"Sentry and Sphere","floor":30,"turns":2},{"damage":4,"enemies":"Cultist and Chosen","floor":31,"turns":3},{"damage":68,"enemies":"Champ","floor":33,"turns":5}],"event_choices":[{"event_name":"Scrap Ooze","player_choice":"success","floor":3,"damage_taken":3},{"event_name":"Living Wall","player_choice":"Grow","floor":4,"damage_taken":0},{"event_name":"Golden Shrine","player_choice":"Pray","floor":20,"damage_taken":0},{"event_name":"The Mausoleum","player_choice":"Yes","floor":27,"damage_taken":0}],"boss_relics":[{"not_picked":["Black Blood","Cursed Key"],"picked":"Runic Dome"}],"potions_floor_spawned":[2,6,8,10,13,18,22,24,30,31],"seed_played":"1787680484695535769","killed_by":"Champ","ascension_level":4,"is_trial":false}