{"gold_per_floor":[112,40,116,132,132,163,163,188,242,268,268,282,309,321,333,441,453,478,490,417,441,473,485,529,541,602,627,639,651,663,700,712,821,833,863,649,664,664,168,168,200,200,223,257,257,268,368,379,379,379],"floor_reached":51,"playtime":5674,"items_purged":["Strike_R","Strike_R"],"score":1317,"play_id":"ba2578d0-6f0e-433b-8ea8-47c61dc0e411","local_time":"20190213184454","is_ascension_mode":true,"campfire_choices":[{"floor":7,"key":"REST"},{"data":"Metallicize","floor":15,"key":"SMITH"},{"floor":23,"key":"REST"},{"floor":25,"key":"REST"},{"data":"Flame Barrier","floor":30,"key":"SMITH"},{"data":"Bash","floor":32,"key":"SMITH"},{"floor":40,"key":"REST"},{"data":"Demon Form","floor":42,"key":"SMITH"},{"floor":45,"key":"REST"},{"floor":49,"key":"REST"}],"neow_cost":"NONE","seed_source_timestamp":50323848837400,"circlet_count":0,"master_deck":["AscendersBane","Strike_R","Strike_R","Defend_R","Defend_R+1","Defend_R+1","Defend_R","Bash+1","Clothesline+1","Metallicize+1","Clothesline","Entrench","Disarm","Juggernaut","Flame Barrier+1","Body Slam","Demon Form+1","Inflame","Pummel","Pain","Uppercut","Heavy Blade"],"relics":["Snecko Eye","PreservedInsect","Red Skull","Pear","Art of War","Bottled Flame","MawBank","Eternal Feather","Strawberry","Orichalcum","War Paint","Champion Belt","Cursed Key","Anchor","Paper Frog","Bag of Preparation","Boot","Oddly Smooth Stone","The Courier","FossilizedHelix"],"potions_floor_usage":[16,18,22,27,33,33,46],"damage_taken":[{"damage":4,"enemies":"Small Slimes","floor":1,"turns":3},{"damage":2,"enemies":"Cultist","floor":4,"turns":4},{"damage":11,"enemies":"3 Sentries","floor":6,"turns":6},{"damage":4,"enemies":"Gremlin Nob","floor":8,"turns":3},{"damage":2,"enemies":"Lagavulin","floor":10,"turns":5},{"damage":8,"enemies":"Jaw Worm","floor":12,"turns":4},{"damage":0,"enemies":"Gremlin Nob","floor":13,"turns":2},{"damage":39,"enemies":"Slime Boss","floor":16,"turns":7},{"damage":34,"enemies":"3 Byrds","floor":18,"turns":7},{"damage":5,"enemies":"Shell Parasite","floor":21,"turns":5},{"damage":26,"enemies":"Snake Plant","floor":22,"turns":4},{"damage":31,"enemies":"Slavers","floor":24,"turns":5},{"damage":12,"enemies":"Cultist and Chosen","floor":27,"turns":10},{"damage":23,"enemies":"Gremlin Leader","floor":31,"turns":7},{"damage":53,"enemies":"Automaton","floor":33,"turns":11},{"damage":20,"enemies":"3 Darklings","floor":35,"turns":5},{"damage":7,"enemies":"3 Shapes","floor":37,"turns":5},{"damage":0,"enemies":"Nemesis","floor":41,"turns":5},{"damage":59,"enemies":"Reptomancer","floor":44,"turns":5},{"damage":4,"enemies":"Transient","floor":46,"turns":5},{"damage":2,"enemies":"Mind Bloom Boss Battle","floor":47,"turns":4},{"damage":20,"enemies":"Spire Growth","floor":48,"turns":5},{"damage":37,"enemies":"Time Eater","floor":50,"turns":7}],"seed_played":"1121919869204904443","potions_obtained":[{"floor":4,"key":"Strength Potion"},{"floor":6,"key":"Energy Potion"},{"floor":16,"key":"Dexterity Potion"},{"floor":18,"key":"FearPotion"},{"floor":24,"key":"Block Potion"},{"floor":31,"key":"Strength Potion"},{"floor":44,"key":"GamblersBrew"},{"floor":46,"key":"Explosive Potion"},{"floor":48,"key":"SteroidPotion"}],"is_trial":false,"path_per_floor":["M","$","?","M","?","E","R","E","T","E","?","M","E","?","R","B",null,"M","$","?","M","M","R","E","R","T","M","?","?","R","E","R","B",null,"M","$","M","?","$","R","E","R","T","E","R","M","?","M","R","B",null],"character_chosen":"IRONCLAD","items_purchased":["Metallicize","Anchor","Paper Frog","Bag of Preparation"],"campfire_rested":6,"item_purchase_floors":[2,36,39,39],"current_hp_per_floor":[68,68,68,66,59,48,72,78,78,76,76,68,68,68,68,29,75,41,41,48,43,17,55,24,62,62,50,82,82,91,68,77,24,79,59,59,52,52,52,90,90,97,97,38,79,75,73,53,94,57],"gold":379,"neow_bonus":"BOSS_RELIC","is_prod":false,"is_daily":false,"chose_seed":false,"campfire_upgraded":4,"win_rate":0,"timestamp":1550101494,"path_taken":["M","$","?","M","?","E","R","E","T","E","?","?","E","?","R","BOSS","M","$","?","M","M","R","E","R","T","M","?","?","R","E","R","BOSS","M","$","?","?","$","R","E","R","T","E","R","M","?","M","R","BOSS"],"build_version":"2019-01-23","purchased_purges":2,"victory":true,"max_hp_per_floor":[80,80,80,80,80,80,80,90,90,90,90,90,90,90,90,90,90,90,90,97,97,97,97,97,97,97,97,97,97,97,97,97,97,97,97,97,97,97,97,97,97,97,97,97,97,97,97,97,97,97],"card_choices":[{"not_picked":["Heavy Blade","True Grit"],"picked":"Clothesline","floor":1},{"not_picked":["Pommel Strike","Battle Trance"],"picked":"Clothesline","floor":4},{"not_picked":["Clash","Power Through"],"picked":"Entrench","floor":6},{"not_picked":["Ghostly Armor","Thunderclap"],"picked":"Disarm","floor":8},{"not_picked":["Headbutt","Offering","Rupture"],"picked":"SKIP","floor":10},{"not_picked":["Pommel Strike","Hemokinesis","Flex"],"picked":"SKIP","floor":12},{"not_picked":["Headbutt","Pommel Strike"],"picked":"Juggernaut","floor":13},{"not_picked":["Hemokinesis+1","Wild Strike"],"picked":"Flame Barrier","floor":18},{"not_picked":["Perfected Strike+1","Infernal Blade"],"picked":"Body Slam","floor":21},{"not_picked":["True Grit","Hemokinesis","Flex"],"picked":"SKIP","floor":22},{"not_picked":["Pommel Strike","Clash+1","Rupture"],"picked":"SKIP","floor":24},{"not_picked":["Warcry","Fire Breathing","Reckless Charge"],"picked":"SKIP","floor":27},{"not_picked":["Battle Trance","Sword Boomerang","Twin Strike"],"picked":"SKIP","floor":31},{"not_picked":["Dark Embrace","Impervious"],"picked":"Demon Form","floor":33},{"not_picked":["Warcry+1","Bloodletting","Clothesline+1"],"picked":"SKIP","floor":35},{"not_picked":["Clash","Body Slam"],"picked":"Inflame","floor":37},{"not_picked":["Cleave","Iron Wave"],"picked":"Pummel","floor":41},{"not_picked":["Rampage","Body Slam"],"picked":"Uppercut","floor":44},{"not_picked":["Exhume","Havoc+1","True Grit"],"picked":"SKIP","floor":46},{"not_picked":["Pummel+1","Carnage"],"picked":"Heavy Blade","floor":48}],"player_experience":1187777,"relics_obtained":[{"floor":6,"key":"Red Skull"},{"floor":8,"key":"Pear"},{"floor":9,"key":"Art of War"},{"floor":10,"key":"Bottled Flame"},{"floor":13,"key":"MawBank"},{"floor":24,"key":"Orichalcum"},{"floor":26,"key":"War Paint"},{"floor":31,"key":"Champion Belt"},{"floor":41,"key":"Boot"},{"floor":43,"key":"Oddly Smooth Stone"},{"floor":44,"key":"The Courier"},{"floor":47,"key":"FossilizedHelix"}],"event_choices":[{"damage_healed":0,"gold_gain":76,"player_choice":"Gained Gold","damage_taken":0,"max_hp_gain":0,"max_hp_loss":0,"event_name":"Golden Wing","floor":3,"gold_loss":0},{"damage_healed":0,"gold_gain":0,"player_choice":"Success","damage_taken":7,"relics_obtained":["PreservedInsect"],"max_hp_gain":0,"max_hp_loss":0,"event_name":"Scrap Ooze","floor":5,"gold_loss":0},{"damage_healed":0,"gold_gain":0,"player_choice":"Upgraded","damage_taken":0,"max_hp_gain":0,"max_hp_loss":0,"event_name":"Upgrade Shrine","floor":11,"gold_loss":0,"cards_upgraded":["Clothesline"]},{"cards_removed":["Strike_R"],"damage_healed":0,"gold_gain":0,"player_choice":"Forget","damage_taken":0,"max_hp_gain":0,"max_hp_loss":0,"event_name":"Living Wall","floor":14,"gold_loss":0},{"damage_healed":0,"gold_gain":0,"player_choice":"Obtained Relic","damage_taken":0,"relics_obtained":["Strawberry"],"max_hp_gain":0,"max_hp_loss":0,"event_name":"Addict","floor":20,"gold_loss":85},{"damage_healed":32,"gold_gain":0,"player_choice":"Heal","damage_taken":0,"max_hp_gain":0,"max_hp_loss":0,"event_name":"The Library","floor":28,"gold_loss":0},{"damage_healed":0,"gold_gain":0,"player_choice":"Leave","damage_taken":0,"max_hp_gain":0,"max_hp_loss":0,"event_name":"FaceTrader","floor":29,"gold_loss":0},{"damage_healed":0,"gold_gain":0,"player_choice":"Ignored","damage_taken":0,"max_hp_gain":0,"max_hp_loss":0,"event_name":"Tomb of Lord Red Mask","floor":38,"gold_loss":0},{"damage_healed":0,"gold_gain":0,"player_choice":"Fight","damage_taken":0,"max_hp_gain":0,"max_hp_loss":0,"event_name":"MindBloom","floor":47,"gold_loss":0}],"is_beta":false,"boss_relics":[{"not_picked":["Tiny House","Astrolabe"],"picked":"Eternal Feather"},{"not_picked":["Mark of Pain","Pandora\u0027s Box"],"picked":"Cursed Key"}],"items_purged_floors":[36,39],"is_endless":false,"potions_floor_spawned":[4,6,13,16,18,24,31,44,46,48],"ascension_level":12}