{"gold_per_floor":[15,28,28,44,63,63,97,97,97,113,113,133,58,75,75,153,203,222,222,147,197,210,210,225,225],"floor_reached":25,"playtime":749,"items_purged":["Strike_R"],"score":497,"play_id":"bf85770a-0683-45ce-9815-1acb9c9fa055","local_time":"20190302194125","is_ascension_mode":true,"campfire_choices":[{"data":"Searing Blow+1","floor":6.0,"key":"SMITH"},{"data":"Searing Blow+2","floor":8.0,"key":"SMITH"},{"data":"Searing Blow+3","floor":15.0,"key":"SMITH"},{"data":"Searing Blow+4","floor":23,"key":"SMITH"}],"neow_cost":"NO_GOLD","seed_source_timestamp":0,"circlet_count":0,"master_deck":["AscendersBane","Strike_R+1","Strike_R+1","Strike_R+1","Defend_R+1","Defend_R+1","Defend_R+1","Cleave","Searing Blow+5","Thunderclap","Warcry","Headbutt","Warcry"],"special_seed":0,"relics":["Burning Blood","Pantograph","Shuriken","Tiny House"],"potions_floor_usage":[22],"damage_taken":[{"damage":4.0,"enemies":"Small Slimes","floor":1.0,"turns":4.0},{"damage":2.0,"enemies":"Cultist","floor":2.0,"turns":4.0},{"damage":10.0,"enemies":"2 Louse","floor":4.0,"turns":2.0},{"damage":19.0,"enemies":"Blue Slaver","floor":5.0,"turns":5.0},{"damage":23.0,"enemies":"Lagavulin","floor":7.0,"turns":7.0},{"damage":0.0,"enemies":"Large Slime","floor":10.0,"turns":3.0},{"damage":14.0,"enemies":"Red Slaver","floor":12.0,"turns":2.0},{"damage":0.0,"enemies":"Lots of Slimes","floor":14.0,"turns":1.0},{"damage":0.0,"enemies":"Slime Boss","floor":16.0,"turns":5.0},{"damage":19.0,"enemies":"Shell Parasite","floor":18.0,"turns":3.0},{"damage":24,"enemies":"3 Byrds","floor":22,"turns":3},{"damage":8,"enemies":"Snake Plant","floor":24,"turns":3},{"damage":50,"enemies":"Book of Stabbing","floor":25,"turns":3}],"seed_played":"-6388738654118556049","potions_obtained":[{"floor":2.0,"key":"Block Potion"},{"floor":5.0,"key":"AttackPotion"},{"floor":7.0,"key":"SpeedPotion"},{"floor":12.0,"key":"LiquidBronze"},{"floor":17.0,"key":"AttackPotion"},{"floor":24,"key":"Ancient Potion"}],"is_trial":false,"path_per_floor":["M","M","?","M","M","R","E","R","T","M","?","M","$","M","R","B",null,"M","?","?","?","M","R","M","E"],"character_chosen":"IRONCLAD","items_purchased":[],"campfire_rested":0,"item_purchase_floors":[],"current_hp_per_floor":[70,74,74,70,57,57,40,40,40,46,46,38,38,44,44,75,80,67,67,67,67,49,49,47,0],"gold":225,"neow_bonus":"REMOVE_TWO","is_prod":false,"is_daily":false,"chose_seed":false,"campfire_upgraded":4,"win_rate":0,"timestamp":1551523285,"path_taken":["M","M","?","M","M","R","E","R","T","?","?","M","$","M","R","BOSS","M","?","?","?","M","R","?","E"],"build_version":"2019-01-23","purchased_purges":1,"victory":false,"max_hp_per_floor":[75,75,75,75,75,75,75,75,75,75,75,75,75,75,75,75,80,80,80,80,80,80,80,80,80],"card_choices":[{"not_picked":["Pommel Strike","Perfected Strike"],"picked":"Cleave","floor":1.0},{"not_picked":["Second Wind","Shockwave"],"picked":"Searing Blow","floor":2.0},{"not_picked":["Pummel","Havoc","Heavy Blade"],"picked":"SKIP","floor":4.0},{"not_picked":["Flex","Clothesline"],"picked":"Thunderclap","floor":5.0},{"not_picked":["Bloodletting","Perfected Strike"],"picked":"Warcry","floor":7.0},{"not_picked":["Whirlwind","Body Slam","Power Through"],"picked":"SKIP","floor":10.0},{"not_picked":["Bloodletting","Sword Boomerang","Flex"],"picked":"SKIP","floor":12.0},{"not_picked":["Wild Strike","Havoc","Whirlwind"],"picked":"SKIP","floor":14.0},{"not_picked":["Corruption","Reckless Charge"],"picked":"Headbutt","floor":18.0},{"not_picked":["True Grit","Pommel Strike","Sentinel+1"],"picked":"SKIP","floor":22},{"not_picked":["Berserk","Headbutt+1"],"picked":"Warcry","floor":24}],"player_experience":1000056,"relics_obtained":[{"floor":7.0,"key":"Pantograph"},{"floor":9.0,"key":"Shuriken"}],"event_choices":[{"damage_healed":0.0,"max_hp_gain":0.0,"max_hp_loss":0.0,"gold_gain":0.0,"event_name":"Accursed Blacksmith","player_choice":"Forge","floor":3.0,"gold_loss":0.0,"damage_taken":0.0,"cards_upgraded":["Searing Blow"]},{"damage_healed":0.0,"max_hp_gain":0.0,"max_hp_loss":0.0,"gold_gain":0.0,"event_name":"Scrap Ooze","player_choice":"Fled","floor":11.0,"gold_loss":0.0,"damage_taken":0.0},{"damage_healed":0.0,"max_hp_gain":0.0,"max_hp_loss":0.0,"gold_gain":0.0,"event_name":"Back to Basics","player_choice":"Simplicity","floor":19.0,"gold_loss":0.0,"damage_taken":0.0,"cards_upgraded":["Strike_R","Strike_R","Strike_R","Defend_R","Defend_R"]},{"cards_removed":["Bash"],"damage_healed":0.0,"max_hp_gain":0.0,"max_hp_loss":0.0,"gold_gain":0.0,"event_name":"Beggar","player_choice":"Gave Gold","floor":20.0,"gold_loss":75.0,"damage_taken":0.0},{"damage_healed":0,"gold_gain":100,"player_choice":"Bet on Murderer","damage_taken":0,"max_hp_gain":0,"max_hp_loss":0,"event_name":"The Joust","floor":21,"gold_loss":50}],"is_beta":false,"boss_relics":[{"not_picked":["Philosopher\u0027s Stone","Runic Dome"],"picked":"Tiny House"}],"items_purged_floors":[13],"is_endless":false,"potions_floor_spawned":[2,5,7,12,24],"killed_by":"Book of Stabbing","ascension_level":19}