{"gold_per_floor":[115,115,115,140,161,161,161,19,45,70,70,70,85,104,104,223,223,223,223,24,24,24,24,24,24,24,24,24,24,24,24,24,24,24,24,24,24,24,24,24,24,24,24,24,0,0,0,0,0,0],"floor_reached":51,"playtime":1048,"items_purged":[],"score":684,"play_id":"78aef06e-d717-43c9-8353-65deae3edec1","local_time":"20190228230442","is_ascension_mode":false,"campfire_choices":[{"data":"Flex","floor":6,"key":"SMITH"},{"data":"Flame Barrier","floor":11,"key":"SMITH"},{"data":"Limit Break","floor":15,"key":"SMITH"},{"data":"Heavy Blade","floor":24,"key":"SMITH"},{"data":"Inflame","floor":27,"key":"SMITH"},{"data":"Immolate","floor":29,"key":"SMITH"},{"data":"Immolate","floor":32,"key":"SMITH"},{"data":"Limit Break","floor":40,"key":"SMITH"},{"data":"Sword Boomerang","floor":42,"key":"SMITH"},{"data":"Defend_R","floor":44,"key":"SMITH"},{"floor":49,"key":"REST"}],"neow_cost":"NONE","seed_source_timestamp":3219716488725,"circlet_count":0,"master_deck":["Strike_R","Strike_R","Strike_R","Strike_R","Strike_R","Defend_R","Defend_R+1","Defend_R+1","Defend_R+1","Bash+1","Flex+1","Headbutt+1","Sword Boomerang+1","Immolate+1","Flame Barrier+1","Limit Break+1","Inflame+1","Immolate+1","Heavy Blade+1","Headbutt","Whirlwind+1","Armaments+1","Limit Break+1","Flex+1","Infernal Blade+1","Flash of Steel","Battle Trance"],"relics":["Burning Blood","Oddly Smooth Stone","Golden Idol","War Paint","Pocketwatch","Ectoplasm","Nilry\u0027s Codex","ClockworkSouvenir","Tiny Chest","Self Forming Clay","Paper Frog","Mark of Pain","Boot","Red Mask"],"potions_floor_usage":[14,18,23,33,33,41,48],"damage_taken":[{"damage":0,"enemies":"Cultist","floor":1,"turns":4},{"damage":0,"enemies":"Small Slimes","floor":4,"turns":4},{"damage":5,"enemies":"2 Louse","floor":5,"turns":3},{"damage":1,"enemies":"Blue Slaver","floor":10,"turns":2},{"damage":1,"enemies":"Looter","floor":13,"turns":2},{"damage":0,"enemies":"Exordium Thugs","floor":14,"turns":3},{"damage":13,"enemies":"Slime Boss","floor":16,"turns":7},{"damage":8,"enemies":"3 Byrds","floor":18,"turns":2},{"damage":12,"enemies":"Shell Parasite","floor":21,"turns":3},{"damage":13,"enemies":"Gremlin Leader","floor":23,"turns":5},{"damage":12,"enemies":"Snake Plant","floor":25,"turns":3},{"damage":0,"enemies":"Sentry and Sphere","floor":28,"turns":3},{"damage":7,"enemies":"Centurion and Healer","floor":30,"turns":4},{"damage":0,"enemies":"3 Cultists","floor":31,"turns":2},{"damage":10,"enemies":"Automaton","floor":33,"turns":6},{"damage":0,"enemies":"3 Shapes","floor":35,"turns":3},{"damage":22,"enemies":"3 Darklings","floor":36,"turns":3},{"damage":18,"enemies":"Jaw Worm Horde","floor":41,"turns":3},{"damage":6,"enemies":"Sphere and 2 Shapes","floor":46,"turns":2},{"damage":21,"enemies":"Writhing Mass","floor":48,"turns":4},{"damage":37,"enemies":"Donu and Deca","floor":50,"turns":4}],"seed_played":"-154321465681312779","potions_obtained":[{"floor":4,"key":"Block Potion"},{"floor":5,"key":"SpeedPotion"},{"floor":10,"key":"LiquidBronze"},{"floor":21,"key":"Swift Potion"},{"floor":23,"key":"SpeedPotion"},{"floor":25,"key":"BloodPotion"},{"floor":30,"key":"PowerPotion"},{"floor":46,"key":"Block Potion"}],"is_trial":false,"path_per_floor":["M","?","?","M","M","R","?","$","T","M","R","T","M","M","R","B",null,"M","?","$","M","?","E","R","M","T","R","M","R","M","M","R","B",null,"M","M","?","?","?","R","M","R","T","R","?","M","$","M","R","B",null],"character_chosen":"IRONCLAD","items_purchased":["Immolate","ClockworkSouvenir"],"campfire_rested":1,"item_purchase_floors":[8,20],"current_hp_per_floor":[80,80,80,80,80,80,64,64,64,69,69,69,74,80,80,73,80,78,62,62,56,56,49,49,43,43,43,49,49,48,54,54,58,80,80,64,64,64,64,64,52,52,52,52,52,52,52,37,59,28],"gold":0,"neow_bonus":"RANDOM_COMMON_RELIC","is_prod":false,"is_daily":false,"chose_seed":false,"campfire_upgraded":10,"win_rate":0,"timestamp":1551416682,"path_taken":["M","?","?","M","M","R","?","$","T","M","R","?","M","M","R","BOSS","M","?","$","M","?","E","R","M","T","R","?","R","M","M","R","BOSS","M","M","?","?","?","R","M","R","T","R","?","M","?","?","R","BOSS"],"build_version":"2019-01-23","purchased_purges":0,"victory":true,"max_hp_per_floor":[80,80,80,80,80,80,80,80,80,80,80,80,80,80,80,80,80,80,80,80,80,80,80,80,80,80,80,80,80,80,80,80,80,80,80,80,80,76,76,76,76,76,76,76,76,76,76,76,76,76],"card_choices":[{"not_picked":["Wild Strike","Thunderclap"],"picked":"Flex","floor":1},{"not_picked":["Entrench","Body Slam"],"picked":"Headbutt","floor":4},{"not_picked":["Entrench","Anger"],"picked":"Sword Boomerang","floor":5},{"not_picked":["Battle Trance","Heavy Blade"],"picked":"Flame Barrier","floor":10},{"not_picked":["Combust","Cleave"],"picked":"Limit Break","floor":13},{"not_picked":["Body Slam","Havoc"],"picked":"Inflame","floor":14},{"not_picked":["Impervious","Berserk"],"picked":"Immolate","floor":16},{"not_picked":["Pommel Strike+1","Clothesline"],"picked":"Heavy Blade","floor":18},{"not_picked":["Cleave","Seeing Red"],"picked":"Metallicize+1","floor":21},{"not_picked":["Sword Boomerang","Combust"],"picked":"Headbutt","floor":23},{"not_picked":["Armaments","Anger+1","Burning Pact"],"picked":"SKIP","floor":25},{"not_picked":["Clothesline","Perfected Strike","Body Slam+1"],"picked":"SKIP","floor":28},{"not_picked":["Thunderclap+1","Juggernaut"],"picked":"Whirlwind+1","floor":30},{"not_picked":["Clothesline","Iron Wave+1"],"picked":"Armaments+1","floor":31},{"not_picked":["Immolate","Reaper"],"picked":"Limit Break","floor":33},{"not_picked":["Second Wind","Power Through+1"],"picked":"Flex+1","floor":35},{"not_picked":["Searing Blow","Body Slam+1"],"picked":"Infernal Blade+1","floor":36},{"not_picked":["Madness","Purity"],"picked":"Flash of Steel","floor":39},{"not_picked":["Warcry","Sword Boomerang+1","Clothesline"],"picked":"SKIP","floor":41},{"not_picked":["Sword Boomerang+1","Corruption"],"picked":"Battle Trance","floor":46},{"not_picked":["Evolve","Heavy Blade","Entrench+1"],"picked":"SKIP","floor":48}],"player_experience":950161,"relics_obtained":[{"floor":9,"key":"War Paint"},{"floor":12,"key":"Pocketwatch"},{"floor":19,"key":"Nilry\u0027s Codex"},{"floor":23,"key":"Self Forming Clay"},{"floor":26,"key":"Paper Frog"},{"floor":43,"key":"Boot"}],"event_choices":[{"damage_healed":0,"gold_gain":0,"player_choice":"Take Wound","damage_taken":0,"relics_obtained":["Golden Idol"],"max_hp_gain":0,"max_hp_loss":0,"event_name":"Golden Idol","floor":2,"gold_loss":0,"cards_obtained":["Injury"]},{"cards_removed":["Injury"],"damage_healed":0,"gold_gain":0,"player_choice":"Forget","damage_taken":0,"max_hp_gain":0,"max_hp_loss":0,"event_name":"Living Wall","floor":3,"gold_loss":0},{"damage_healed":0,"gold_gain":0,"player_choice":"Entered Light","damage_taken":16,"max_hp_gain":0,"max_hp_loss":0,"event_name":"Shining Light","floor":7,"gold_loss":0,"cards_upgraded":["Headbutt","Bash"]},{"damage_healed":0,"gold_gain":0,"player_choice":"Obtained Book","damage_taken":16,"max_hp_gain":0,"max_hp_loss":0,"event_name":"Cursed Tome","floor":19,"gold_loss":0},{"damage_healed":0,"gold_gain":0,"player_choice":"Gave Potion","damage_taken":0,"relics_obtained":["Tiny Chest"],"max_hp_gain":0,"max_hp_loss":0,"event_name":"WeMeetAgain","floor":22,"gold_loss":0},{"cards_removed":["Metallicize"],"damage_healed":0,"gold_gain":0,"player_choice":"Removed Power","damage_taken":0,"max_hp_gain":0,"max_hp_loss":0,"event_name":"Falling","floor":37,"gold_loss":0},{"damage_healed":0,"gold_gain":0,"player_choice":"Max HP","damage_taken":0,"max_hp_gain":0,"max_hp_loss":4,"event_name":"Winding Halls","floor":38,"gold_loss":0},{"damage_healed":0,"gold_gain":0,"player_choice":"Memory 1","damage_taken":0,"max_hp_gain":0,"max_hp_loss":0,"event_name":"SensoryStone","floor":39,"gold_loss":0},{"damage_healed":0,"gold_gain":0,"player_choice":"Paid","damage_taken":0,"relics_obtained":["Red Mask"],"max_hp_gain":0,"max_hp_loss":0,"event_name":"Tomb of Lord Red Mask","floor":45,"gold_loss":24}],"is_beta":false,"boss_relics":[{"not_picked":["Pandora\u0027s Box","Runic Cube"],"picked":"Ectoplasm"},{"not_picked":["Coffee Dripper","White Beast Statue"],"picked":"Mark of Pain"}],"items_purged_floors":[],"is_endless":false,"potions_floor_spawned":[4,5,10,21,23,25,30,46],"ascension_level":0}