{"path_per_floor":["M","M","$","M","$","R","$","M","T","M","R","M","R","?","R","B",null,"M","?","M","$","T","R","E","M","T","R","M","?","R","M","R","B",null,"M","M","?","?"],"character_chosen":"IRONCLAD","items_purchased":["Rampage","Rampage"],"gold_per_floor":[115,127,60,72,72,72,0,10,10,21,21,31,31,87,87,185,185,200,200,210,135,135,135,163,175,175,175,191,191,191,211,211,316,316,330,347,347,347,347],"floor_reached":39,"campfire_rested":4,"playtime":3062,"current_hp_per_floor":[80,73,73,72,72,72,72,64,64,62,62,68,68,34,58,14,80,80,80,53,53,53,59,31,19,19,49,35,19,51,36,68,21,83,66,17,17,17,0],"items_purged":["Strike_R"],"gold":347,"score":499,"play_id":"57dfc728-d56a-4447-8011-9fe35b5f07d9","local_time":"20180324004100","is_prod":false,"is_daily":false,"is_ascension_mode":true,"campfire_upgraded":4,"timestamp":1521866460,"path_taken":["M","?","?","M","$","R","$","M","T","?","R","M","R","?","R","BOSS","M","?","M","$","?","R","E","?","T","R","M","?","R","M","R","BOSS","M","M","?","?","?"],"build_version":"2018-03-22v2","purchased_purges":1,"victory":false,"master_deck":["Strike_R","Strike_R","Defend_R","Defend_R","Defend_R","Defend_R","Bash","Warcry","Heavy Blade+1","Dual Wield","Rampage","Spot Weakness","Rampage+1","Double Tap","Whirlwind+1","True Grit+1","Heavy Blade","Shrug It Off+1","Spot Weakness","Offering","Limit Break+1","Sword Boomerang"],"max_hp_per_floor":[80,80,80,80,80,80,80,80,80,80,80,80,80,80,80,80,80,80,80,80,80,80,80,80,80,80,80,80,80,80,83,83,83,83,83,83,83,83,83],"relics":["Burning Blood","Shovel","Centennial Puzzle","Eternal Feather","Smiling Mask","Prayer Wheel","Happy Flower","Nilry\u0027s Codex","Lizard Tail"],"card_choices":[{"not_picked":["Flex","Corruption"],"picked":"Heavy Blade","floor":1.0},{"not_picked":["Twin Strike","Cleave"],"picked":"Dual Wield","floor":2.0},{"not_picked":["Fire Breathing","Headbutt"],"picked":"Spot Weakness","floor":4.0},{"not_picked":["Body Slam","Entrench"],"picked":"Double Tap","floor":10.0},{"not_picked":["Body Slam","Shockwave"],"picked":"Whirlwind","floor":12.0},{"not_picked":["Twin Strike","Headbutt"],"picked":"True Grit","floor":14.0},{"not_picked":["Fiend Fire","Impervious"],"picked":"Berserk","floor":16.0},{"not_picked":["Armaments","Power Through"],"picked":"Heavy Blade","floor":20.0},{"not_picked":["Power Through","Headbutt"],"picked":"Shrug It Off","floor":24.0},{"not_picked":["Thunderclap","Heavy Blade"],"picked":"Spot Weakness","floor":28.0},{"not_picked":["Clothesline","Power Through"],"picked":"Offering","floor":31.0},{"not_picked":["Immolate","Feed"],"picked":"Limit Break","floor":33.0},{"not_picked":["Intimidate","Pommel Strike"],"picked":"Sword Boomerang","floor":36}],"player_experience":333803,"potions_floor_usage":[39],"damage_taken":[{"damage":1.0,"enemies":"Cultist","floor":1.0,"turns":3.0},{"damage":13.0,"enemies":"2 Louse","floor":2.0,"turns":3.0},{"damage":7.0,"enemies":"Jaw Worm","floor":4.0,"turns":3.0},{"damage":14.0,"enemies":"Blue Slaver","floor":8.0,"turns":4.0},{"damage":8.0,"enemies":"3 Louse","floor":10.0,"turns":4.0},{"damage":0.0,"enemies":"Large Slime","floor":12.0,"turns":5.0},{"damage":40.0,"enemies":"Lagavulin Event","floor":14.0,"turns":4.0},{"damage":50.0,"enemies":"The Guardian","floor":16.0,"turns":10.0},{"damage":6.0,"enemies":"3 Byrds","floor":18.0,"turns":4.0},{"damage":33.0,"enemies":"Shell Parasite","floor":20.0,"turns":4.0},{"damage":34.0,"enemies":"Gremlin Leader","floor":24.0,"turns":7.0},{"damage":18.0,"enemies":"3 Cultists","floor":25.0,"turns":4.0},{"damage":20.0,"enemies":"Snecko","floor":28.0,"turns":4.0},{"damage":24.0,"enemies":"Snake Plant","floor":31.0,"turns":2.0},{"damage":53.0,"enemies":"Champ","floor":33.0,"turns":8.0},{"damage":23.0,"enemies":"Orb Walker","floor":35.0,"turns":3.0},{"damage":104,"enemies":"3 Darklings","floor":36,"turns":8},{"damage":19,"enemies":"Maw","floor":39,"turns":4}],"event_choices":[{"event_name":"Dead Adventurer","player_choice":"Searched \u00272\u0027 times","floor":14.0,"damage_taken":0.0},{"event_name":"Back to Basics","player_choice":"Elegance","floor":19.0,"damage_taken":0.0},{"event_name":"Cursed Tome","player_choice":"Obtained Book","floor":29.0,"damage_taken":0.0},{"event_name":"Upgrade Shrine","player_choice":"Upgraded","floor":38,"damage_taken":0}],"boss_relics":[],"potions_floor_spawned":[4,10,12,14,14,18,25,28,36],"seed_played":"-2099072683603258355","killed_by":"Maw","ascension_level":4,"is_trial":false}