{"gold_per_floor":[113,113,113,213,225,1,31,31,88,113,113,142,142,162,162,162],"floor_reached":16,"playtime":552,"items_purged":["Regret"],"score":190,"play_id":"249ee862-0f21-4b5d-a1a7-aa4ec05b10fb","local_time":"20181222110037","is_ascension_mode":true,"campfire_choices":[{"data":"Neutralize","floor":8,"key":"SMITH"},{"floor":11,"key":"REST"},{"data":"After Image","floor":15,"key":"SMITH"}],"neow_cost":"NONE","seed_source_timestamp":148017136679937,"circlet_count":0,"master_deck":["Defend_G","Defend_G","Defend_G","Defend_G+1","Defend_G","Strike_G","Strike_G","Strike_G","Strike_G+1","Strike_G","Survivor","Neutralize+1","Bouncing Flask","Expertise","Distraction","Dash","After Image+1"],"relics":["Ring of the Snake","NeowsBlessing","Gambling Chip","Boot","Blue Candle","Tiny Chest","Singing Bowl","Sundial","Centennial Puzzle"],"potions_floor_usage":[10,12],"damage_taken":[{"damage":0,"enemies":"2 Louse","floor":1,"turns":1},{"damage":0,"enemies":"Small Slimes","floor":5,"turns":1},{"damage":0,"enemies":"Gremlin Nob","floor":7,"turns":1},{"damage":16,"enemies":"3 Sentries","floor":10,"turns":8},{"damage":20,"enemies":"Lagavulin","floor":12,"turns":5},{"damage":4,"enemies":"Cultist","floor":14,"turns":3},{"damage":31,"enemies":"Slime Boss","floor":16,"turns":6}],"seed_played":"6765583373348176691","potions_obtained":[{"floor":1,"key":"SteroidPotion"},{"floor":10,"key":"PowerPotion"}],"is_trial":false,"path_per_floor":["M","?","?","?","M","$","E","R","T","E","R","E","?","M","R","B"],"character_chosen":"THE_SILENT","items_purchased":["Boot"],"campfire_rested":1,"item_purchase_floors":[6],"current_hp_per_floor":[63,49,49,49,49,49,49,49,49,35,56,36,29,25,25,0],"gold":162,"neow_bonus":"THREE_ENEMY_KILL","is_prod":false,"is_daily":false,"chose_seed":false,"campfire_upgraded":2,"win_rate":0,"timestamp":1545494437,"path_taken":["M","?","?","?","?","?","E","R","T","E","R","E","?","M","R","BOSS"],"build_version":"2018-12-20","purchased_purges":1,"victory":false,"max_hp_per_floor":[70,70,70,70,70,70,70,70,70,72,72,72,72,72,72,72],"card_choices":[{"not_picked":["PiercingWail","Predator"],"picked":"Bouncing Flask","floor":1},{"not_picked":["Flechettes","Cloak And Dagger"],"picked":"Expertise","floor":5},{"not_picked":["Flying Knee","Masterful Stab"],"picked":"Distraction","floor":7},{"not_picked":["Accuracy","Bane","Skewer"],"picked":"Singing Bowl","floor":10},{"not_picked":["Sucker Punch","Backflip"],"picked":"Dash","floor":12},{"not_picked":["Reflex","Sucker Punch"],"picked":"After Image","floor":14}],"player_experience":338090,"relics_obtained":[{"floor":7,"key":"Blue Candle"},{"floor":9,"key":"Tiny Chest"},{"floor":10,"key":"Singing Bowl"},{"floor":12,"key":"Sundial"}],"event_choices":[{"damage_healed":0,"gold_gain":0,"player_choice":"Entered Light","damage_taken":14,"max_hp_gain":0,"max_hp_loss":0,"event_name":"Shining Light","floor":2,"gold_loss":0,"cards_upgraded":["Defend_G","Strike_G"]},{"damage_healed":0,"gold_gain":0,"player_choice":"Box","damage_taken":0,"relics_obtained":["Gambling Chip"],"max_hp_gain":0,"max_hp_loss":0,"event_name":"Big Fish","floor":3,"gold_loss":0,"cards_obtained":["Regret"]},{"damage_healed":0,"gold_gain":100,"player_choice":"Pray","damage_taken":0,"max_hp_gain":0,"max_hp_loss":0,"event_name":"Golden Shrine","floor":4,"gold_loss":0},{"damage_healed":0,"gold_gain":0,"player_choice":"Success","damage_taken":7,"relics_obtained":["Centennial Puzzle"],"max_hp_gain":0,"max_hp_loss":0,"event_name":"Scrap Ooze","floor":13,"gold_loss":0}],"is_beta":false,"boss_relics":[],"items_purged_floors":[6],"is_endless":false,"potions_floor_spawned":[1,10],"killed_by":"Slime Boss","ascension_level":7}