{"path_per_floor":["M","$","?","M","?","E","?","M","T","$","M","?","$","M","R","B",null,"M","?","M","M","M"],"character_chosen":"IRONCLAD","items_purchased":["Shrug It Off","Sever Soul"],"gold_per_floor":[112,12,87,107,107,136,166,183,183,83,97,97,18,36,36,159,159,180,180,200,220,243,243],"floor_reached":23,"campfire_rested":0,"playtime":1431,"current_hp_per_floor":[80,80,69,75,75,80,80,80,80,80,64,44,44,50,50,9,80,56,56,48,28,20,0],"items_purged":["Strike_R","Strike_R"],"gold":243,"score":262,"play_id":"18bf689e-9dff-4da2-bb6e-3c08796af9ce","local_time":"20180323165459","is_prod":false,"is_daily":false,"is_ascension_mode":true,"campfire_upgraded":1,"timestamp":1521838499,"path_taken":["M","$","?","M","?","E","?","M","T","?","?","?","$","M","R","BOSS","M","?","?","M","M","E"],"build_version":"2018-03-22v2","purchased_purges":2,"victory":false,"master_deck":["Strike_R","Strike_R","Strike_R","Defend_R","Defend_R","Defend_R","Defend_R","Bash","Rampage+1","Shrug It Off","Feel No Pain+1","Pommel Strike","Battle Trance","Sever Soul","True Grit","Dark Embrace","Warcry+1","Rage"],"max_hp_per_floor":[80,80,80,80,80,80,80,80,80,80,80,80,80,80,80,80,80,80,80,80,80,80,80],"relics":["Burning Blood","NeowsBlessing","Orichalcum","Thread and Needle","Golden Idol"],"card_choices":[{"not_picked":["Iron Wave","Sword Boomerang"],"picked":"Rampage","floor":1.0},{"not_picked":["Anger","Cleave"],"picked":"Feel No Pain","floor":4.0},{"not_picked":["Ghostly Armor","Searing Blow"],"picked":"Pommel Strike","floor":6.0},{"not_picked":["Headbutt","Heavy Blade"],"picked":"Battle Trance","floor":8.0},{"not_picked":["Carnage","Intimidate"],"picked":"True Grit","floor":14.0},{"not_picked":["Juggernaut","Bludgeon"],"picked":"Dark Embrace","floor":16},{"not_picked":["Shockwave","Havoc"],"picked":"Warcry","floor":18}],"player_experience":324095,"potions_floor_usage":[16,21,23,23],"damage_taken":[{"damage":0.0,"enemies":"Jaw Worm","floor":1.0,"turns":1.0},{"damage":0.0,"enemies":"2 Louse","floor":4.0,"turns":1.0},{"damage":0.0,"enemies":"Gremlin Nob","floor":6.0,"turns":1.0},{"damage":0.0,"enemies":"Small Slimes","floor":8.0,"turns":3.0},{"damage":22.0,"enemies":"Exordium Wildlife","floor":11.0,"turns":6.0},{"damage":0.0,"enemies":"3 Louse","floor":14.0,"turns":3.0},{"damage":47,"enemies":"The Guardian","floor":16,"turns":10},{"damage":30,"enemies":"3 Byrds","floor":18,"turns":7},{"damage":14,"enemies":"Spheric Guardian","floor":20,"turns":6},{"damage":26,"enemies":"Cultist and Chosen","floor":21,"turns":12},{"damage":14,"enemies":"Centurion and Healer","floor":22,"turns":8},{"damage":22,"enemies":"Slavers","floor":23,"turns":4}],"event_choices":[{"event_name":"World of Goop","player_choice":"Gather Gold","floor":3.0,"damage_taken":0.0},{"event_name":"Living Wall","player_choice":"Grow","floor":5.0,"damage_taken":0.0},{"event_name":"Dead Adventurer","player_choice":"Searched \u00272\u0027 times","floor":7.0,"damage_taken":0.0},{"event_name":"Golden Idol","player_choice":"Take Damage","floor":12.0,"damage_taken":0.0},{"event_name":"The Library","player_choice":"Read","floor":19,"damage_taken":0}],"boss_relics":[{"not_picked":["Velvet Choker","Ectoplasm","Calling Bell"]}],"potions_floor_spawned":[6,8,11,18,21],"seed_played":"3633818456470343277","killed_by":"Slavers","ascension_level":4,"is_trial":false}