{"path_per_floor":["M","M","?","M","M","R","M","M","T","E","R","?","E","M","R","B",null,"M","?","?","$","M","R","M","M","T","R","M"],"character_chosen":"DEFECT","items_purchased":["Anchor"],"gold_per_floor":[19,35,35,56,69,69,94,115,115,149,149,149,190,210,210,330,330,346,271,271,114,138,138,158,182,207,207,228,228],"floor_reached":29,"campfire_rested":0,"playtime":1085,"item_purchase_floors":[21],"current_hp_per_floor":[74,72,72,72,72,72,68,67,67,42,42,42,38,23,23,16,75,68,68,68,68,66,66,54,31,31,31,31,0],"items_purged":[],"gold":228,"score":287,"play_id":"4d3723e5-0da3-471d-9be8-35d4953bf451","local_time":"20180603031901","is_prod":false,"is_daily":false,"chose_seed":false,"is_ascension_mode":true,"campfire_upgraded":5,"win_rate":0,"timestamp":1527963541,"campfire_choices":[{"data":"Zap","floor":6,"key":"SMITH"},{"data":"Redo","floor":11,"key":"SMITH"},{"data":"Beam Cell","floor":15,"key":"SMITH"},{"data":"Sweeping Beam","floor":23,"key":"SMITH"},{"data":"Sweeping Beam","floor":27,"key":"SMITH"}],"path_taken":["M","M","?","M","M","R","M","M","T","E","R","?","E","M","R","BOSS","M","?","?","$","M","R","M","M","T","R","M","E"],"build_version":"2018-05-31","seed_source_timestamp":884842687194527,"purchased_purges":0,"victory":false,"master_deck":["Strike_B","Strike_B","Defend_B","Defend_B","Defend_B","Defend_B","Zap+1","Dualcast","Redo+1","BootSequence","Injury","Sweeping Beam+1","Beam Cell+1","Gash","Electrodynamics","Sweeping Beam+1","Reboot","Gash","Decay","Glacier+1","Defragment"],"max_hp_per_floor":[75,75,75,75,75,75,75,75,75,75,75,75,75,75,75,75,75,75,75,75,75,75,75,75,75,75,75,75,75],"relics":["Cracked Core","Du-Vu Doll","Golden Idol","Lantern","Dream Catcher","Pen Nib","Velvet Choker","Anchor","Omamori"],"card_choices":[{"not_picked":["Sunder","Heatsinks"],"picked":"Redo","floor":1},{"not_picked":["Stack","Go for the Eyes"],"picked":"BootSequence","floor":2},{"not_picked":["Streamline","Glacier"],"picked":"Sweeping Beam","floor":4},{"not_picked":["Heatsinks","Storm"],"picked":"Beam Cell","floor":5},{"not_picked":["Capacitor","Leap","Steam"],"picked":"SKIP","floor":7},{"not_picked":["Rebound","Leap","Barrage"],"picked":"SKIP","floor":8},{"not_picked":["Darkness","Beam Cell"],"picked":"Gash","floor":10},{"not_picked":["Heatsinks","Beam Cell"],"picked":"Electrodynamics","floor":13},{"not_picked":["Streamline","Rebound"],"picked":"Sweeping Beam","floor":14},{"not_picked":["Electrodynamics","Fission"],"picked":"Reboot","floor":16},{"not_picked":["Redo+1","Rebound+1"],"picked":"Gash","floor":18},{"not_picked":["Static Discharge+1","Recycle"],"picked":"Glacier+1","floor":22},{"not_picked":["Conserve Battery","Stack+1","Sweeping Beam"],"picked":"SKIP","floor":24},{"not_picked":["Compile Driver","Sweeping Beam","Genetic Algorithm"],"picked":"SKIP","floor":25},{"not_picked":["Compile Driver","Tempest"],"picked":"Defragment","floor":28}],"player_experience":755848,"potions_floor_usage":[10,13,18,29,29,29,29,29],"damage_taken":[{"damage":1,"enemies":"Small Slimes","floor":1,"turns":3},{"damage":2,"enemies":"Jaw Worm","floor":2,"turns":3},{"damage":0,"enemies":"2 Louse","floor":4,"turns":2},{"damage":0,"enemies":"2 Fungi Beasts","floor":5,"turns":3},{"damage":4,"enemies":"Red Slaver","floor":7,"turns":3},{"damage":1,"enemies":"3 Louse","floor":8,"turns":2},{"damage":25,"enemies":"Lagavulin","floor":10,"turns":5},{"damage":4,"enemies":"3 Sentries","floor":13,"turns":5},{"damage":15,"enemies":"Exordium Thugs","floor":14,"turns":4},{"damage":7,"enemies":"Slime Boss","floor":16,"turns":6},{"damage":7,"enemies":"Chosen","floor":18,"turns":3},{"damage":2,"enemies":"Spheric Guardian","floor":22,"turns":3},{"damage":12,"enemies":"Snake Plant","floor":24,"turns":5},{"damage":23,"enemies":"Centurion and Healer","floor":25,"turns":4},{"damage":0,"enemies":"Cultist and Chosen","floor":28,"turns":2},{"damage":33,"enemies":"Book of Stabbing","floor":29,"turns":4}],"relics_obtained":[{"floor":9,"key":"Lantern"},{"floor":10,"key":"Dream Catcher"},{"floor":13,"key":"Pen Nib"},{"floor":26,"key":"Omamori"}],"event_choices":[{"event_name":"Golden Idol","player_choice":"Take Wound","floor":3,"damage_taken":0},{"event_name":"Bonfire Elementals","player_choice":"BASIC","floor":12,"damage_taken":0},{"event_name":"Beggar","player_choice":"Gave Gold","floor":19,"damage_taken":0},{"event_name":"Forgotten Altar","player_choice":"Smashed Altar","floor":20,"damage_taken":0}],"boss_relics":[{"not_picked":["Tiny House","Ectoplasm"],"picked":"Velvet Choker"}],"items_purged_floors":[],"potions_floor_spawned":[1,4,10,14,25,28],"seed_played":"8616964608101581460","killed_by":"Book of Stabbing","ascension_level":4,"potions_obtained":[{"floor":1,"key":"EntropicBrew"},{"floor":4,"key":"SteroidPotion"},{"floor":10,"key":"Swift Potion"},{"floor":14,"key":"Explosive Potion"},{"floor":25,"key":"Ancient Potion"},{"floor":28,"key":"Weak Potion"}],"is_trial":false}