{"path_per_floor":["M","?","?","M","M","R","M","E","T","$","M","$","?","M","R","B",null,"M","?","?","$","$","R","M","R","T","M","M","?","R","M","R","B",null,"M","?","M","M","M","R","E","M","T","?","M","$","M","M","R","B"],"character_chosen":"DEFECT","items_purchased":["Genetic Algorithm","Machine Learning","Capacitor","Torii"],"gold_per_floor":[13,13,188,204,216,216,235,267,344,188,158,29,29,49,49,152,152,163,163,163,63,63,63,73,73,96,107,124,124,124,143,143,243,243,259,259,277,297,308,308,343,356,436,436,449,20,30,40,40,40],"floor_reached":51,"campfire_rested":4,"playtime":5773,"current_hp_per_floor":[89,89,89,85,84,84,76,61,61,61,63,63,63,66,89,54,89,89,89,89,89,89,89,74,74,74,75,75,58,86,80,80,71,94,81,81,75,60,67,94,77,77,77,77,50,50,56,63,94,35],"items_purged":["Doubt","Strike_B","Machine Learning"],"gold":40,"score":656,"play_id":"593abc08-de76-448f-8567-ed9516f994f7","local_time":"20180429211221","is_prod":false,"is_daily":false,"chose_seed":false,"is_ascension_mode":false,"campfire_upgraded":4,"timestamp":1525032741,"path_taken":["M","?","?","M","M","R","M","E","T","$","?","$","?","?","R","BOSS","M","?","?","?","$","R","M","R","T","M","M","?","R","M","R","BOSS","M","?","M","M","M","R","E","M","T","?","M","$","M","M","R","BOSS"],"build_version":"2018-04-27v3","seed_source_timestamp":1621397178330338,"purchased_purges":3,"victory":true,"master_deck":["Defend_B","Defend_B","Defend_B","Defend_B","Zap","Dualcast","Sweeping Beam","Cold Snap","Ball Lightning","Impulse+1","Buffer+1","Self Repair","Genetic Algorithm","Machine Learning+1","Capacitor+1","Barrage+1","Creative AI+1","Chill","Auto Shields","Hello World+1","Chaos+1","Defragment+1","Barrage","Chill","Defragment+1","Impulse+1","Reboot"],"max_hp_per_floor":[89,89,89,89,89,89,89,89,89,89,89,89,89,89,89,89,89,89,89,89,89,89,89,89,89,89,89,89,94,94,94,94,94,94,94,94,94,94,94,94,94,94,94,94,94,94,94,94,94,94],"relics":["Cracked Core","Calipers","Frozen Egg 2","Inserter","Bronze Scales","Eternal Feather","Happy Flower","Kunai","Torii"],"card_choices":[{"not_picked":["Barrage","Steam Power"],"picked":"Sweeping Beam","floor":1},{"not_picked":["Rebound","Rip and Tear"],"picked":"Ball Lightning","floor":4},{"not_picked":["Sweeping Beam","Blizzard"],"picked":"Impulse","floor":5},{"not_picked":["Barrage","Undo"],"picked":"Buffer","floor":7},{"not_picked":["Axe Kick","Impulse"],"picked":"Self Repair","floor":8},{"not_picked":["Darkness","Coolheaded"],"picked":"Barrage","floor":14},{"not_picked":["Echo Form","Rainbow"],"picked":"Creative AI","floor":16},{"not_picked":["Reinforced Body","Coolheaded"],"picked":"Chill","floor":18},{"not_picked":["Coolheaded","Barrage"],"picked":"Chaos","floor":24},{"not_picked":["Glacier","FTL"],"picked":"Defragment","floor":28},{"not_picked":["Beam Cell","Ball Lightning"],"picked":"Barrage","floor":35},{"not_picked":["Aggregate","Sweeping Beam"],"picked":"Chill","floor":41},{"not_picked":["Capacitor","Cold Snap"],"picked":"Defragment","floor":42},{"not_picked":["Stack","Leap"],"picked":"Impulse","floor":45},{"not_picked":["Sweeping Beam","Leap"],"picked":"Reboot","floor":47}],"player_experience":5449,"potions_floor_usage":[8,16,33,37,38,41,41,50,50],"damage_taken":[{"damage":0,"enemies":"Jaw Worm","floor":1,"turns":5},{"damage":4,"enemies":"Cultist","floor":4,"turns":3},{"damage":1,"enemies":"2 Louse","floor":5,"turns":2},{"damage":8,"enemies":"2 Fungi Beasts","floor":7,"turns":4},{"damage":27,"enemies":"Lagavulin","floor":8,"turns":8},{"damage":5,"enemies":"Looter","floor":11,"turns":4},{"damage":4,"enemies":"Exordium Wildlife","floor":14,"turns":3},{"damage":42,"enemies":"The Guardian","floor":16,"turns":15},{"damage":3,"enemies":"Chosen","floor":18,"turns":6},{"damage":22,"enemies":"3 Byrds","floor":24,"turns":7},{"damage":6,"enemies":"Snecko","floor":27,"turns":8},{"damage":0,"enemies":"Centurion and Healer","floor":28,"turns":9},{"damage":13,"enemies":"Snake Plant","floor":31,"turns":5},{"damage":16,"enemies":"Champ","floor":33,"turns":12},{"damage":20,"enemies":"3 Darklings","floor":35,"turns":6},{"damage":28,"enemies":"Orb Walker","floor":37,"turns":5},{"damage":22,"enemies":"Spire Growth","floor":38,"turns":8},{"damage":0,"enemies":"Maw","floor":39,"turns":10},{"damage":24,"enemies":"Nemesis","floor":41,"turns":9},{"damage":0,"enemies":"Flame Bruiser 2 Orb","floor":42,"turns":7},{"damage":34,"enemies":"3 Darklings","floor":45,"turns":6},{"damage":1,"enemies":"Sphere and 2 Shapes","floor":47,"turns":6},{"damage":0,"enemies":"Maw","floor":48,"turns":8},{"damage":59,"enemies":"Awakened One","floor":50,"turns":12}],"event_choices":[{"event_name":"Transmorgrifier","player_choice":"Transform","floor":2,"damage_taken":0},{"event_name":"Liars Game","player_choice":"agreed","floor":3,"damage_taken":0},{"event_name":"The Cleric","player_choice":"Leave","floor":13,"damage_taken":0},{"event_name":"Transmorgrifier","player_choice":"Transform","floor":19,"damage_taken":0},{"event_name":"The Library","player_choice":"Read","floor":20,"damage_taken":0},{"event_name":"Forgotten Altar","player_choice":"Shed Blood","floor":29,"damage_taken":0},{"event_name":"Transmorgrifier","player_choice":"Transform","floor":36,"damage_taken":0},{"event_name":"Mysterious Sphere","player_choice":"Ignore","floor":44,"damage_taken":0}],"boss_relics":[{"not_picked":["Runic Dome","Lizard Tail"],"picked":"Inserter"},{"not_picked":["Snecko Eye","Cursed Key"],"picked":"Eternal Feather"}],"potions_floor_spawned":[7,14,16,18,33,35,37,39,47],"seed_played":"-4273256417838737668","ascension_level":0,"is_trial":false}