{"path_per_floor":["M","M","?","?","M","R","M","R","T","E"],"character_chosen":"THE_SILENT","items_purchased":[],"gold_per_floor":[116,126,126,76,93,93,109,109,109,140,140],"floor_reached":11,"campfire_rested":0,"playtime":560,"item_purchase_floors":[],"current_hp_per_floor":[63,55,13,13,17,17,17,17,17,6,0],"items_purged":[],"gold":140,"score":110,"play_id":"e2abbc9f-1ff2-47ec-939d-6f7d4adb8da3","local_time":"20180531231748","is_prod":false,"is_daily":false,"chose_seed":false,"is_ascension_mode":true,"campfire_upgraded":2,"win_rate":0,"timestamp":1527776268,"campfire_choices":[{"data":"Predator","floor":6,"key":"SMITH"},{"data":"Neutralize","floor":8,"key":"SMITH"}],"path_taken":["M","M","?","?","M","R","M","R","T","E","?"],"build_version":"2018-05-24","seed_source_timestamp":698094761481325,"purchased_purges":0,"victory":false,"master_deck":["Defend_G","Defend_G","Defend_G","Defend_G","Defend_G","Strike_G","Strike_G","Strike_G","Strike_G","Survivor","Neutralize+1","AscendersBane","Predator+1","Blade Dance","Escape Plan","Blur","Dash"],"max_hp_per_floor":[70,70,70,70,75,75,75,75,75,75,75],"relics":["Ring of the Snake","Toolbox","Bottled Lightning","Mercury Hourglass"],"card_choices":[{"not_picked":["Concentrate","Sucker Punch"],"picked":"Predator","floor":1},{"not_picked":["Eviscerate","Endless Agony"],"picked":"Blade Dance","floor":2},{"not_picked":["Malaise","Backflip"],"picked":"Escape Plan","floor":5},{"not_picked":["Slice","Poisoned Stab"],"picked":"Blur","floor":7},{"not_picked":["Poisoned Stab","Flechettes"],"picked":"Dash","floor":10}],"player_experience":716223,"potions_floor_usage":[5],"damage_taken":[{"damage":0,"enemies":"Small Slimes","floor":1,"turns":6},{"damage":8,"enemies":"2 Louse","floor":2,"turns":2},{"damage":1,"enemies":"Jaw Worm","floor":5,"turns":4},{"damage":0,"enemies":"Exordium Wildlife","floor":7,"turns":5},{"damage":11,"enemies":"3 Sentries","floor":10,"turns":8},{"damage":8,"enemies":"3 Louse","floor":11,"turns":1}],"relics_obtained":[{"floor":9,"key":"Bottled Lightning"},{"floor":10,"key":"Mercury Hourglass"}],"event_choices":[{"event_name":"Scrap Ooze","player_choice":"success","floor":3,"damage_taken":42},{"event_name":"The Cleric","player_choice":"Card Removal","floor":4,"damage_taken":0}],"boss_relics":[],"items_purged_floors":[],"potions_floor_spawned":[1,2,5,10],"seed_played":"-8714587730461329880","killed_by":"3 Louse","ascension_level":10,"potions_obtained":[{"floor":1,"key":"GhostInAJar"},{"floor":2,"key":"Fruit Juice"},{"floor":5,"key":"SneckoOil"},{"floor":10,"key":"Ancient Potion"}],"is_trial":false}