{"gold_per_floor":[20,32,32,32,32,32,49,59,83,65,65,78,108,33,33,136,136,153,153,173,149,161,11,22,35,35,35,45,13,13,13,13,111,111,125,142,62,75,85,85,85,85,85,100,113,113,125,145,145,145],"floor_reached":51,"playtime":7767,"items_purged":["Regret","Strike_G"],"score":630,"play_id":"3fe3f3da-c9ad-4831-99ec-1aeee519fe8a","local_time":"20180913213310","is_ascension_mode":false,"campfire_choices":[{"data":"Footwork","floor":6,"key":"SMITH"},{"data":"Neutralize","floor":15,"key":"SMITH"},{"data":"Envenom","floor":27,"key":"SMITH"},{"data":"Noxious Fumes","floor":30,"key":"SMITH"},{"floor":32,"key":"REST"},{"floor":40,"key":"REST"},{"floor":46,"key":"REST"},{"floor":49,"key":"REST"}],"neow_cost":"NO_GOLD","seed_source_timestamp":6636453476479,"circlet_count":0,"master_deck":["Defend_G","Strike_G","Survivor","Neutralize+1","Dash","Footwork+1","Deflect","Deadly Poison","Backflip","Dodge and Roll","Envenom+1","Slice+1","Glass Knife+1","All Out Attack+1","Flying Knee","Poisoned Stab","Catalyst","Acrobatics","Caltrops+1","Noxious Fumes+1","Malaise","Footwork+1","Distraction+1","Leg Sweep+1","Sucker Punch+1","Catalyst+1","Noxious Fumes+1"],"relics":["Ring of the Serpent","Bag of Preparation","Centennial Puzzle","Oddly Smooth Stone","Astrolabe","Snake Skull","The Courier","Girya","Molten Egg 2"],"potions_floor_usage":[10,13,16,20,33,33,44,44,47,50,50],"damage_taken":[{"damage":0,"enemies":"Small Slimes","floor":1,"turns":5},{"damage":0,"enemies":"2 Louse","floor":2,"turns":3},{"damage":0,"enemies":"Cultist","floor":7,"turns":4},{"damage":2,"enemies":"3 Louse","floor":8,"turns":7},{"damage":0,"enemies":"Exordium Thugs","floor":10,"turns":6},{"damage":2,"enemies":"Blue Slaver","floor":12,"turns":4},{"damage":23,"enemies":"Gremlin Nob","floor":13,"turns":7},{"damage":7,"enemies":"The Guardian","floor":16,"turns":16},{"damage":4,"enemies":"Spheric Guardian","floor":18,"turns":6},{"damage":7,"enemies":"Chosen","floor":20,"turns":5},{"damage":6,"enemies":"Snecko","floor":22,"turns":6},{"damage":3,"enemies":"3 Cultists","floor":24,"turns":5},{"damage":0,"enemies":"Snake Plant","floor":25,"turns":5},{"damage":0,"enemies":"Centurion and Healer","floor":28,"turns":6},{"damage":37,"enemies":"Champ","floor":33,"turns":10},{"damage":6,"enemies":"3 Darklings","floor":35,"turns":5},{"damage":22,"enemies":"Orb Walker","floor":36,"turns":5},{"damage":7,"enemies":"Maw","floor":38,"turns":8},{"damage":14,"enemies":"Spire Growth","floor":39,"turns":6},{"damage":0,"enemies":"Mind Bloom Boss Battle","floor":41,"turns":8},{"damage":0,"enemies":"Transient","floor":44,"turns":5},{"damage":4,"enemies":"3 Darklings","floor":45,"turns":5},{"damage":4,"enemies":"Spire Growth","floor":47,"turns":9},{"damage":27,"enemies":"Sphere and 2 Shapes","floor":48,"turns":7},{"damage":35,"enemies":"Time Eater","floor":50,"turns":15}],"seed_played":"2337890138474886054","potions_obtained":[{"floor":5,"key":"EssenceOfSteel"},{"floor":5,"key":"SteroidPotion"},{"floor":5,"key":"EssenceOfSteel"},{"floor":7,"key":"Dexterity Potion"},{"floor":8,"key":"Ancient Potion"},{"floor":16,"key":"Block Potion"},{"floor":22,"key":"Weak Potion"},{"floor":28,"key":"Poison Potion"},{"floor":33,"key":"Energy Potion"},{"floor":39,"key":"Fire Potion"},{"floor":44,"key":"SpeedPotion"},{"floor":45,"key":"Dexterity Potion"},{"floor":48,"key":"Swift Potion"}],"is_trial":false,"path_per_floor":["M","M","$","?","?","R","M","M","T","M","?","M","E","$","R","B",null,"M","?","M","$","M","$","M","M","T","R","M","$","R","$","R","B",null,"M","M","$","M","M","R","?","?","T","M","M","R","M","M","R","B"],"character_chosen":"THE_SILENT","items_purchased":["Poisoned Stab","Snake Skull","Noxious Fumes"],"campfire_rested":4,"item_purchase_floors":[21,23,29],"current_hp_per_floor":[70,70,70,70,70,70,70,68,68,68,68,66,43,43,43,36,70,66,66,59,59,53,53,50,50,50,50,50,50,50,50,70,33,70,64,42,42,35,21,42,42,42,42,42,38,59,55,28,49,14],"gold":145,"neow_bonus":"REMOVE_TWO","is_prod":false,"is_daily":false,"chose_seed":false,"campfire_upgraded":4,"win_rate":0,"timestamp":1536870790,"path_taken":["M","M","$","?","?","R","M","M","T","?","?","M","E","$","R","BOSS","M","?","?","?","M","$","M","M","T","R","M","$","R","$","R","BOSS","M","?","$","M","M","R","?","?","T","M","?","R","M","M","R","BOSS"],"build_version":"2018-09-06","purchased_purges":2,"victory":true,"max_hp_per_floor":[70,70,70,70,70,70,70,70,70,70,70,70,70,70,70,70,70,70,70,70,70,70,70,70,70,70,70,70,70,70,70,70,70,70,70,70,70,70,70,70,70,70,70,70,70,70,70,70,70,70],"card_choices":[{"not_picked":["Underhanded Strike","PiercingWail"],"picked":"Dash","floor":1},{"not_picked":["Dagger Spray","Tactician"],"picked":"Footwork","floor":2},{"not_picked":["Endless Agony","Blade Dance"],"picked":"Deflect","floor":7},{"not_picked":["Poisoned Stab","Crippling Poison"],"picked":"Deadly Poison","floor":8},{"not_picked":["Underhanded Strike","Deflect","Bullet Time"],"picked":"SKIP","floor":10},{"not_picked":["Accuracy","Concentrate"],"picked":"Backflip","floor":12},{"not_picked":["Crippling Poison","Deadly Poison"],"picked":"Dodge and Roll","floor":13},{"not_picked":["Storm of Steel","Venomology"],"picked":"Envenom","floor":16},{"not_picked":["Dagger Throw","Dagger Spray","Blade Dance"],"picked":"SKIP","floor":18},{"not_picked":["PiercingWail","Skewer"],"picked":"Flying Knee","floor":20},{"not_picked":["Outmaneuver+1","Slice"],"picked":"Catalyst","floor":22},{"not_picked":["PiercingWail+1","Underhanded Strike"],"picked":"Acrobatics","floor":24},{"not_picked":["All Out Attack","Acrobatics"],"picked":"Caltrops+1","floor":25},{"not_picked":["Dagger Spray","Outmaneuver","Predator+1"],"picked":"SKIP","floor":28},{"not_picked":["Venomology","Storm of Steel"],"picked":"Malaise","floor":33},{"not_picked":["Dagger Throw+1","Underhanded Strike"],"picked":"Footwork+1","floor":35},{"not_picked":["PiercingWail+1","Masterful Stab"],"picked":"Distraction+1","floor":36},{"not_picked":["Distraction+1","Dagger Spray","Caltrops+1"],"picked":"SKIP","floor":38},{"not_picked":["Deadly Poison","Predator+1","Dagger Spray+1"],"picked":"SKIP","floor":39},{"not_picked":["Prepared","Poisoned Stab+1"],"picked":"Leg Sweep+1","floor":41},{"not_picked":["Deadly Poison+1","Slice+1"],"picked":"Sucker Punch+1","floor":44},{"not_picked":["Outmaneuver+1","Dodge and Roll+1"],"picked":"Catalyst+1","floor":45},{"not_picked":["Outmaneuver","Leg Sweep+1","Blade Dance+1"],"picked":"SKIP","floor":47},{"not_picked":["Eviscerate+1","Poisoned Stab+1"],"picked":"Noxious Fumes+1","floor":48}],"player_experience":140832,"relics_obtained":[{"floor":9,"key":"Bag of Preparation"},{"floor":13,"key":"Oddly Smooth Stone"},{"floor":26,"key":"The Courier"},{"floor":41,"key":"Girya"},{"floor":43,"key":"Molten Egg 2"}],"event_choices":[{"event_name":"Liars Game","player_choice":"disagreed","floor":4,"damage_taken":0},{"event_name":"The Lab","player_choice":"Got Potions","floor":5,"damage_taken":0},{"event_name":"Big Fish","player_choice":"Box","floor":11,"damage_taken":0},{"event_name":"Back to Basics","player_choice":"Elegance","floor":19,"damage_taken":0},{"event_name":"MindBloom","player_choice":"Fight","floor":41,"damage_taken":0},{"event_name":"Falling","player_choice":"Removed Skill","floor":42,"damage_taken":0}],"is_beta":false,"boss_relics":[{"not_picked":["Snecko Eye","Coffee Dripper"],"picked":"Astrolabe"},{"not_picked":["Philosopher\u0027s Stone","WristBlade"],"picked":"Ring of the Serpent"}],"items_purged_floors":[14,37],"is_endless":false,"potions_floor_spawned":[7,8,16,22,28,33,39,44,45,48],"ascension_level":0}