{"path_per_floor":["M","?","?","T","M","R","M","R","T","M","M","$","M","M","R","B",null,"M","M","M","?","?","M","R","?","T","M","R","?","T","$","R"],"character_chosen":"IRONCLAD","items_purchased":["Impervious","Iron Wave","Bandage Up","Shrug It Off"],"gold_per_floor":[118,118,118,145,156,156,167,167,167,185,198,74,91,103,103,199,229,214,227,244,244,244,256,256,171,171,183,183,183,257,38,38],"floor_reached":33,"campfire_rested":2,"playtime":3042,"current_hp_per_floor":[80,80,85,85,85,85,85,85,85,85,85,85,85,85,85,74,90,71,66,68,52,52,27,54,54,54,45,45,45,45,45,72],"items_purged":["Strike_R"],"gold":38,"play_id":"368d4ff7-736c-43f1-80f9-41439a2c94d6","is_prod":false,"is_daily":false,"is_ascension_mode":false,"campfire_upgraded":4,"path_taken":["M","?","?","?","M","R","M","R","T","?","M","$","?","M","R","BOSS","M","M","?","?","?","M","R","?","T","?","R","?","?","$","R","BOSS"],"build_version":"2018-02-01-PROD3","purchased_purges":1,"victory":false,"master_deck":["Strike_R","Strike_R","Defend_R","Defend_R","Defend_R","Defend_R","Bash","Battle Trance","Cleave+1","Twin Strike+1","Iron Wave","Armaments+1","Impervious","Iron Wave","Thunderclap","Headbutt","Double Tap+1","True Grit","Headbutt","Flex","Shockwave","Necronomicurse","Body Slam+1","Bandage Up","Shrug It Off"],"max_hp_per_floor":[80,80,85,85,85,85,85,85,85,85,85,85,85,85,85,85,90,90,90,90,90,90,90,90,90,90,90,90,90,90,90,90],"relics":["Burning Blood","Anchor","Paper Frog","Tiny House","Necronomicon","Red Skull","Torii","Bottled Flame"],"card_choices":[{"not_picked":["Twin Strike","Rage"],"picked":"Battle Trance"},{"not_picked":["Warcry","Sword Boomerang"],"picked":"Cleave"},{"not_picked":["Burning Pact","Blood for Blood"],"picked":"Twin Strike"},{"not_picked":["Heavy Blade","Blood for Blood"],"picked":"Iron Wave"},{"not_picked":["Perfected Strike","Infernal Blade"],"picked":"Armaments"},{"not_picked":["Bludgeon","Perfected Strike"],"picked":"Thunderclap"},{"not_picked":["Clash","Perfected Strike"],"picked":"Headbutt"},{"not_picked":["Offering","Impervious"],"picked":"Double Tap"},{"not_picked":["Heavy Blade","Blood for Blood"],"picked":"True Grit"},{"not_picked":["Corruption","Intimidate"],"picked":"Headbutt"},{"not_picked":["Clash","Clothesline"],"picked":"Flex"},{"not_picked":["Brutality","Hemokinesis"],"picked":"Shockwave"},{"not_picked":["Pommel Strike","Thunderclap"],"picked":"Body Slam"}],"player_experience":20037,"potions_floor_usage":[18,19,20,27,33,33],"damage_taken":[{"damage":0,"enemies":"Small Slimes","floor":1,"turns":4},{"damage":6,"enemies":"Blue Slaver","floor":5,"turns":6},{"damage":1,"enemies":"Cultist","floor":7,"turns":4},{"damage":0,"enemies":"3 Louse","floor":10,"turns":2},{"damage":3,"enemies":"Large Slime","floor":11,"turns":5},{"damage":0,"enemies":"Looter","floor":13,"turns":2},{"damage":0,"enemies":"Exordium Wildlife","floor":14,"turns":3},{"damage":17,"enemies":"Slime Boss","floor":16,"turns":9},{"damage":25,"enemies":"2 Thieves","floor":18,"turns":4},{"damage":23,"enemies":"Shell Parasite","floor":19,"turns":7},{"damage":4,"enemies":"Snake Plant","floor":20,"turns":6},{"damage":31,"enemies":"Centurion and Healer","floor":23,"turns":11},{"damage":15,"enemies":"Snecko","floor":27,"turns":6},{"damage":78,"enemies":"Collector","floor":33,"turns":10}],"event_choices":[{"event_name":"Purifier","player_choice":"One Purge","floor":2,"damage_taken":0},{"event_name":"Big Fish","player_choice":"Donut","floor":3,"damage_taken":0},{"event_name":"Cursed Tome","player_choice":"Obtained Book","floor":21,"damage_taken":0},{"event_name":"The Lab","player_choice":"Got Potions","floor":22,"damage_taken":0},{"event_name":"Addict","player_choice":"Obtained Relic","floor":25,"damage_taken":0},{"event_name":"Back to Basics","player_choice":"Elegance","floor":29,"damage_taken":0}],"boss_relics":[{"not_picked":["Cursed Key","Eternal Feather"],"picked":"Tiny House"}],"potions_floor_spawned":[1,10,14,19,20],"seed_played":"-8702241181741076725","killed_by":"Collector","ascension_level":0,"is_trial":false}