{"gold_per_floor":[110,123,123,139,314,314,314,331,383,86,86,97,97,122,122,225,225,235,251,270,270,281,281,295,315,315,334,334,366,366,393,393,498,498,517,1516,642,642,135,135,135,485,485,515,531,531,122,137,137,137],"floor_reached":51,"playtime":2433,"items_purged":["Doubt","Normality"],"score":1172,"play_id":"b9d60952-8b28-4efa-90bd-ba4c3544c6c9","local_time":"20190301195237","is_ascension_mode":true,"campfire_choices":[{"data":"Dualcast","floor":6,"key":"SMITH"},{"data":"Sunder","floor":13,"key":"SMITH"},{"data":"Genetic Algorithm","floor":15,"key":"SMITH"},{"data":"Electrodynamics","floor":23,"key":"SMITH"},{"floor":28,"key":"REST"},{"floor":30,"key":"REST"},{"data":"Capacitor","floor":32,"key":"SMITH"},{"data":"Chrysalis","floor":40,"key":"SMITH"},{"data":"Consume","floor":46,"key":"SMITH"},{"data":"Defragment","floor":49,"key":"SMITH"}],"neow_cost":"NONE","seed_source_timestamp":148144953885620,"circlet_count":0,"master_deck":["Strike_B","Strike_B","Defend_B","Defend_B","Defend_B","Defend_B+1","Zap+1","Dualcast+1","Hologram+1","BootSequence","Sunder+1","Genetic Algorithm+1","Electrodynamics+1","Reinforced Body+1","Glacier+1","Tempest","Cold Snap+1","Defragment+1","Capacitor+1","Auto Shields+1","Consume+1","Biased Cognition","Chaos+1","Seek","Chrysalis+1","Coolheaded+1","Conserve Battery"],"relics":["Cracked Core","NeowsBlessing","Cables","Ancient Tea Set","War Paint","PreservedInsect","Black Star","Pantograph","Sundial","Juzu Bracelet","Du-Vu Doll","Mango","Sozu","DataDisk","Dead Branch","Spirit Poop","Runic Capacitor","Blood Vial","Bronze Scales","Old Coin","Singing Bowl","Dodecahedron","Letter Opener","Frozen Eye","Boot"],"potions_floor_usage":[8,16,20,24,27,31,35],"damage_taken":[{"damage":0,"enemies":"Cultist","floor":1,"turns":1},{"damage":0,"enemies":"Jaw Worm","floor":2,"turns":1},{"damage":0,"enemies":"2 Louse","floor":4,"turns":1},{"damage":8,"enemies":"Exordium Thugs","floor":8,"turns":4},{"damage":0,"enemies":"Looter","floor":12,"turns":2},{"damage":14,"enemies":"Lagavulin","floor":14,"turns":5},{"damage":35,"enemies":"Hexaghost","floor":16,"turns":11},{"damage":18,"enemies":"Spheric Guardian","floor":18,"turns":4},{"damage":18,"enemies":"2 Thieves","floor":19,"turns":4},{"damage":6,"enemies":"Snake Plant","floor":20,"turns":4},{"damage":6,"enemies":"Sentry and Sphere","floor":22,"turns":4},{"damage":0,"enemies":"3 Cultists","floor":24,"turns":4},{"damage":0,"enemies":"Cultist and Chosen","floor":25,"turns":4},{"damage":0,"enemies":"Snake Plant","floor":27,"turns":3},{"damage":10,"enemies":"Book of Stabbing","floor":29,"turns":5},{"damage":10,"enemies":"Gremlin Leader","floor":31,"turns":5},{"damage":44,"enemies":"Collector","floor":33,"turns":10},{"damage":7,"enemies":"3 Darklings","floor":35,"turns":3},{"damage":0,"enemies":"2 Orb Walkers","floor":42,"turns":2},{"damage":9,"enemies":"Giant Head","floor":44,"turns":7},{"damage":0,"enemies":"3 Shapes","floor":45,"turns":2},{"damage":0,"enemies":"Sphere and 2 Shapes","floor":48,"turns":2},{"damage":11,"enemies":"Awakened One","floor":50,"turns":10}],"seed_played":"5104926912327316155","potions_obtained":[{"floor":1,"key":"Explosive Potion"},{"floor":8,"key":"EssenceOfSteel"},{"floor":16,"key":"Regen Potion"},{"floor":20,"key":"Poison Potion"},{"floor":22,"key":"Block Potion"},{"floor":24,"key":"SpeedPotion"},{"floor":25,"key":"Regen Potion"},{"floor":27,"key":"SpeedPotion"}],"is_trial":false,"path_per_floor":["M","M","?","M","?","R","T","M","T","$","?","M","R","E","R","B",null,"M","M","M","?","M","R","M","M","T","M","R","E","R","E","R","B",null,"M","?","$","?","$","R","?","?","T","E","M","R","$","M","R","B",null],"character_chosen":"DEFECT","items_purchased":["Sunder","War Paint","Seek","DataDisk","Dead Branch","Chrysalis","Runic Capacitor","Blood Vial","Bronze Scales","Frozen Eye","Conserve Battery","Boot"],"campfire_rested":2,"item_purchase_floors":[10,10,37,37,37,37,39,39,39,47,47,47],"current_hp_per_floor":[68,68,68,68,68,68,68,60,60,60,60,60,60,46,46,11,59,41,23,29,29,23,23,23,23,23,32,54,44,66,70,70,45,78,71,71,71,71,71,71,71,73,73,66,70,70,70,74,74,82],"gold":137,"neow_bonus":"THREE_ENEMY_KILL","is_prod":false,"is_daily":false,"chose_seed":false,"campfire_upgraded":8,"win_rate":0,"timestamp":1551491557,"path_taken":["M","M","?","?","?","R","?","M","T","$","?","?","R","E","R","BOSS","M","M","M","?","?","R","M","M","T","M","R","E","R","E","R","BOSS","M","?","$","?","$","R","?","?","T","E","M","R","$","M","R","BOSS"],"build_version":"2019-01-23","purchased_purges":2,"victory":true,"max_hp_per_floor":[75,75,75,75,75,75,75,75,75,75,75,75,75,75,75,75,75,75,75,75,75,75,75,75,75,75,75,75,75,75,89,89,89,89,89,89,89,89,89,89,89,89,89,89,91,91,91,93,93,93],"card_choices":[{"not_picked":["FTL","Go for the Eyes","Steam"],"picked":"SKIP","floor":1},{"not_picked":["Cold Snap","Steam"],"picked":"Hologram","floor":2},{"not_picked":["Sweeping Beam","Gash","Coolheaded"],"picked":"SKIP","floor":4},{"not_picked":["Recycle","Cold Snap"],"picked":"BootSequence","floor":8},{"not_picked":["Consume","Sunder"],"picked":"Genetic Algorithm","floor":12},{"not_picked":["Fusion","Multi-Cast","Lockon"],"picked":"SKIP","floor":14},{"not_picked":["Machine Learning","Multi-Cast"],"picked":"Electrodynamics","floor":16},{"not_picked":["Beam Cell+1","Rebound"],"picked":"Reinforced Body+1","floor":18},{"not_picked":["Scrape","Reprogram","Redo"],"picked":"SKIP","floor":19},{"not_picked":["Gash+1","Hello World"],"picked":"Glacier+1","floor":20},{"not_picked":["Thunder Strike","Steam Power+1"],"picked":"Tempest","floor":22},{"not_picked":["Steam Power","Scrape+1"],"picked":"Cold Snap+1","floor":24},{"not_picked":["Reprogram","Turbo"],"picked":"Defragment","floor":25},{"not_picked":["Hello World","Redo"],"picked":"Capacitor","floor":27},{"not_picked":["Coolheaded","Heatsinks"],"picked":"Auto Shields+1","floor":29},{"not_picked":["Leap","Glacier"],"picked":"Consume","floor":31},{"not_picked":["Rainbow","Thunder Strike"],"picked":"Biased Cognition","floor":33},{"not_picked":["Go for the Eyes","Redo+1"],"picked":"Chaos+1","floor":35},{"not_picked":["Leap+1","Capacitor+1"],"picked":"Coolheaded+1","floor":44},{"not_picked":["Rip and Tear+1","Defragment","White Noise+1"],"picked":"Singing Bowl","floor":45},{"not_picked":["Steam","Skim","Gash"],"picked":"Singing Bowl","floor":48}],"player_experience":621419,"relics_obtained":[{"floor":7,"key":"Cables"},{"floor":9,"key":"Ancient Tea Set"},{"floor":14,"key":"PreservedInsect"},{"floor":26,"key":"Pantograph"},{"floor":29,"key":"Sundial"},{"floor":29,"key":"Juzu Bracelet"},{"floor":31,"key":"Du-Vu Doll"},{"floor":31,"key":"Mango"},{"floor":42,"key":"Old Coin"},{"floor":43,"key":"Singing Bowl"},{"floor":44,"key":"Dodecahedron"},{"floor":44,"key":"Letter Opener"}],"event_choices":[{"damage_healed":0,"gold_gain":0,"player_choice":"Forge","damage_taken":0,"max_hp_gain":0,"max_hp_loss":0,"event_name":"Accursed Blacksmith","floor":3,"gold_loss":0,"cards_upgraded":["Zap"]},{"damage_healed":0,"gold_gain":175,"player_choice":"AGREE","damage_taken":0,"max_hp_gain":0,"max_hp_loss":0,"event_name":"Liars Game","floor":5,"gold_loss":0,"cards_obtained":["Doubt"]},{"cards_removed":["Strike_B"],"damage_healed":0,"gold_gain":0,"player_choice":"Purged","damage_taken":0,"max_hp_gain":0,"max_hp_loss":0,"event_name":"Purifier","floor":11,"gold_loss":0},{"cards_removed":["Strike_B"],"damage_healed":0,"gold_gain":0,"player_choice":"Purged","damage_taken":0,"max_hp_gain":0,"max_hp_loss":0,"event_name":"Purifier","floor":21,"gold_loss":0},{"damage_healed":0,"gold_gain":999,"player_choice":"Gold","damage_taken":0,"max_hp_gain":0,"max_hp_loss":0,"event_name":"MindBloom","floor":36,"gold_loss":0,"cards_obtained":["Normality","Normality"]},{"cards_removed":["Normality"],"damage_healed":0,"gold_gain":0,"player_choice":"Offered Curse","damage_taken":0,"relics_obtained":["Spirit Poop"],"max_hp_gain":0,"max_hp_loss":0,"event_name":"Bonfire Elementals","floor":38,"gold_loss":0},{"damage_healed":0,"gold_gain":0,"player_choice":"Memory 1","damage_taken":0,"max_hp_gain":0,"max_hp_loss":0,"event_name":"SensoryStone","floor":41,"gold_loss":0},{"damage_healed":0,"gold_gain":0,"player_choice":"Fight","damage_taken":0,"max_hp_gain":0,"max_hp_loss":0,"event_name":"Mysterious Sphere","floor":42,"gold_loss":0}],"is_beta":false,"boss_relics":[{"not_picked":["Eternal Feather","Orrery"],"picked":"Black Star"},{"not_picked":["Nuclear Battery","Fusion Hammer"],"picked":"Sozu"}],"items_purged_floors":[10,37],"is_endless":false,"potions_floor_spawned":[1,8,16,20,22,24,25,27,35,44],"ascension_level":7}