{"gold_per_floor":[13,13,31,31,50,50,82,82,82,82,99,99,24,37,37,116,116,136,136,136,136,147,147,473,473,473,473,104,114,114,139,139,215,215,235,249,249,295,295,325,325,355,355,385,385,413,423,93,93,93],"floor_reached":51,"playtime":1729,"items_purged":["Strike_R","Strike_R+1"],"score":1485,"play_id":"499dbc25-b9e4-4a6d-bd0d-61eb674f2363","local_time":"20190227202939","is_ascension_mode":true,"campfire_choices":[{"data":"Bash","floor":6.0,"key":"SMITH"},{"data":"Cleave","floor":8.0,"key":"SMITH"},{"data":"Defend_R","floor":10.0,"key":"SMITH"},{"data":"Defend_R","floor":12.0,"key":"SMITH"},{"data":"Defend_R","floor":15.0,"key":"SMITH"},{"data":"Strike_R","floor":23,"key":"SMITH"},{"data":"Strike_R","floor":25,"key":"SMITH"},{"floor":27,"key":"REST"},{"floor":32,"key":"REST"},{"floor":41,"key":"REST"},{"floor":45,"key":"REST"},{"floor":49,"key":"REST"}],"neow_cost":"NO_GOLD","seed_source_timestamp":0,"circlet_count":0,"master_deck":["AscendersBane","Defend_R+1","Defend_R+1","Defend_R+1","Bash+1","Cleave+1","Clothesline+1","Bludgeon+1","Double Tap+1","RitualDagger+1","Feed+1","Battle Trance","Madness","Madness","RitualDagger+1"],"special_seed":0,"relics":["Burning Blood","Molten Egg 2","Boot","Busted Crown","Old Coin","Paper Frog","HandDrill","Bronze Scales","Pantograph","Fusion Hammer","Nunchaku","Darkstone Periapt","Kunai","Singing Bowl","Meat on the Bone","Blue Candle","DollysMirror"],"potions_floor_usage":[24,31,38,42,50],"damage_taken":[{"damage":5.0,"enemies":"Small Slimes","floor":1.0,"turns":3.0},{"damage":1.0,"enemies":"Cultist","floor":3.0,"turns":4.0},{"damage":6.0,"enemies":"2 Louse","floor":5.0,"turns":2.0},{"damage":35.0,"enemies":"3 Sentries","floor":7.0,"turns":9.0},{"damage":8.0,"enemies":"Blue Slaver","floor":11.0,"turns":3.0},{"damage":6.0,"enemies":"3 Louse","floor":14.0,"turns":2.0},{"damage":30.0,"enemies":"Hexaghost","floor":16.0,"turns":7.0},{"damage":4,"enemies":"Chosen","floor":18,"turns":3},{"damage":17,"enemies":"3 Byrds","floor":22,"turns":5},{"damage":27,"enemies":"Book of Stabbing","floor":24,"turns":3},{"damage":0,"enemies":"Shelled Parasite and Fungi","floor":29,"turns":3},{"damage":31,"enemies":"Slavers","floor":31,"turns":4},{"damage":54,"enemies":"Collector","floor":33,"turns":4},{"damage":0,"enemies":"3 Shapes","floor":35,"turns":2},{"damage":8,"enemies":"Orb Walker","floor":36,"turns":2},{"damage":16,"enemies":"2 Orb Walkers","floor":38,"turns":3},{"damage":11,"enemies":"Nemesis","floor":40,"turns":7},{"damage":6,"enemies":"Reptomancer","floor":42,"turns":3},{"damage":0,"enemies":"Giant Head","floor":44,"turns":5},{"damage":40,"enemies":"Reptomancer","floor":46,"turns":4},{"damage":10,"enemies":"Spire Growth","floor":47,"turns":3},{"damage":47,"enemies":"Time Eater","floor":50,"turns":5}],"seed_played":"5788795724669070371","potions_obtained":[{"floor":3.0,"key":"BloodPotion"},{"floor":14.0,"key":"Fire Potion"},{"floor":16,"key":"Explosive Potion"},{"floor":18,"key":"PowerPotion"},{"floor":24,"key":"Block Potion"},{"floor":36,"key":"Explosive Potion"},{"floor":40,"key":"Energy Potion"},{"floor":42,"key":"SpeedPotion"},{"floor":47,"key":"PowerPotion"}],"is_trial":false,"path_per_floor":["M","?","M","?","M","R","E","R","T","R","M","R","$","M","R","B",null,"M","?","?","?","M","R","E","R","T","R","$","M","?","E","R","B",null,"M","M","?","?","?","E","R","E","T","E","R","E","M","$","R","B",null],"character_chosen":"IRONCLAD","items_purchased":["HandDrill","Bronze Scales","DollysMirror"],"campfire_rested":5,"item_purchase_floors":[28,28,48],"current_hp_per_floor":[69,69,74,74,74,74,45,45,45,45,43,43,43,43,43,19,61,63,63,57,57,46,46,25,25,25,47,47,53,53,35,57,27,63,69,67,57,47,33,28,50,50,50,58,77,57,55,55,79,52],"gold":93,"neow_bonus":"REMOVE_TWO","is_prod":false,"is_daily":false,"chose_seed":false,"campfire_upgraded":7,"win_rate":0,"timestamp":1551266979,"path_taken":["M","?","M","?","M","R","E","R","T","R","?","R","?","M","R","BOSS","BOSS","M","?","?","?","?","R","E","R","T","R","$","?","?","E","R","BOSS","M","M","?","?","?","E","R","E","T","E","R","E","M","?","R","BOSS"],"build_version":"2019-01-23","purchased_purges":2,"victory":true,"max_hp_per_floor":[75,75,75,75,75,75,75,75,75,75,75,75,75,75,75,75,75,75,75,75,75,75,75,75,75,75,75,75,75,75,75,75,75,75,75,75,75,75,75,75,75,75,75,77,77,79,81,81,81,81],"card_choices":[{"not_picked":["Thunderclap","Pommel Strike","Infernal Blade"],"picked":"SKIP","floor":1.0},{"not_picked":["Wild Strike","Shrug It Off"],"picked":"Cleave","floor":3.0},{"not_picked":["Clothesline","Warcry","Armaments"],"picked":"SKIP","floor":5.0},{"not_picked":["Intimidate","Clothesline","Battle Trance"],"picked":"SKIP","floor":7.0},{"not_picked":["Heavy Blade+1","Anger+1"],"picked":"Clothesline+1","floor":11.0},{"not_picked":["Anger+1","Reckless Charge+1"],"picked":"Bludgeon+1","floor":14.0},{"not_picked":["Reaper+1","Barricade"],"picked":"Double Tap","floor":16},{"not_picked":["Reckless Charge+1"],"picked":"SKIP","floor":18},{"not_picked":["Shrug It Off"],"picked":"SKIP","floor":22},{"not_picked":["Corruption"],"picked":"SKIP","floor":24},{"not_picked":["Spot Weakness"],"picked":"SKIP","floor":29},{"not_picked":["Entrench"],"picked":"SKIP","floor":31},{"not_picked":[],"picked":"Feed+1","floor":33},{"not_picked":["Wild Strike+1"],"picked":"SKIP","floor":35},{"not_picked":[],"picked":"Battle Trance","floor":36},{"not_picked":["Cleave+1"],"picked":"SKIP","floor":40},{"not_picked":["Carnage+1"],"picked":"SKIP","floor":42},{"not_picked":["Body Slam+1"],"picked":"Singing Bowl","floor":44},{"not_picked":["Hemokinesis+1"],"picked":"Singing Bowl","floor":46},{"not_picked":["Power Through"],"picked":"Singing Bowl","floor":47}],"player_experience":935769,"relics_obtained":[{"floor":7.0,"key":"Molten Egg 2"},{"floor":9.0,"key":"Boot"},{"floor":24,"key":"Old Coin"},{"floor":26,"key":"Paper Frog"},{"floor":31,"key":"Pantograph"},{"floor":38,"key":"Nunchaku"},{"floor":40,"key":"Darkstone Periapt"},{"floor":42,"key":"Kunai"},{"floor":43,"key":"Singing Bowl"},{"floor":44,"key":"Meat on the Bone"},{"floor":46,"key":"Blue Candle"}],"event_choices":[{"damage_healed":0.0,"max_hp_gain":0.0,"max_hp_loss":0.0,"gold_gain":0.0,"event_name":"Liars Game","player_choice":"Ignored","floor":2.0,"gold_loss":0.0,"damage_taken":0.0},{"cards_removed":["Strike_R"],"damage_healed":0.0,"max_hp_gain":0.0,"max_hp_loss":0.0,"gold_gain":0.0,"event_name":"Bonfire Elementals","player_choice":"Offered Basic","floor":4.0,"gold_loss":0.0,"damage_taken":0.0},{"damage_healed":0,"gold_gain":0,"player_choice":"Ignored","damage_taken":0,"max_hp_gain":0,"max_hp_loss":0,"event_name":"Vampires","floor":19,"gold_loss":0},{"damage_healed":0,"gold_gain":0,"player_choice":"Joined the Cult","damage_taken":6,"max_hp_gain":0,"max_hp_loss":0,"event_name":"Nest","floor":20,"gold_loss":0,"cards_obtained":["RitualDagger"]},{"damage_healed":0,"gold_gain":0,"player_choice":"Forge","damage_taken":0,"max_hp_gain":0,"max_hp_loss":0,"event_name":"Accursed Blacksmith","floor":21,"gold_loss":0,"cards_upgraded":["Double Tap"]},{"cards_removed":["Strike_R"],"damage_healed":0,"gold_gain":0,"player_choice":"Elegance","damage_taken":0,"max_hp_gain":0,"max_hp_loss":0,"event_name":"Back to Basics","floor":30,"gold_loss":0},{"damage_healed":0,"gold_gain":0,"player_choice":"Memory 3","damage_taken":10,"max_hp_gain":0,"max_hp_loss":0,"event_name":"SensoryStone","floor":37,"gold_loss":0},{"damage_healed":0,"gold_gain":0,"player_choice":"Fight","damage_taken":0,"max_hp_gain":0,"max_hp_loss":0,"event_name":"Mysterious Sphere","floor":38,"gold_loss":0},{"damage_healed":0,"gold_gain":0,"player_choice":"Embrace Madness","damage_taken":14,"max_hp_gain":0,"max_hp_loss":0,"event_name":"Winding Halls","floor":39,"gold_loss":0,"cards_obtained":["Madness","Madness"]}],"is_beta":false,"boss_relics":[{"not_picked":["Ectoplasm","Astrolabe"],"picked":"Busted Crown"},{"not_picked":["Velvet Choker","Orrery"],"picked":"Fusion Hammer"}],"items_purged_floors":[13,48],"is_endless":false,"potions_floor_spawned":[3,14,16,18,24,36,40,42,47],"ascension_level":16}