{"gold_per_floor":[109,109,59,80,93,93,114,114,137,155,6,25,46,146,146,271,271,290,290,290,303,327,327,327],"floor_reached":24,"playtime":1398,"items_purged":[],"score":190,"play_id":"b5fde6ef-3d4e-4d06-922c-6059ad814828","local_time":"20181011231931","is_ascension_mode":false,"campfire_choices":[{"data":"Darkness","floor":6,"key":"SMITH"},{"data":"Fusion","floor":8,"key":"SMITH"},{"floor":15,"key":"REST"},{"floor":23,"key":"REST"}],"neow_cost":"NONE","seed_source_timestamp":105459166347522,"circlet_count":0,"master_deck":["Strike_B","Defend_B","Defend_B","Defend_B","Zap","Dualcast+1","Darkness+1","Beam Cell","Fusion+1","Capacitor","Leap","Gash","Go for the Eyes","Loop","Multi-Cast","Gash+1","Leap+1","Echo Form+1","Self Repair","Conserve Battery","Glacier+1"],"relics":["Cracked Core","Golden Idol","Regal Pillow","Nloth\u0027s Gift"],"potions_floor_usage":[13,13,16,24],"damage_taken":[{"damage":0,"enemies":"Small Slimes","floor":1,"turns":3},{"damage":0,"enemies":"2 Louse","floor":4,"turns":1},{"damage":7,"enemies":"Jaw Worm","floor":5,"turns":4},{"damage":9,"enemies":"Blue Slaver","floor":7,"turns":3},{"damage":10,"enemies":"Looter","floor":10,"turns":3},{"damage":7,"enemies":"3 Louse","floor":12,"turns":3},{"damage":20,"enemies":"Gremlin Gang","floor":13,"turns":7},{"damage":40,"enemies":"The Guardian","floor":16,"turns":9},{"damage":12,"enemies":"Shell Parasite","floor":18,"turns":6},{"damage":38,"enemies":"Spheric Guardian","floor":21,"turns":6},{"damage":30,"enemies":"Shelled Parasite and Fungi","floor":22,"turns":5},{"damage":40,"enemies":"Cultist and Chosen","floor":24,"turns":6}],"seed_played":"7641537429259724731","potions_obtained":[{"floor":1,"key":"Block Potion"},{"floor":5,"key":"PowerPotion"},{"floor":10,"key":"GamblersBrew"},{"floor":16,"key":"Dexterity Potion"},{"floor":22,"key":"Swift Potion"}],"is_trial":false,"path_per_floor":["M","?","?","M","M","R","M","R","T","M","$","M","M","?","R","B",null,"M","?","?","M","M","R"],"character_chosen":"DEFECT","items_purchased":["Capacitor","Leap","Gash"],"campfire_rested":2,"item_purchase_floors":[11,11,11],"current_hp_per_floor":[75,75,75,75,68,68,59,59,59,49,49,42,22,22,59,19,75,63,63,63,32,2,39,0],"gold":327,"neow_bonus":"UPGRADE_CARD","is_prod":false,"is_daily":false,"chose_seed":false,"campfire_upgraded":2,"win_rate":0,"timestamp":1539296371,"path_taken":["M","?","?","M","M","R","M","R","T","?","$","M","?","?","R","BOSS","M","?","?","M","M","R","M"],"build_version":"2018-10-04v2","purchased_purges":0,"victory":false,"max_hp_per_floor":[75,75,75,75,75,75,75,75,75,75,75,75,75,75,75,75,75,75,75,75,75,75,75,75],"card_choices":[{"not_picked":["Chaos","Turbo","Scrape"],"picked":"SKIP","floor":1},{"not_picked":["Rebound","Hologram"],"picked":"Darkness","floor":4},{"not_picked":["Thunder Strike","Rebound"],"picked":"Beam Cell","floor":5},{"not_picked":["Steam Power","Static Discharge"],"picked":"Fusion","floor":7},{"not_picked":["Force Field","Rip and Tear","Stack"],"picked":"SKIP","floor":10},{"not_picked":["Steam","Redo"],"picked":"Go for the Eyes","floor":12},{"not_picked":["Go for the Eyes","Thunder Strike"],"picked":"Loop","floor":13},{"not_picked":["Rainbow","Hyperbeam"],"picked":"Multi-Cast","floor":16},{"not_picked":["Streamline+1","Go for the Eyes"],"picked":"Self Repair","floor":18},{"not_picked":["Leap","Skim"],"picked":"Conserve Battery","floor":21},{"not_picked":["Blizzard","Streamline"],"picked":"Glacier+1","floor":22}],"player_experience":209674,"relics_obtained":[{"floor":9,"key":"Regal Pillow"}],"event_choices":[{"event_name":"Golden Idol","player_choice":"Take Wound","floor":2,"damage_taken":0},{"event_name":"The Cleric","player_choice":"Card Removal","floor":3,"damage_taken":0},{"event_name":"Wheel of Change","player_choice":"Gold","floor":14,"damage_taken":0},{"event_name":"Purifier","player_choice":"One Purge","floor":19,"damage_taken":0},{"event_name":"N\u0027loth","player_choice":"Traded a Astrolabe","floor":20,"damage_taken":0}],"is_beta":false,"boss_relics":[{"not_picked":["Snecko Eye","Busted Crown"],"picked":"Astrolabe"}],"items_purged_floors":[],"is_endless":false,"potions_floor_spawned":[1,5,10,12,16,22],"killed_by":"Cultist and Chosen","ascension_level":0}