{"gold_per_floor":[111,128,93,109,284,284,298,324,324,324],"floor_reached":10,"playtime":419,"items_purged":[],"score":68,"play_id":"fd7b08e9-ac22-40b2-b4d3-046614d2189d","local_time":"20181110154945","is_ascension_mode":false,"campfire_choices":[{"data":"Hello World","floor":6,"key":"SMITH"}],"neow_cost":"PERCENT_DAMAGE","seed_source_timestamp":425344868403029,"circlet_count":0,"master_deck":["Strike_B","Strike_B","Strike_B","Strike_B","Defend_B","Defend_B","Zap","Dualcast","Hello World+1","FTL","Ball Lightning","Rip and Tear","Redo","Doubt","Amplify","Barrage"],"relics":["Cracked Core","Meat on the Bone","Ornamental Fan"],"potions_floor_usage":[8,8],"damage_taken":[{"damage":6,"enemies":"Cultist","floor":1,"turns":3},{"damage":6,"enemies":"Jaw Worm","floor":2,"turns":2},{"damage":2,"enemies":"Small Slimes","floor":4,"turns":2},{"damage":21,"enemies":"3 Louse","floor":7,"turns":4},{"damage":14,"enemies":"Lagavulin","floor":8,"turns":4},{"damage":34,"enemies":"The Mushroom Lair","floor":10,"turns":3}],"seed_played":"-4731469920738619348","potions_obtained":[{"floor":1,"key":"Block Potion"},{"floor":7,"key":"Strength Potion"}],"is_trial":false,"path_per_floor":["M","M","?","M","?","R","M","E","T","?"],"character_chosen":"DEFECT","items_purchased":[],"campfire_rested":0,"item_purchase_floors":[],"current_hp_per_floor":[48,42,60,58,58,58,37,23,23,0],"gold":324,"neow_bonus":"TRANSFORM_TWO_CARDS","is_prod":false,"is_daily":false,"chose_seed":false,"campfire_upgraded":1,"win_rate":0.0,"timestamp":1541882985,"path_taken":["M","?","?","M","?","R","M","E","T","?"],"build_version":"2018-11-08","purchased_purges":0,"victory":false,"max_hp_per_floor":[75,75,75,75,75,75,75,75,75,75],"card_choices":[{"not_picked":["Heatsinks","Leap"],"picked":"Ball Lightning","floor":1},{"not_picked":["Streamline","Conserve Battery"],"picked":"Rip and Tear","floor":2},{"not_picked":["Coolheaded","Scrape"],"picked":"Redo","floor":4},{"not_picked":["Melter","FTL"],"picked":"Amplify","floor":7},{"not_picked":["Hologram","Coolheaded"],"picked":"Barrage","floor":8}],"player_experience":152817,"relics_obtained":[{"floor":8,"key":"Meat on the Bone"},{"floor":9,"key":"Ornamental Fan"}],"event_choices":[{"damage_healed":18,"gold_gain":0,"player_choice":"Healed","damage_taken":0,"max_hp_gain":0,"max_hp_loss":0,"event_name":"The Cleric","floor":3,"gold_loss":35},{"damage_healed":0,"gold_gain":175,"player_choice":"AGREE","damage_taken":0,"max_hp_gain":0,"max_hp_loss":0,"event_name":"Liars Game","floor":5,"gold_loss":0,"cards_obtained":["Doubt"]},{"damage_healed":0,"gold_gain":0,"player_choice":"Fought Mushrooms","damage_taken":0,"max_hp_gain":0,"max_hp_loss":0,"event_name":"Mushrooms","floor":10,"gold_loss":0}],"is_beta":false,"boss_relics":[],"items_purged_floors":[],"is_endless":false,"potions_floor_spawned":[1,7],"killed_by":"The Mushroom Lair","ascension_level":0}