{"path_per_floor":["M","?","?","M","?","R","E","R","T","?","R","E","M","E","R","B",null,"M","M","?","M","$","R","M","R","T","R","M","?","E","$","R","B",null,"M","?","?","$","M","$","E","R","T","M","?","M","M","M","R","B"],"character_chosen":"DEFECT","items_purchased":["Anchor","Potion Belt","Self Repair","Flash of Steel"],"gold_per_floor":[118,293,293,305,255,255,290,290,315,315,315,349,363,392,392,497,497,511,531,531,551,178,178,189,189,246,246,258,258,289,115,115,215,215,234,234,234,234,249,249,280,280,306,317,317,337,349,364,364,364],"floor_reached":51,"campfire_rested":0,"playtime":2706,"item_purchase_floors":[22,22,31,31],"current_hp_per_floor":[75,75,75,75,75,75,60,60,60,65,65,65,65,53,53,53,80,80,80,80,78,78,78,78,78,78,78,73,73,60,60,60,78,80,80,80,70,70,70,70,68,68,68,74,64,46,46,56,56,33],"items_purged":["Biased Cognition+1"],"gold":364,"score":840,"play_id":"0d2c13b7-b7e8-4404-9c84-5265c39d77e3","local_time":"20180603023400","is_prod":false,"is_daily":false,"chose_seed":false,"is_ascension_mode":true,"campfire_upgraded":10,"win_rate":0,"timestamp":1527960840,"campfire_choices":[{"data":"Zap","floor":6,"key":"SMITH"},{"data":"Storm","floor":8,"key":"SMITH"},{"data":"Chill","floor":11,"key":"SMITH"},{"data":"Glacier","floor":15,"key":"SMITH"},{"data":"Heatsinks","floor":23,"key":"SMITH"},{"data":"Heatsinks","floor":25,"key":"SMITH"},{"data":"Loop","floor":27,"key":"SMITH"},{"data":"Dualcast","floor":32,"key":"SMITH"},{"data":"Madness","floor":42,"key":"SMITH"},{"data":"Apotheosis","floor":49,"key":"SMITH"}],"path_taken":["M","?","?","?","?","R","E","R","T","?","R","E","M","E","R","BOSS","M","M","?","M","?","R","?","R","T","R","M","?","E","$","R","BOSS","M","?","?","?","?","?","E","R","T","M","?","?","?","M","R","BOSS"],"build_version":"2018-05-31","seed_source_timestamp":880503946405965,"purchased_purges":1,"victory":true,"master_deck":["Strike_B+1","Defend_B+1","Defend_B+1","Zap+1","Dualcast+1","Electrodynamics","BootSequence","Chill+1","Storm+1","Loop+1","Glacier+1","Heatsinks+1","Reboot","Gash+1","All For One+1","Heatsinks+1","Static Discharge+1","Self Repair","Flash of Steel","Creative AI","Madness+1","Madness","Decay","Enlightenment","Panache","Apotheosis+1"],"max_hp_per_floor":[75,75,75,75,75,75,75,75,75,80,80,80,80,80,80,80,80,80,80,80,80,80,80,80,80,80,80,80,80,80,80,80,80,80,80,80,80,80,80,80,80,80,80,80,80,80,80,80,80,80],"relics":["Cracked Core","Spirit Poop","Whetstone","Happy Flower","Pantograph","War Paint","Astrolabe","Anchor","Potion Belt","Tiny Chest","Meat on the Bone","Cursed Key","Art of War","Orichalcum"],"card_choices":[{"not_picked":["Blizzard","Turbo"],"picked":"BootSequence","floor":1},{"not_picked":["Static Discharge","Reprogram"],"picked":"Chill","floor":4},{"not_picked":["Rip and Tear","Electrodynamics"],"picked":"Storm","floor":7},{"not_picked":["Turbo","Compile Driver"],"picked":"Loop","floor":12},{"not_picked":["Rebound","Darkness"],"picked":"Glacier","floor":13},{"not_picked":["Leap","Redo"],"picked":"Heatsinks","floor":14},{"not_picked":["Amplify","Biased Cognition"],"picked":"Reboot","floor":16},{"not_picked":["Sweeping Beam","Rebound+1","Compile Driver"],"picked":"SKIP","floor":18},{"not_picked":["Genetic Algorithm","Streamline"],"picked":"Heatsinks","floor":19},{"not_picked":["Ball Lightning+1","Skim","Steam+1"],"picked":"SKIP","floor":21},{"not_picked":["Stack","Compile Driver","Turbo"],"picked":"SKIP","floor":24},{"not_picked":["Hyperbeam","Stack+1","Steam"],"picked":"SKIP","floor":28},{"not_picked":["Darkness","Genetic Algorithm+1"],"picked":"Static Discharge+1","floor":30},{"not_picked":["Rainbow","Meteor Strike"],"picked":"Creative AI","floor":33},{"not_picked":["Heatsinks","Compile Driver+1","Sweeping Beam"],"picked":"SKIP","floor":35},{"not_picked":["White Noise","Leap","Consume+1"],"picked":"SKIP","floor":39},{"not_picked":["Hologram+1","Steam","Skim"],"picked":"SKIP","floor":41},{"not_picked":["Barrage+1","Coolheaded+1","Doom and Gloom+1"],"picked":"SKIP","floor":44},{"not_picked":["Purity","Swift Strike"],"picked":"Enlightenment","floor":45},{"not_picked":["Jack Of All Trades","Thinking Ahead"],"picked":"Panache","floor":45},{"not_picked":["Blind","Swift Strike"],"picked":"Apotheosis","floor":45},{"not_picked":["Self Repair+1","Ball Lightning","Leap"],"picked":"SKIP","floor":46},{"not_picked":["Leap","Blizzard+1","Cold Snap"],"picked":"SKIP","floor":47},{"not_picked":["Chaos+1","Cold Snap","Undo"],"picked":"SKIP","floor":48}],"player_experience":751618,"potions_floor_usage":[7,16,21,21,24,50,50,50],"damage_taken":[{"damage":0,"enemies":"Cultist","floor":1,"turns":3},{"damage":0,"enemies":"Small Slimes","floor":4,"turns":3},{"damage":15,"enemies":"Lagavulin","floor":7,"turns":7},{"damage":0,"enemies":"3 Sentries","floor":12,"turns":3},{"damage":0,"enemies":"2 Louse","floor":13,"turns":3},{"damage":12,"enemies":"Lagavulin","floor":14,"turns":5},{"damage":25,"enemies":"Slime Boss","floor":16,"turns":8},{"damage":0,"enemies":"Spheric Guardian","floor":18,"turns":3},{"damage":0,"enemies":"3 Byrds","floor":19,"turns":2},{"damage":2,"enemies":"Snecko","floor":21,"turns":3},{"damage":0,"enemies":"Cultist and Chosen","floor":24,"turns":4},{"damage":5,"enemies":"Chosen and Byrds","floor":28,"turns":4},{"damage":13,"enemies":"Slavers","floor":30,"turns":3},{"damage":9,"enemies":"Automaton","floor":33,"turns":6},{"damage":0,"enemies":"Orb Walker","floor":35,"turns":3},{"damage":0,"enemies":"3 Shapes","floor":39,"turns":3},{"damage":9,"enemies":"Giant Head","floor":41,"turns":6},{"damage":1,"enemies":"Sphere and 2 Shapes","floor":44,"turns":2},{"damage":18,"enemies":"4 Shapes","floor":46,"turns":3},{"damage":0,"enemies":"3 Darklings","floor":47,"turns":3},{"damage":0,"enemies":"Sphere and 2 Shapes","floor":48,"turns":3},{"damage":69,"enemies":"Awakened One","floor":50,"turns":9}],"relics_obtained":[{"floor":7,"key":"Whetstone"},{"floor":9,"key":"Happy Flower"},{"floor":12,"key":"Pantograph"},{"floor":14,"key":"War Paint"},{"floor":26,"key":"Tiny Chest"},{"floor":30,"key":"Meat on the Bone"},{"floor":41,"key":"Art of War"},{"floor":43,"key":"Orichalcum"}],"event_choices":[{"event_name":"Liars Game","player_choice":"agreed","floor":2,"damage_taken":0},{"event_name":"Bonfire Elementals","player_choice":"CURSE","floor":3,"damage_taken":0},{"event_name":"The Cleric","player_choice":"Card Removal","floor":5,"damage_taken":0},{"event_name":"Big Fish","player_choice":"Donut","floor":10,"damage_taken":0},{"event_name":"The Lab","player_choice":"Got Potions","floor":20,"damage_taken":0},{"event_name":"Vampires","player_choice":"Ignored","floor":29,"damage_taken":0},{"event_name":"Winding Halls","player_choice":"Embrace Madness","floor":37,"damage_taken":0},{"event_name":"SensoryStone","player_choice":"Memory 3","floor":45,"damage_taken":0}],"boss_relics":[{"not_picked":["Orrery","Tiny House"],"picked":"Astrolabe"},{"not_picked":["Lizard Tail","Sozu"],"picked":"Cursed Key"}],"items_purged_floors":[22],"potions_floor_spawned":[1,7,12,14,19,30,33,39,48],"seed_played":"-1816361340952741106","ascension_level":3,"potions_obtained":[{"floor":1,"key":"Weak Potion"},{"floor":7,"key":"GamblersBrew"},{"floor":12,"key":"Fire Potion"},{"floor":14,"key":"Weak Potion"},{"floor":19,"key":"LiquidBronze"},{"floor":20,"key":"FocusPotion"},{"floor":20,"key":"SkillPotion"},{"floor":30,"key":"Swift Potion"},{"floor":33,"key":"GamblersBrew"},{"floor":39,"key":"Poison Potion"},{"floor":48,"key":"SteroidPotion"}],"is_trial":false}