{"path_per_floor":["M","?","M","$","M","R","M","?","T","R","?","T","R","$","R"],"character_chosen":"THE_SILENT","items_purchased":["Matryoshka","Sadistic Nature"],"gold_per_floor":[360,360,379,125,140,140,151,151,151,151,226,276,276,18,18,18],"floor_reached":16,"campfire_rested":0,"playtime":855,"item_purchase_floors":[4,14],"current_hp_per_floor":[63,45,44,44,44,44,35,35,35,35,24,24,24,24,24,0],"items_purged":["Strike_G"],"gold":18,"score":145,"play_id":"c4bac53b-3cb0-45ad-848a-0f975aa0e626","local_time":"20180606234418","is_prod":false,"is_daily":false,"chose_seed":false,"is_ascension_mode":true,"campfire_upgraded":4,"win_rate":0,"timestamp":1528296258,"campfire_choices":[{"data":"Deadly Poison","floor":6,"key":"SMITH"},{"data":"Neutralize","floor":10,"key":"SMITH"},{"data":"Survivor","floor":13,"key":"SMITH"},{"data":"Sadistic Nature","floor":15,"key":"SMITH"}],"path_taken":["M","?","M","?","M","R","M","?","T","R","?","?","R","$","R","BOSS"],"build_version":"2018-05-31","seed_source_timestamp":2627995637335,"purchased_purges":1,"victory":false,"master_deck":["Defend_G","Defend_G","Defend_G","Defend_G","Defend_G","Strike_G","Strike_G","Strike_G","Survivor+1","Neutralize+1","AscendersBane","Backstab","Deadly Poison+1","Sadistic Nature+1"],"max_hp_per_floor":[63,63,63,63,63,63,63,63,63,63,63,63,63,63,63,63],"relics":["Ring of the Snake","The Specimen","Matryoshka","Lantern","Shuriken","Question Card","Bronze Scales"],"card_choices":[{"not_picked":["Leg Sweep","Underhanded Strike","Calculated Gamble"],"picked":"SKIP","floor":1},{"not_picked":["Bane","Setup"],"picked":"Backstab","floor":3},{"not_picked":["Dodge and Roll","Deflect"],"picked":"Deadly Poison","floor":5},{"not_picked":["Slice","A Thousand Cuts","Skewer"],"picked":"SKIP","floor":7}],"player_experience":785980,"potions_floor_usage":[16],"damage_taken":[{"damage":0,"enemies":"2 Louse","floor":1,"turns":3},{"damage":1,"enemies":"Jaw Worm","floor":3,"turns":7},{"damage":0,"enemies":"Small Slimes","floor":5,"turns":3},{"damage":9,"enemies":"Exordium Thugs","floor":7,"turns":6},{"damage":48,"enemies":"Slime Boss","floor":16,"turns":11}],"relics_obtained":[{"floor":9,"key":"Lantern"},{"floor":9,"key":"Shuriken"},{"floor":12,"key":"Question Card"},{"floor":12,"key":"Bronze Scales"}],"event_choices":[{"event_name":"Scrap Ooze","player_choice":"success","floor":2,"damage_taken":18},{"event_name":"Bonfire Elementals","player_choice":"BASIC","floor":8,"damage_taken":0},{"event_name":"World of Goop","player_choice":"Gather Gold","floor":11,"damage_taken":0}],"boss_relics":[],"items_purged_floors":[14],"potions_floor_spawned":[1,3],"seed_played":"-3288273103653549635","killed_by":"Slime Boss","ascension_level":13,"potions_obtained":[{"floor":1,"key":"Ancient Potion"},{"floor":3,"key":"FairyPotion"}],"is_trial":false}