{"gold_per_floor":[116,134,134,52,52,52,2,17,17,17,31,8,28,46,46,148,148,161,86,11,11,24,24,37,37,37,51,51,51,51,64,64,169,199,219,236,103,103,152,152,152,152,152,98,98,113,13,13],"floor_reached":48,"playtime":2654,"items_purged":["Defend_B","Defend_B"],"score":443,"play_id":"d868a287-296c-49a8-9450-7f5cd3868434","local_time":"20180623022239","is_ascension_mode":false,"campfire_choices":[{"data":"Zap","floor":6.0,"key":"SMITH"},{"data":"Stack","floor":10.0,"key":"SMITH"},{"data":"Coolheaded","floor":15.0,"key":"SMITH"},{"data":"Creative AI","floor":23,"key":"SMITH"},{"data":"Defragment","floor":30,"key":"SMITH"},{"data":"Loop","floor":32,"key":"SMITH"},{"data":"Genetic Algorithm","floor":40,"key":"SMITH"},{"data":"Seek","floor":42,"key":"SMITH"}],"neow_cost":"","seed_source_timestamp":0,"circlet_count":0,"master_deck":["Defend_B","Zap+1","Dualcast","Stack+1","Ball Lightning","Heatsinks+1","Conserve Battery","Coolheaded+1","Gash","Gash","Creative AI+1","Self Repair+1","RitualDagger","Conserve Battery","Capacitor","Defragment+1","Loop+1","Seek+1","Genetic Algorithm+1","Cold Snap+1","Barrage","Capacitor","Barrage","Conserve Battery","Madness","Madness","Stack","Dark Shackles","Stack+1","Barrage"],"special_seed":0,"relics":["Cracked Core","Toolbox","Sozu","Bird Faced Urn","Tiny House","Prayer Wheel","Toxic Egg 2"],"potions_floor_usage":[39],"damage_taken":[{"damage":6.0,"enemies":"2 Louse","floor":1.0,"turns":3.0},{"damage":4.0,"enemies":"Cultist","floor":2.0,"turns":4.0},{"damage":3.0,"enemies":"Small Slimes","floor":8.0,"turns":3.0},{"damage":11.0,"enemies":"3 Louse","floor":11.0,"turns":3.0},{"damage":1.0,"enemies":"2 Fungi Beasts","floor":13.0,"turns":3.0},{"damage":1.0,"enemies":"Blue Slaver","floor":14.0,"turns":4.0},{"damage":42.0,"enemies":"The Guardian","floor":16.0,"turns":12.0},{"damage":0,"enemies":"Chosen","floor":18,"turns":5},{"damage":29,"enemies":"2 Thieves","floor":22,"turns":5},{"damage":9,"enemies":"3 Cultists","floor":24,"turns":7},{"damage":8,"enemies":"Snecko","floor":27,"turns":6},{"damage":16,"enemies":"Cultist and Chosen","floor":31,"turns":6},{"damage":48,"enemies":"Automaton","floor":33,"turns":9},{"damage":29,"enemies":"Orb Walker","floor":35,"turns":4},{"damage":26,"enemies":"3 Shapes","floor":36,"turns":3},{"damage":24,"floor":39,"turns":5},{"damage":31,"enemies":"3 Darklings","floor":46,"turns":6},{"damage":77,"enemies":"4 Shapes","floor":48,"turns":3}],"seed_played":"-3767499216633001913","potions_obtained":[{"floor":1.0,"key":"EssenceOfSteel"},{"floor":13.0,"key":"SkillPotion"},{"floor":14.0,"key":"Energy Potion"}],"is_trial":false,"path_per_floor":["M","M","?","$","?","R","?","M","T","R","M","$","M","M","R","B",null,"M","?","$","?","M","R","M","?","T","M","?","?","R","M","R","B",null,"M","M","$","?","?","R","?","R","T","$","?","M","$"],"character_chosen":"DEFECT","items_purchased":["Heatsinks","Gash","Capacitor","Barrage","Conserve Battery","Stack+1"],"campfire_rested":0,"item_purchase_floors":[],"current_hp_per_floor":[69,65,65,65,65,65,65,62,62,62,51,51,50,49,49,7,75,75,75,75,69,47,47,45,45,45,60,60,60,60,58,58,38,80,69,63,63,53,57,57,57,57,57,57,57,44,44,0],"gold":13,"neow_bonus":"","is_prod":false,"is_daily":false,"chose_seed":false,"campfire_upgraded":8,"win_rate":0,"timestamp":1529734959,"path_taken":["M","M","?","$","?","R","?","M","T","R","?","?","M","M","R","BOSS","M","?","$","?","M","R","M","?","T","M","?","?","R","M","R","BOSS","M","M","$","?","?","R","?","R","T","$","?","M","$","?"],"build_version":"2018-06-21v2","purchased_purges":2,"victory":false,"max_hp_per_floor":[75,75,75,75,75,75,75,75,75,75,75,75,75,75,75,75,75,75,75,75,75,75,75,75,75,75,75,75,75,75,75,75,75,80,80,80,80,80,80,80,80,80,80,80,80,80,80,80],"card_choices":[{"not_picked":["Rip and Tear","Steam Power"],"picked":"Stack","floor":1.0},{"not_picked":["Barrage","Sunder"],"picked":"Ball Lightning","floor":2.0},{"not_picked":["Chaos","Reinforced Body"],"picked":"Conserve Battery","floor":8.0},{"not_picked":["Fusion","Storm"],"picked":"Coolheaded","floor":11.0},{"not_picked":["Leap","Chaos"],"picked":"Gash","floor":13.0},{"not_picked":["Chaos","Rebound","Go for the Eyes"],"picked":"SKIP","floor":14.0},{"not_picked":["Reboot","Meteor Strike"],"picked":"Creative AI","floor":16.0},{"not_picked":["Force Field","Go for the Eyes"],"picked":"Self Repair","floor":18},{"not_picked":["Sweeping Beam","Streamline"],"picked":"Conserve Battery","floor":22},{"not_picked":["Leap","Chill"],"picked":"Capacitor","floor":24},{"not_picked":["Sweeping Beam+1","Reinforced Body","Leap"],"picked":"SKIP","floor":27},{"not_picked":["Sweeping Beam","Glacier"],"picked":"Loop","floor":31},{"not_picked":["Multi-Cast","All For One"],"picked":"Seek","floor":33},{"not_picked":["Fusion","Barrage"],"picked":"Genetic Algorithm","floor":34},{"not_picked":["Hologram+1","Self Repair+1"],"picked":"Cold Snap+1","floor":35},{"not_picked":["Streamline+1","Compile Driver"],"picked":"Barrage","floor":36},{"not_picked":["Go for the Eyes+1","Redo"],"picked":"Stack","floor":39},{"not_picked":["Blind","Good Instincts"],"picked":"Dark Shackles","floor":41},{"not_picked":["All For One","Leap+1"],"picked":"Barrage","floor":46},{"not_picked":["Aggregate+1","Streamline+1","Sweeping Beam"],"picked":"SKIP","floor":46}],"player_experience":520051,"relics_obtained":[{"floor":9.0,"key":"Toolbox"},{"floor":26,"key":"Bird Faced Urn"},{"floor":39,"key":"Prayer Wheel"},{"floor":43,"key":"Toxic Egg 2"}],"event_choices":[{"event_name":"The Woman in Blue","player_choice":"Bought 0 Potions","floor":3.0,"damage_taken":0.0},{"event_name":"Living Wall","player_choice":"Grow","floor":5.0,"damage_taken":0.0},{"event_name":"The Cleric","player_choice":"Card Removal","floor":7.0,"damage_taken":0.0},{"event_name":"Beggar","player_choice":"Gave Gold","floor":19,"damage_taken":0},{"event_name":"Nest","player_choice":"Joined the Cult","floor":21,"damage_taken":0},{"event_name":"Purifier","player_choice":"One Purge","floor":25,"damage_taken":0},{"event_name":"Drug Dealer","player_choice":"Ignored","floor":28,"damage_taken":0},{"event_name":"The Library","player_choice":"Read","floor":29,"damage_taken":0},{"event_name":"Winding Halls","player_choice":"Embrace Madness","floor":38,"damage_taken":0},{"event_name":"Mysterious Sphere","player_choice":"Fight","floor":39,"damage_taken":0},{"event_name":"SensoryStone","player_choice":"Memory 1","floor":41,"damage_taken":0},{"event_name":"Falling","player_choice":"Removed Attack","floor":45,"damage_taken":0}],"boss_relics":[{"not_picked":["White Beast Statue","Ectoplasm"],"picked":"Sozu"},{"not_picked":["Fusion Hammer","Empty Cage"],"picked":"Tiny House"}],"items_purged_floors":[20,47],"is_endless":false,"potions_floor_spawned":[1,13,14,22,31,33,35,36],"killed_by":"4 Shapes","ascension_level":0}