{"gold_per_floor":[119,194,207,219,64,64,82,82,105,105,105,29,41,56,56,160,160,170,170,26,40,40,40,55,55,80,92,92,17,17,29,29,126,126,139,154,47,65,65,26,26,42,42,42,75,75,125,125,125,125],"floor_reached":51,"playtime":3311,"items_purged":["Decay"],"score":667,"play_id":"df185925-130c-4bb4-a49b-514e39cbcc8c","local_time":"20180717230110","is_ascension_mode":false,"campfire_choices":[{"data":"Accuracy","floor":6,"key":"SMITH"},{"data":"Cloak And Dagger","floor":8,"key":"SMITH"},{"data":"Cloak And Dagger","floor":10,"key":"SMITH"},{"data":"Cloak And Dagger","floor":15,"key":"SMITH"},{"data":"Envenom","floor":23,"key":"SMITH"},{"data":"Blade Dance","floor":25,"key":"SMITH"},{"data":"Infinite Blades","floor":30,"key":"SMITH"},{"floor":32,"key":"REST"},{"data":"Envenom","floor":44,"key":"SMITH"},{"data":"Infinite Blades","floor":46,"key":"SMITH"},{"floor":49,"key":"REST"}],"neow_cost":"NONE","seed_source_timestamp":582598757068288,"circlet_count":0,"master_deck":["Defend_G","Defend_G","Defend_G","Defend_G","Defend_G","Strike_G","Strike_G","Strike_G","Strike_G","Survivor","Neutralize","Backflip","Cloak And Dagger+1","Escape Plan","Accuracy+1","Blade Dance+1","Cloak And Dagger+1","Infinite Blades+1","Escape Plan","Cloak And Dagger+1","Venomology","Backstab+1","Envenom+1","Backflip","Tools of the Trade","Dodge and Roll","Envenom+1","Prepared+1","Footwork","Dash","Infinite Blades+1","Writhe","Acrobatics","Decay"],"relics":["Ring of the Snake","Ancient Tea Set","Bag of Marbles","Cursed Key","Dream Catcher","Nilry\u0027s Codex","Busted Crown","Du-Vu Doll","Mercury Hourglass","Blood Vial","Calipers"],"potions_floor_usage":[16,18,33,33,48,50,50],"damage_taken":[{"damage":0,"enemies":"Small Slimes","floor":1,"turns":3},{"damage":0,"enemies":"Jaw Worm","floor":3,"turns":7},{"damage":0,"enemies":"2 Louse","floor":4,"turns":3},{"damage":0,"enemies":"Looter","floor":7,"turns":3},{"damage":0,"enemies":"Exordium Wildlife","floor":13,"turns":3},{"damage":3,"enemies":"Red Slaver","floor":14,"turns":4},{"damage":7,"enemies":"Slime Boss","floor":16,"turns":9},{"damage":0,"enemies":"Chosen","floor":18,"turns":3},{"damage":1,"enemies":"Shell Parasite","floor":21,"turns":2},{"damage":5,"enemies":"Snake Plant","floor":24,"turns":4},{"damage":16,"enemies":"Snecko","floor":27,"turns":5},{"damage":7,"enemies":"Chosen and Byrds","floor":31,"turns":5},{"damage":44,"enemies":"Automaton","floor":33,"turns":9},{"damage":2,"enemies":"Orb Walker","floor":35,"turns":3},{"damage":25,"enemies":"3 Darklings","floor":36,"turns":4},{"damage":3,"enemies":"Flame Bruiser 2 Orb","floor":38,"turns":6},{"damage":0,"floor":39,"turns":7},{"damage":8,"enemies":"Spire Growth","floor":42,"turns":4},{"damage":0,"enemies":"Nemesis","floor":45,"turns":4},{"damage":3,"floor":47,"turns":3},{"damage":0,"enemies":"Maw","floor":48,"turns":1},{"damage":39,"enemies":"Donu and Deca","floor":50,"turns":8}],"seed_played":"3224500112703397805","potions_obtained":[{"floor":3,"key":"Dexterity Potion"},{"floor":4,"key":"Strength Potion"},{"floor":7,"key":"Block Potion"},{"floor":14,"key":"SmokeBomb"},{"floor":24,"key":"LiquidBronze"},{"floor":35,"key":"Explosive Potion"},{"floor":45,"key":"Fire Potion"}],"is_trial":false,"path_per_floor":["M","?","M","M","$","R","M","R","T","R","?","$","M","M","R","B",null,"M","?","$","M","?","R","M","R","T","M","?","$","R","M","R","B",null,"M","M","$","M","?","$","?","M","T","R","E","R","?","M","R","B"],"character_chosen":"THE_SILENT","items_purchased":["Accuracy","Blade Dance","Infinite Blades","Envenom","Footwork","Dash","Infinite Blades"],"campfire_rested":2,"item_purchase_floors":[5,5,12,20,37,37,40],"current_hp_per_floor":[70,59,59,59,59,59,59,59,59,59,52,52,52,49,49,42,70,70,70,70,69,69,69,64,64,64,48,32,32,32,25,46,2,70,68,43,43,40,40,40,58,50,50,50,50,50,49,51,70,31],"gold":125,"neow_bonus":"RANDOM_COMMON_RELIC","is_prod":false,"is_daily":false,"chose_seed":false,"campfire_upgraded":9,"win_rate":0,"timestamp":1531882870,"path_taken":["M","?","M","M","$","R","M","R","T","R","?","$","M","M","R","BOSS","M","?","$","M","?","R","M","R","T","M","?","$","R","M","R","BOSS","M","M","$","M","?","$","?","M","T","R","E","R","?","?","R","BOSS"],"build_version":"2018-07-12","purchased_purges":1,"victory":true,"max_hp_per_floor":[70,70,70,70,70,70,70,70,70,70,70,70,70,70,70,70,70,70,70,70,70,70,70,70,70,70,70,70,70,70,70,70,70,70,70,70,70,70,70,70,70,70,70,70,70,70,70,70,70,70],"card_choices":[{"not_picked":["Flying Knee","Masterful Stab"],"picked":"Backflip","floor":1},{"not_picked":["Leg Sweep","Distraction"],"picked":"Cloak And Dagger","floor":3},{"not_picked":["Concentrate","Calculated Gamble"],"picked":"Escape Plan","floor":4},{"not_picked":["Reflex","Sucker Punch"],"picked":"Cloak And Dagger","floor":7},{"not_picked":["Setup","Reflex"],"picked":"Escape Plan","floor":13},{"not_picked":["Choke","Underhanded Strike"],"picked":"Cloak And Dagger","floor":14},{"not_picked":["Glass Knife","Doppelganger"],"picked":"Venomology","floor":16},{"not_picked":["Well Laid Plans","Acrobatics"],"picked":"Backstab+1","floor":18},{"not_picked":["Bane","Deflect"],"picked":"Backflip","floor":21},{"not_picked":["Slice","Dagger Throw","Setup"],"picked":"SKIP","floor":24},{"not_picked":["Dagger Throw+1","Outmaneuver"],"picked":"Tools of the Trade","floor":27},{"not_picked":["Flying Knee","Deadly Poison+1","Poisoned Stab+1"],"picked":"SKIP","floor":31},{"not_picked":["Deadly Poison","Poisoned Stab"],"picked":"Dodge and Roll","floor":32},{"not_picked":["Wraith Form v2","Doppelganger"],"picked":"Envenom","floor":33},{"not_picked":[],"picked":"Prepared+1","floor":35},{"not_picked":["Endless Agony"],"picked":"SKIP","floor":36},{"not_picked":["Deadly Poison+1"],"picked":"SKIP","floor":38},{"not_picked":[],"picked":"Acrobatics","floor":42},{"not_picked":["Quick Slash"],"picked":"SKIP","floor":45}],"player_experience":559595,"relics_obtained":[{"floor":9,"key":"Bag of Marbles"},{"floor":26,"key":"Dream Catcher"},{"floor":28,"key":"Nilry\u0027s Codex"},{"floor":39,"key":"Du-Vu Doll"},{"floor":43,"key":"Mercury Hourglass"},{"floor":45,"key":"Blood Vial"},{"floor":47,"key":"Calipers"}],"event_choices":[{"event_name":"World of Goop","player_choice":"Gather Gold","floor":2,"damage_taken":0},{"event_name":"Golden Wing","player_choice":"Card Removal","floor":11,"damage_taken":0},{"event_name":"Drug Dealer","player_choice":"Ignored","floor":19,"damage_taken":0},{"event_name":"Beggar","player_choice":"Ignored","floor":22,"damage_taken":0},{"event_name":"Cursed Tome","player_choice":"Obtained Book","floor":28,"damage_taken":0},{"event_name":"MindBloom","player_choice":"Fight","floor":39,"damage_taken":0},{"event_name":"Winding Halls","player_choice":"Writhe","floor":41,"damage_taken":0},{"event_name":"Mysterious Sphere","player_choice":"Fight","floor":47,"damage_taken":0}],"boss_relics":[{"not_picked":["Calling Bell","Orrery"],"picked":"Cursed Key"},{"not_picked":["Runic Pyramid","Black Star"],"picked":"Busted Crown"}],"items_purged_floors":[29],"is_endless":false,"potions_floor_spawned":[3,4,7,14,24,27,31,35,38,45],"ascension_level":0}