{"gold_per_floor":[119,130,144,144,144,144,172,172,172,172,189,206,238,20,20,94,94,110,85,135,30,96,125,125,153,153,68,118,148,211,222,222,294,294,310,412,562,612,345,377,402,412,481,531,563,311,340,355,355,355,355,355,355,63,95,95],"floor_reached":57,"playtime":4565,"items_purged":["Decay","Sucker Punch","Bane"],"score":2853,"play_id":"3e7edf49-c251-4fc5-9375-e661ff7e13b1","local_time":"20190303225508","is_ascension_mode":true,"campfire_choices":[{"data":"Deadly Poison","floor":6.0,"key":"SMITH"},{"data":"Neutralize","floor":8.0,"key":"SMITH"},{"data":"Finisher","floor":10.0,"key":"SMITH"},{"data":"Burst","floor":15.0,"key":"SMITH"},{"data":"Deflect","floor":24.0,"key":"SMITH"},{"floor":32.0,"key":"REST"},{"floor":49,"key":"RECALL"},{"data":"Forethought","floor":53,"key":"SMITH"}],"neow_cost":"TEN_PERCENT_HP_LOSS","seed_source_timestamp":1330719310217946,"circlet_count":0,"master_deck":["AscendersBane","Survivor","Neutralize+1","Glass Knife+1","Deadly Poison+1","Finisher+1","Burst+1","Backflip","Deflect+1","Adrenaline","Noxious Fumes","Noxious Fumes","Corpse Explosion","Adrenaline","Grand Finale","Adrenaline","Crippling Poison","Leg Sweep","Forethought+1","Noxious Fumes+1","Wraith Form v2","Well Laid Plans+1","Deadly Poison+1","After Image+1","PiercingWail","Dodge and Roll","Wraith Form v2+1","Footwork+1","Caltrops+1"],"special_seed":0,"relics":["Ring of the Snake","SsserpentHead","WingedGreaves","Thread and Needle","Pen Nib","Membership Card","Pandora\u0027s Box","Sundial","Art of War","Bag of Preparation","Sozu","Bird Faced Urn","Calipers","Frozen Egg 2","Oddly Smooth Stone","Centennial Puzzle","Gremlin Horn","Dream Catcher","Du-Vu Doll","Lantern","OrangePellets","Pantograph","Boot"],"potions_floor_usage":[33,56,56],"damage_taken":[{"damage":0.0,"enemies":"2 Louse","floor":1.0,"turns":3.0},{"damage":0.0,"enemies":"Small Slimes","floor":2.0,"turns":5.0},{"damage":0.0,"enemies":"Cultist","floor":3.0,"turns":3.0},{"damage":25.0,"enemies":"3 Sentries","floor":7.0,"turns":7.0},{"damage":0.0,"enemies":"Large Slime","floor":11.0,"turns":6.0},{"damage":4.0,"enemies":"Lots of Slimes","floor":12.0,"turns":6.0},{"damage":6.0,"enemies":"Lagavulin","floor":13.0,"turns":5.0},{"damage":9.0,"enemies":"The Guardian","floor":16.0,"turns":12.0},{"damage":0.0,"enemies":"Shell Parasite","floor":18.0,"turns":1.0},{"damage":5.0,"enemies":"Chosen","floor":22.0,"turns":4.0},{"damage":6.0,"enemies":"Book of Stabbing","floor":23.0,"turns":3.0},{"damage":13.0,"enemies":"Gremlin Leader","floor":25.0,"turns":4.0},{"damage":0.0,"enemies":"Centurion and Healer","floor":30.0,"turns":4.0},{"damage":0.0,"enemies":"3 Cultists","floor":31.0,"turns":2.0},{"damage":21,"enemies":"Champ","floor":33,"turns":6},{"damage":0,"enemies":"3 Shapes","floor":35,"turns":3},{"damage":7,"enemies":"2 Orb Walkers","floor":36,"turns":2},{"damage":0,"enemies":"Mind Bloom Boss Battle","floor":37,"turns":5},{"damage":0,"enemies":"Nemesis","floor":40,"turns":7},{"damage":1,"enemies":"Giant Head","floor":41,"turns":7},{"damage":0,"enemies":"Orb Walker","floor":42,"turns":3},{"damage":2,"enemies":"Nemesis","floor":45,"turns":7},{"damage":3,"enemies":"Giant Head","floor":47,"turns":9},{"damage":0,"enemies":"Spire Growth","floor":48,"turns":4},{"damage":57,"enemies":"Awakened One","floor":50,"turns":15},{"damage":1,"enemies":"Donu and Deca","floor":51,"turns":6},{"damage":23,"enemies":"Shield and Spear","floor":55,"turns":6},{"damage":45,"enemies":"The Heart","floor":56,"turns":10}],"seed_played":"3552659767770851764","potions_obtained":[{"floor":2.0,"key":"Dexterity Potion"},{"floor":7.0,"key":"Regen Potion"},{"floor":12.0,"key":"Strength Potion"},{"floor":16.0,"key":"LiquidBronze"},{"floor":23.0,"key":"GamblersBrew"},{"floor":29.0,"key":"PowerPotion"},{"floor":33,"key":"Strength Potion"}],"is_trial":false,"path_per_floor":["M","M","M","?","?","R","E","R","T","R","M","M","E","$","R","B",null,"M","?","?","$","M","E","R","E","T","$","?","?","M","M","R","B",null,"M","?","?","?","$","E","E","M","T","?","E","$","E","M","R","B","B",null,"R","$","E","B",null],"character_chosen":"THE_SILENT","items_purchased":["Membership Card","Leg Sweep","Forethought","Bag of Preparation","Frozen Egg 2","After Image+1","Dodge and Roll","Du-Vu Doll","OrangePellets","Footwork+1","Pantograph"],"campfire_rested":1,"item_purchase_floors":[14,21,21,27,39,39,46,46,54,54,54],"current_hp_per_floor":[59,59,59,59,59,59,34,34,34,34,34,45,39,39,39,30,53,53,53,53,53,48,42,42,29,29,29,29,29,29,29,47,26,52,52,45,55,55,55,60,60,60,60,60,60,60,57,60,60,13,24,51,51,51,43,25],"gold":95,"neow_bonus":"THREE_RARE_CARDS","is_prod":false,"is_daily":false,"chose_seed":false,"campfire_upgraded":6,"win_rate":0,"timestamp":1551624908,"path_taken":["M","M","M","?","?","R","E","R","T","R","M","M","E","$","R","BOSS","M","?","?","$","?","E","R","E","T","$","?","?","?","M","R","BOSS","M","?","?","?","$","E","E","M","T","?","E","$","E","M","R","BOSS","BOSS","R","$","E","BOSS"],"build_version":"2019-01-23","purchased_purges":3,"victory":true,"max_hp_per_floor":[60,60,60,60,60,60,60,60,60,60,60,60,60,60,60,60,60,60,60,60,60,60,60,60,60,60,60,60,60,60,60,60,60,60,60,60,60,60,60,60,60,60,60,60,60,60,60,60,60,60,60,60,60,60,60,60],"card_choices":[{"not_picked":["Malaise","Die Die Die"],"picked":"Glass Knife","floor":0.0},{"not_picked":["Acrobatics","Deflect"],"picked":"Deadly Poison","floor":1.0},{"not_picked":["Sucker Punch","Reflex"],"picked":"Finisher","floor":2.0},{"not_picked":["PiercingWail","Well Laid Plans"],"picked":"Burst","floor":3.0},{"not_picked":["Dagger Throw","Dagger Spray"],"picked":"Backflip","floor":7.0},{"not_picked":["Terror","Quick Slash","Flying Knee"],"picked":"SKIP","floor":11.0},{"not_picked":["Outmaneuver","Backflip"],"picked":"Deflect","floor":12.0},{"not_picked":["Endless Agony","Prepared","Tactician"],"picked":"SKIP","floor":13.0},{"not_picked":["Doppelganger","Glass Knife"],"picked":"Adrenaline","floor":16.0},{"not_picked":["Leg Sweep","Bane"],"picked":"Crippling Poison","floor":18.0},{"not_picked":["Prepared","Quick Slash","Dodge and Roll"],"picked":"SKIP","floor":22.0},{"not_picked":["Setup","Caltrops"],"picked":"Noxious Fumes+1","floor":23.0},{"not_picked":["Quick Slash+1","Dagger Spray","Finisher"],"picked":"SKIP","floor":25.0},{"not_picked":["Slice","Underhanded Strike","Prepared"],"picked":"SKIP","floor":30.0},{"not_picked":["Underhanded Strike","Slice","Quick Slash"],"picked":"SKIP","floor":31.0},{"not_picked":["A Thousand Cuts","Malaise"],"picked":"Wraith Form v2","floor":33},{"not_picked":["Predator+1","Bane","Outmaneuver"],"picked":"SKIP","floor":35},{"not_picked":["Acrobatics","Sucker Punch"],"picked":"Well Laid Plans+1","floor":36},{"not_picked":["Bouncing Flask","Underhanded Strike+1"],"picked":"Deadly Poison+1","floor":37},{"not_picked":["Well Laid Plans+1","Finisher","Blur"],"picked":"SKIP","floor":40},{"not_picked":["Sucker Punch","Blade Dance","Acrobatics"],"picked":"SKIP","floor":41},{"not_picked":["Outmaneuver","Expertise","Heel Hook"],"picked":"SKIP","floor":42},{"not_picked":["Cloak And Dagger","Dodge and Roll"],"picked":"PiercingWail","floor":45},{"not_picked":["PiercingWail","Acrobatics"],"picked":"Wraith Form v2+1","floor":47},{"not_picked":["Dagger Spray","Dodge and Roll","Deflect"],"picked":"SKIP","floor":48},{"not_picked":["After Image+1","Dodge and Roll"],"picked":"Caltrops+1","floor":55}],"player_experience":587191,"relics_obtained":[{"floor":7.0,"key":"WingedGreaves"},{"floor":9.0,"key":"Thread and Needle"},{"floor":13.0,"key":"Pen Nib"},{"floor":23.0,"key":"Sundial"},{"floor":25.0,"key":"Art of War"},{"floor":36,"key":"Bird Faced Urn"},{"floor":37,"key":"Calipers"},{"floor":40,"key":"Oddly Smooth Stone"},{"floor":41,"key":"Centennial Puzzle"},{"floor":43,"key":"Gremlin Horn"},{"floor":45,"key":"Dream Catcher"},{"floor":47,"key":"Lantern"},{"floor":55,"key":"Boot"}],"event_choices":[{"damage_healed":0.0,"max_hp_gain":0.0,"max_hp_loss":0.0,"gold_gain":0.0,"event_name":"Living Wall","player_choice":"Grow","floor":4.0,"gold_loss":0.0,"damage_taken":0.0,"cards_upgraded":["Glass Knife"]},{"damage_healed":0.0,"max_hp_gain":0.0,"max_hp_loss":0.0,"gold_gain":0.0,"event_name":"FaceTrader","player_choice":"Trade","floor":5.0,"gold_loss":0.0,"damage_taken":0.0,"relics_obtained":["SsserpentHead"]},{"cards_removed":["Choke"],"damage_healed":0.0,"max_hp_gain":0.0,"max_hp_loss":0.0,"gold_gain":0.0,"event_name":"Beggar","player_choice":"Gave Gold","floor":19.0,"gold_loss":75.0,"damage_taken":0.0},{"damage_healed":0.0,"max_hp_gain":0.0,"max_hp_loss":0.0,"gold_gain":0.0,"event_name":"Wheel of Change","player_choice":"Cursed","floor":20.0,"gold_loss":0.0,"damage_taken":0.0,"cards_obtained":["Decay"]},{"damage_healed":0.0,"max_hp_gain":0.0,"max_hp_loss":0.0,"gold_gain":0.0,"event_name":"Ghosts","player_choice":"Ignored","floor":28.0,"gold_loss":0.0,"damage_taken":0.0},{"damage_healed":0.0,"max_hp_gain":0.0,"max_hp_loss":0.0,"gold_gain":0.0,"event_name":"The Woman in Blue","player_choice":"Bought 1 Potion","floor":29.0,"gold_loss":0.0,"damage_taken":0.0},{"damage_healed":0,"gold_gain":0,"player_choice":"Fight","damage_taken":0,"max_hp_gain":0,"max_hp_loss":0,"event_name":"Mysterious Sphere","floor":36,"gold_loss":0},{"damage_healed":0,"gold_gain":0,"player_choice":"Fight","damage_taken":0,"max_hp_gain":0,"max_hp_loss":0,"event_name":"MindBloom","floor":37,"gold_loss":0},{"cards_removed":["Glass Knife"],"damage_healed":0,"gold_gain":0,"player_choice":"Removed Attack","damage_taken":0,"max_hp_gain":0,"max_hp_loss":0,"event_name":"Falling","floor":38,"gold_loss":0},{"damage_healed":0,"gold_gain":0,"player_choice":"Ignored","damage_taken":0,"max_hp_gain":0,"max_hp_loss":0,"event_name":"Tomb of Lord Red Mask","floor":44,"gold_loss":0}],"is_beta":false,"boss_relics":[{"not_picked":["Velvet Choker","Lizard Tail"],"picked":"Pandora\u0027s Box"},{"not_picked":["Eternal Feather","Empty Cage"],"picked":"Sozu"}],"items_purged_floors":[21,39,46],"is_endless":false,"potions_floor_spawned":[2,7,12,13,16,23,30,31,33,35,40,42],"ascension_level":20}