{"gold_per_floor":[212,7,82,92,110,110,122,147,147,147,178,189,207,239,239,342,342,359,458,458,458,132,157,157],"floor_reached":24,"playtime":1456,"items_purged":[],"score":364,"play_id":"77949e3c-5839-4336-b496-2a5b481f3e69","local_time":"20181223145608","is_ascension_mode":true,"campfire_choices":[{"data":"Neutralize","floor":6,"key":"SMITH"},{"floor":10,"key":"DIG"},{"floor":15,"key":"REST"}],"neow_cost":"NONE","seed_source_timestamp":247645365385964,"circlet_count":0,"master_deck":["Defend_G","Defend_G","Defend_G","Defend_G","Defend_G","Survivor","Neutralize+1","Dash","Panache","Calculated Gamble","Blade Dance","Choke","Blade Dance","Doppelganger","Dagger Spray","Outmaneuver","Prepared","PiercingWail","Bullet Time","Cloak And Dagger","Bite","Bite","Bite","Bite","Bite","Footwork","Poisoned Stab"],"relics":["Ring of the Snake","Pocketwatch","Shovel","Letter Opener","Bag of Marbles","Sundial","Lizard Tail","Shuriken","The Courier"],"potions_floor_usage":[11,12,14,16],"damage_taken":[{"damage":0,"enemies":"Small Slimes","floor":1,"turns":3},{"damage":0,"enemies":"Cultist","floor":4,"turns":5},{"damage":0,"enemies":"Jaw Worm","floor":5,"turns":4},{"damage":1,"enemies":"Blue Slaver","floor":7,"turns":3},{"damage":19,"enemies":"Gremlin Nob","floor":8,"turns":4},{"damage":7,"enemies":"3 Sentries","floor":11,"turns":7},{"damage":1,"enemies":"2 Fungi Beasts","floor":12,"turns":3},{"damage":3,"enemies":"Looter","floor":13,"turns":2},{"damage":10,"enemies":"Lagavulin","floor":14,"turns":5},{"damage":6,"enemies":"Hexaghost","floor":16,"turns":11},{"damage":0,"enemies":"3 Byrds","floor":18,"turns":3},{"damage":75,"enemies":"Book of Stabbing","floor":23,"turns":8},{"damage":16,"enemies":"Spheric Guardian","floor":24,"turns":3}],"seed_played":"-7988673319934576707","potions_obtained":[{"floor":1,"key":"Block Potion"},{"floor":5,"key":"GhostInAJar"},{"floor":12,"key":"AttackPotion"},{"floor":14,"key":"FearPotion"}],"is_trial":false,"path_per_floor":["M","$","?","M","M","R","M","E","T","R","E","M","M","E","R","B",null,"M","?","?","?","$","E","M"],"character_chosen":"THE_SILENT","items_purchased":["Panache","Calculated Gamble","Shuriken","Footwork"],"campfire_rested":1,"item_purchase_floors":[2,2,22,22],"current_hp_per_floor":[63,63,56,56,56,56,55,36,36,36,29,28,25,15,36,30,60,60,60,49,49,49,7,0],"gold":157,"neow_bonus":"HUNDRED_GOLD","is_prod":false,"is_daily":false,"chose_seed":false,"campfire_upgraded":1,"win_rate":0,"timestamp":1545594968,"path_taken":["M","$","?","?","M","R","M","E","T","R","E","M","M","E","R","BOSS","M","?","?","?","?","E","?"],"build_version":"2018-12-20","purchased_purges":0,"victory":false,"max_hp_per_floor":[70,70,70,70,70,70,70,70,70,70,70,70,70,70,70,70,70,70,70,49,49,49,49,49],"card_choices":[{"not_picked":["Bouncing Flask","Choke"],"picked":"Dash","floor":1},{"not_picked":["Catalyst","Backflip"],"picked":"Blade Dance","floor":4},{"not_picked":["Deflect","Outmaneuver"],"picked":"Choke","floor":5},{"not_picked":["Flying Knee","Dagger Spray"],"picked":"Blade Dance","floor":7},{"not_picked":["Deflect","Sucker Punch"],"picked":"Doppelganger","floor":8},{"not_picked":["Slice","Concentrate"],"picked":"Dagger Spray","floor":11},{"not_picked":["Underhanded Strike","Deadly Poison"],"picked":"Outmaneuver","floor":12},{"not_picked":["Tactician","Flying Knee"],"picked":"Prepared","floor":13},{"not_picked":["Quick Slash","Underhanded Strike"],"picked":"PiercingWail","floor":14},{"not_picked":["Grand Finale","Tools of the Trade"],"picked":"Bullet Time","floor":16},{"not_picked":["Acrobatics","Quick Slash"],"picked":"Cloak And Dagger","floor":18},{"not_picked":["Riddle With Holes","Quick Slash"],"picked":"Poisoned Stab","floor":23}],"player_experience":370126,"relics_obtained":[{"floor":8,"key":"Pocketwatch"},{"floor":9,"key":"Shovel"},{"floor":10,"key":"Letter Opener"},{"floor":11,"key":"Bag of Marbles"},{"floor":14,"key":"Sundial"},{"floor":23,"key":"The Courier"}],"event_choices":[{"damage_healed":0,"gold_gain":75,"player_choice":"Touch","damage_taken":7,"max_hp_gain":0,"max_hp_loss":0,"event_name":"FaceTrader","floor":3,"gold_loss":0},{"damage_healed":0,"gold_gain":99,"player_choice":"Stole From Cult","damage_taken":0,"max_hp_gain":0,"max_hp_loss":0,"event_name":"Nest","floor":19,"gold_loss":0},{"damage_healed":0,"gold_gain":0,"player_choice":"Became a vampire","damage_taken":0,"max_hp_gain":0,"max_hp_loss":21,"event_name":"Vampires","floor":20,"gold_loss":0,"cards_obtained":["Bite","Bite","Bite","Bite","Bite"]},{"damage_healed":0,"gold_gain":0,"player_choice":"Ignored","damage_taken":0,"max_hp_gain":0,"max_hp_loss":0,"event_name":"Beggar","floor":21,"gold_loss":0}],"is_beta":false,"boss_relics":[{"not_picked":["Fusion Hammer","Coffee Dripper"],"picked":"Lizard Tail"}],"items_purged_floors":[],"is_endless":false,"potions_floor_spawned":[1,5,12,14],"killed_by":"Spheric Guardian","ascension_level":9}