{"gold_per_floor":[109,32,48,64,64,64,76,89,89,89,65,91,91,107,107,212,212,225,241,0,14,14,42,42,71,71,71,84,84,84,95,95,191,191,204,204,204,224,238,238,273,273,296,296,306,130,130,144,144,144,144,144,6,38,38],"floor_reached":55,"playtime":18116,"items_purged":[],"score":1154,"play_id":"9bc74c9e-c9c4-4a89-a224-444acf74bdf3","local_time":"20190208230228","is_ascension_mode":true,"campfire_choices":[{"data":"Infinite Blades","floor":6.0,"key":"SMITH"},{"floor":10.0,"key":"REST"},{"data":"Neutralize","floor":15.0,"key":"SMITH"},{"data":"Infinite Blades","floor":24,"key":"SMITH"},{"data":"Glass Knife","floor":27,"key":"SMITH"},{"data":"Cloak And Dagger","floor":29,"key":"SMITH"},{"data":"Skewer","floor":32,"key":"SMITH"},{"floor":40,"key":"REST"},{"floor":42,"key":"REST"},{"floor":44,"key":"RECALL"},{"floor":49,"key":"REST"},{"floor":52,"key":"REST"}],"neow_cost":"NONE","seed_source_timestamp":0,"circlet_count":0,"master_deck":["AscendersBane","Survivor","Neutralize+1","Cloak And Dagger+1","Infinite Blades+1","Well Laid Plans","Dodge and Roll+1","Deflect","Blade Dance+1","Deflect+1","Backflip+1","Corpse Explosion+1","Infinite Blades+1","Leg Sweep+1","Poisoned Stab","Poisoned Stab","Skewer+1","Calculated Gamble+1","Dagger Throw","Glass Knife+1","Leg Sweep+1","Caltrops","Well Laid Plans","Backflip+1","Slice","Cloak And Dagger+1","Prepared+1","PiercingWail+1","A Thousand Cuts+1","Calculated Gamble+1","Madness+1","Madness+1","Dagger Spray+1","Deflect+1","Finisher+1","Accuracy","Deep Breath+1","Finisher+1","Footwork","Deflect+1","PiercingWail+1"],"special_seed":0,"relics":["WristBlade","Toxic Egg 2","Bird Faced Urn","Pandora\u0027s Box","Happy Flower","Blue Candle","Bottled Flame","Tough Bandages","Letter Opener","Lizard Tail","Meat on the Bone","Pen Nib"],"potions_floor_usage":[33,39,45,45,54],"damage_taken":[{"damage":0.0,"enemies":"2 Louse","floor":1.0,"turns":3.0},{"damage":0.0,"enemies":"Cultist","floor":3.0,"turns":4.0},{"damage":4.0,"enemies":"Small Slimes","floor":4.0,"turns":4.0},{"damage":6.0,"enemies":"Red Slaver","floor":7.0,"turns":4.0},{"damage":4.0,"enemies":"Large Slime","floor":8.0,"turns":8.0},{"damage":5.0,"enemies":"Lagavulin","floor":12.0,"turns":6.0},{"damage":0.0,"enemies":"2 Fungi Beasts","floor":14.0,"turns":4.0},{"damage":12.0,"enemies":"The Guardian","floor":16.0,"turns":13.0},{"damage":18.0,"enemies":"2 Thieves","floor":18.0,"turns":3.0},{"damage":8.0,"enemies":"3 Byrds","floor":19.0,"turns":4.0},{"damage":0.0,"enemies":"Centurion and Healer","floor":21.0,"turns":4.0},{"damage":12.0,"enemies":"Book of Stabbing","floor":23.0,"turns":5.0},{"damage":17,"enemies":"Gremlin Leader","floor":25,"turns":7},{"damage":2,"enemies":"Cultist and Chosen","floor":28,"turns":5},{"damage":0,"enemies":"Sentry and Sphere","floor":31,"turns":4},{"damage":2,"enemies":"Collector","floor":33,"turns":10},{"damage":8,"enemies":"3 Darklings","floor":35,"turns":3},{"damage":0,"enemies":"3 Shapes","floor":38,"turns":3},{"damage":31,"enemies":"Writhing Mass","floor":39,"turns":7},{"damage":37,"enemies":"Giant Head","floor":41,"turns":9},{"damage":5,"enemies":"Sphere and 2 Shapes","floor":45,"turns":3},{"damage":48,"enemies":"Transient","floor":48,"turns":5},{"damage":62,"enemies":"Donu and Deca","floor":50,"turns":9},{"damage":56,"enemies":"Shield and Spear","floor":54,"turns":5},{"damage":78,"enemies":"The Heart","floor":55,"turns":5}],"seed_played":"-4163715714513687465","potions_obtained":[{"floor":1.0,"key":"SkillPotion"},{"floor":5.0,"key":"Weak Potion"},{"floor":12.0,"key":"Regen Potion"},{"floor":18.0,"key":"SkillPotion"},{"floor":19.0,"key":"PowerPotion"},{"floor":21.0,"key":"FearPotion"},{"floor":31,"key":"Block Potion"},{"floor":39,"key":"Weak Potion"},{"floor":41,"key":"EssenceOfSteel"}],"is_trial":false,"path_per_floor":["M","$","M","M","?","R","M","M","T","R","$","E","?","M","R","B",null,"M","M","$","M","T","E","R","E","T","R","M","R","?","M","R","B",null,"M","?","?","M","M","R","E","R","T","R","M","$","?","M","R","B",null,"R","$","E","B"],"character_chosen":"THE_SILENT","items_purchased":["Infinite Blades","Blade Dance+1","Happy Flower","Well Laid Plans","Backflip+1","Accuracy","Deep Breath+1","Footwork","Deflect+1","SpeedPotion"],"campfire_rested":5,"item_purchase_floors":[2,11,20,20,20,46,46,53,53,53],"current_hp_per_floor":[63,63,63,59,59,59,53,49,49,70,70,65,65,69,69,58,67,51,61,61,69,69,64,64,57,57,57,65,65,65,70,70,70,70,64,55,55,63,46,67,38,59,59,59,60,60,60,34,55,19,57,70,70,28,0],"gold":38,"neow_bonus":"BOSS_RELIC","is_prod":false,"is_daily":false,"chose_seed":false,"campfire_upgraded":6,"win_rate":0,"timestamp":1549684948,"path_taken":["M","$","M","M","?","R","?","M","T","R","$","E","?","M","R","BOSS","M","M","$","M","?","E","R","E","T","R","M","R","?","?","R","BOSS","M","?","?","?","M","R","E","R","T","R","M","?","?","M","R","BOSS","R","$","E","BOSS"],"build_version":"2019-01-23","purchased_purges":0,"victory":false,"max_hp_per_floor":[70,70,70,70,70,70,70,70,70,70,70,70,70,70,70,70,70,70,70,70,70,70,70,70,70,70,70,70,70,70,70,70,70,70,70,70,70,70,70,70,70,70,70,70,70,70,70,70,70,70,70,70,70,70,70],"card_choices":[{"not_picked":["Heel Hook","PiercingWail"],"picked":"Cloak And Dagger","floor":1.0},{"not_picked":["Predator","Dash"],"picked":"Well Laid Plans","floor":3.0},{"not_picked":["Predator","Backflip"],"picked":"Dodge and Roll","floor":4.0},{"not_picked":["Choke","Heel Hook"],"picked":"Deflect","floor":7.0},{"not_picked":["Tactician","Poisoned Stab","Sucker Punch"],"picked":"SKIP","floor":8.0},{"not_picked":["Heel Hook","Quick Slash"],"picked":"Deflect+1","floor":12.0},{"not_picked":["Poisoned Stab","Backstab"],"picked":"Backflip+1","floor":14.0},{"not_picked":["Storm of Steel+1","Wraith Form v2"],"picked":"Corpse Explosion+1","floor":16.0},{"not_picked":["Sucker Punch+1","Backflip+1"],"picked":"Leg Sweep+1","floor":18.0},{"not_picked":["Dodge and Roll+1","Dagger Throw"],"picked":"Caltrops","floor":19.0},{"not_picked":["Predator","Calculated Gamble+1"],"picked":"Slice","floor":21.0},{"not_picked":["Grand Finale","Malaise+1"],"picked":"Cloak And Dagger+1","floor":23.0},{"not_picked":["Deflect+1","Catalyst+1"],"picked":"Prepared+1","floor":25},{"not_picked":["Flying Knee+1","Tactician+1","Outmaneuver+1"],"picked":"SKIP","floor":28},{"not_picked":["Sucker Punch+1","Quick Slash"],"picked":"PiercingWail+1","floor":31},{"not_picked":["Envenom","Doppelganger+1"],"picked":"A Thousand Cuts","floor":33},{"not_picked":["Deadly Poison+1","Predator"],"picked":"Calculated Gamble+1","floor":35},{"not_picked":["Dodge and Roll+1","Dagger Throw"],"picked":"Dagger Spray+1","floor":38},{"not_picked":["Dagger Spray","Poisoned Stab+1"],"picked":"Deflect+1","floor":39},{"not_picked":["Bullet Time+1","Dash","Slice"],"picked":"SKIP","floor":41},{"not_picked":["Sucker Punch+1","Endless Agony+1"],"picked":"Finisher+1","floor":45},{"not_picked":["Outmaneuver+1","Sucker Punch+1"],"picked":"Finisher+1","floor":48},{"not_picked":["Distraction+1","Prepared+1"],"picked":"PiercingWail+1","floor":54}],"player_experience":1134440,"relics_obtained":[{"floor":9.0,"key":"Toxic Egg 2"},{"floor":12.0,"key":"Bird Faced Urn"},{"floor":22.0,"key":"Blue Candle"},{"floor":23.0,"key":"Bottled Flame"},{"floor":25,"key":"Tough Bandages"},{"floor":26,"key":"Letter Opener"},{"floor":41,"key":"Meat on the Bone"},{"floor":54,"key":"Pen Nib"}],"event_choices":[{"damage_healed":0.0,"max_hp_gain":0.0,"max_hp_loss":0.0,"gold_gain":0.0,"event_name":"Lab","player_choice":"Got Potions","floor":5.0,"gold_loss":0.0,"damage_taken":0.0},{"cards_removed":["Strike_G"],"damage_healed":0.0,"max_hp_gain":0.0,"max_hp_loss":0.0,"gold_gain":0.0,"event_name":"Purifier","player_choice":"Purged","floor":13.0,"gold_loss":0.0,"damage_taken":0.0},{"damage_healed":0,"gold_gain":0,"player_choice":"Upgraded","damage_taken":0,"max_hp_gain":0,"max_hp_loss":0,"event_name":"Upgrade Shrine","floor":30,"gold_loss":0,"cards_upgraded":["Dodge and Roll"]},{"damage_healed":0,"gold_gain":0,"player_choice":"Embrace Madness","damage_taken":9,"max_hp_gain":0,"max_hp_loss":0,"event_name":"Winding Halls","floor":36,"gold_loss":0,"cards_obtained":["Madness","Madness"]},{"damage_healed":0,"gold_gain":0,"player_choice":"Forge","damage_taken":0,"max_hp_gain":0,"max_hp_loss":0,"event_name":"Accursed Blacksmith","floor":37,"gold_loss":0,"cards_upgraded":["A Thousand Cuts"]},{"cards_removed":["Poisoned Stab"],"damage_healed":0,"gold_gain":0,"player_choice":"Purged","damage_taken":0,"max_hp_gain":0,"max_hp_loss":0,"event_name":"Purifier","floor":47,"gold_loss":0}],"is_beta":false,"boss_relics":[{"not_picked":["Philosopher\u0027s Stone","Snecko Eye"],"picked":"Pandora\u0027s Box"},{"not_picked":["Tiny House","White Beast Statue"],"picked":"Lizard Tail"}],"items_purged_floors":[],"is_endless":false,"potions_floor_spawned":[1,8,12,18,19,21,31,39,41],"killed_by":"The Heart","ascension_level":11}