{"path_per_floor":["M","?","?","?","$","R","?","M","T","M","M","R","M","$","R","B",null,"M","?","?","?","M","E","R","E","T","R","E","M","R","M","R"],"character_chosen":"IRONCLAD","items_purchased":["Paper Frog","Inflame","Clash"],"gold_per_floor":[364,364,364,439,26,26,26,46,46,65,84,84,105,55,55,186,186,204,204,119,319,344,388,388,419,497,497,535,559,559,574,574],"floor_reached":33,"campfire_rested":3,"playtime":894,"current_hp_per_floor":[65,65,80,69,69,69,69,69,69,74,63,63,67,67,67,61,71,66,66,66,66,50,19,41,28,28,50,56,40,62,59,59],"items_purged":["Injury"],"gold":574,"score":470,"play_id":"2efaf03b-0e67-4c0b-87cd-f2bd8bbf4944","local_time":"20180319184505","is_prod":false,"is_daily":false,"is_ascension_mode":true,"campfire_upgraded":4,"timestamp":1521503105,"path_taken":["M","?","?","?","$","R","?","M","T","M","?","R","M","$","R","BOSS","M","?","?","?","M","E","R","E","T","R","E","?","R","M","R","BOSS"],"build_version":"2018-03-15v3","purchased_purges":1,"victory":false,"master_deck":["Strike_R","Strike_R","Strike_R","Defend_R","Defend_R","Defend_R","Defend_R","Bash","Double Tap+1","Inflame+1","Sword Boomerang","Clash","Whirlwind+1","Clash","Shrug It Off","Corruption","Sword Boomerang","Flex+1","Thunderclap","Infernal Blade+1"],"max_hp_per_floor":[80,80,80,80,80,80,74,74,74,74,74,74,74,74,74,74,74,74,74,74,74,74,74,74,74,74,74,74,74,74,74,74],"relics":["Burning Blood","Paper Frog","Golden Idol","Du-Vu Doll","Runic Dome","Pen Nib","Self Forming Clay","Dream Catcher","Matryoshka","Ancient Tea Set"],"card_choices":[{"not_picked":["Anger","Wild Strike"],"picked":"Sword Boomerang"},{"not_picked":["Dual Wield","Twin Strike"],"picked":"Clash"},{"not_picked":["Warcry","Sword Boomerang"],"picked":"Whirlwind"},{"not_picked":["Metallicize","Warcry"],"picked":"Shrug It Off"},{"not_picked":["True Grit","Anger"],"picked":"Sword Boomerang"},{"not_picked":["Twin Strike","Fire Breathing"],"picked":"Flex"},{"not_picked":["Sword Boomerang","Exhume"],"picked":"Thunderclap"},{"not_picked":["Havoc","Carnage"],"picked":"Infernal Blade"}],"player_experience":318627,"potions_floor_usage":[23,23,25,33],"damage_taken":[{"damage":13.0,"enemies":"2 Louse","floor":1.0,"turns":4.0},{"damage":6.0,"enemies":"Cultist","floor":8.0,"turns":3.0},{"damage":0.0,"enemies":"Small Slimes","floor":10.0,"turns":2.0},{"damage":17.0,"enemies":"Exordium Thugs","floor":11.0,"turns":3.0},{"damage":2.0,"enemies":"Looter","floor":13.0,"turns":3.0},{"damage":12.0,"enemies":"Slime Boss","floor":16.0,"turns":7.0},{"damage":11.0,"enemies":"Spheric Guardian","floor":18.0,"turns":3.0},{"damage":22.0,"enemies":"2 Thieves","floor":22.0,"turns":2.0},{"damage":37,"enemies":"Gremlin Leader","floor":23,"turns":5},{"damage":19,"enemies":"Book of Stabbing","floor":25,"turns":3},{"damage":0,"enemies":"Slavers","floor":28,"turns":1},{"damage":22,"enemies":"3 Cultists","floor":29,"turns":4},{"damage":9,"enemies":"Centurion and Healer","floor":31,"turns":3},{"damage":79,"enemies":"Collector","floor":33,"turns":6}],"event_choices":[{"event_name":"Transmorgrifier","player_choice":"Transform","floor":2.0,"damage_taken":0.0},{"event_name":"Big Fish","player_choice":"Banana","floor":3.0,"damage_taken":0.0},{"event_name":"World of Goop","player_choice":"Gather Gold","floor":4.0,"damage_taken":0.0},{"event_name":"Golden Idol","player_choice":"Lose Max HP","floor":7.0,"damage_taken":0.0},{"event_name":"Transmorgrifier","player_choice":"Transform","floor":19.0,"damage_taken":0.0},{"event_name":"Addict","player_choice":"Obtained Relic","floor":20.0,"damage_taken":0.0},{"event_name":"The Joust","player_choice":"Bet on Owner","floor":21.0,"damage_taken":0.0}],"boss_relics":[],"potions_floor_spawned":[8,11,13,18,22,23,29],"seed_played":"6653628983601276110","killed_by":"Collector","ascension_level":8,"is_trial":false}