{"path_per_floor":["M","M","M","?","?","R","M","M","T","$","?","E","$","M","R","B",null,"M","?","?","M"],"character_chosen":"THE_SILENT","items_purchased":[],"gold_per_floor":[12,24,41,41,41,41,58,76,99,24,24,57,57,67,67,169,169,182,182,182,199],"floor_reached":22,"campfire_rested":1,"playtime":2126,"current_hp_per_floor":[70,70,70,70,70,70,70,63,70,70,70,55,55,36,59,45,77,64,64,55,13],"items_purged":["Strike_G"],"gold":199,"play_id":"d3e5613c-9528-4115-8f47-a36fad953c65","is_prod":false,"is_daily":false,"is_ascension_mode":false,"campfire_upgraded":1,"path_taken":["M","M","M","?","?","R","M","M","T","$","?","E","?","M","R","BOSS","M","?","?","M","M"],"build_version":"2018-02-01-PROD3","purchased_purges":1,"victory":false,"master_deck":["Defend_G","Defend_G","Defend_G","Defend_G","Defend_G","Strike_G","Strike_G","Strike_G","Survivor","Neutralize","A Thousand Cuts","Deflect","Footwork+1","Slice","Footwork+1","Flying Knee","Deadly Poison","Footwork","Wraith Form","Prepared+1","Flechettes"],"max_hp_per_floor":[70,70,70,70,70,70,70,70,77,77,77,77,77,77,77,77,77,77,77,82,82],"relics":["Ring of the Snake","Strawberry","Calipers","Sozu"],"card_choices":[{"not_picked":["Bullet Time","Die Die Die"],"picked":"A Thousand Cuts"},{"not_picked":["Eviscerate","Choke"],"picked":"Deflect"},{"not_picked":["Dodge and Roll","Backflip"],"picked":"Footwork"},{"not_picked":["Flying Knee","Crippling Poison"],"picked":"Slice"},{"not_picked":["Dash","Riddle With Holes"],"picked":"Footwork"},{"not_picked":["Dodge and Roll","Prepared"],"picked":"Flying Knee"},{"not_picked":["Slice","Quick Slash"],"picked":"Deadly Poison"},{"not_picked":["Dagger Throw","Dagger Spray"],"picked":"Footwork"},{"not_picked":["Phantasmal Killer","Unload"],"picked":"Wraith Form"},{"not_picked":["Dagger Throw","Poisoned Stab"],"picked":"Prepared"},{"not_picked":["Poisoned Stab","Bane"],"picked":"Flechettes"}],"player_experience":38722,"potions_floor_usage":[12,12,16,16],"damage_taken":[{"damage":0,"enemies":"Cultist","floor":1,"turns":4},{"damage":0,"enemies":"Small Slimes","floor":2,"turns":5},{"damage":0,"enemies":"2 Louse","floor":3,"turns":4},{"damage":0,"enemies":"Large Slime","floor":7,"turns":7},{"damage":7,"enemies":"Looter","floor":8,"turns":5},{"damage":15,"enemies":"Gremlin Nob","floor":12,"turns":5},{"damage":19,"enemies":"Gremlin Gang","floor":14,"turns":5},{"damage":14,"enemies":"Slime Boss","floor":16,"turns":20},{"damage":13,"enemies":"Spheric Guardian","floor":18,"turns":7},{"damage":42,"enemies":"Chosen","floor":21,"turns":8},{"damage":13,"enemies":"Snake Plant","floor":22,"turns":3}],"event_choices":[{"event_name":"Living Wall","player_choice":"Forget","floor":4,"damage_taken":0},{"event_name":"The Cleric","player_choice":"Leave","floor":5,"damage_taken":0},{"event_name":"Accursed Blacksmith","player_choice":"Forge","floor":11,"damage_taken":0},{"event_name":"Cursed Tome","player_choice":"Ignored","floor":19,"damage_taken":0},{"event_name":"Forgotten Altar","player_choice":"Shed Blood","floor":20,"damage_taken":0}],"boss_relics":[{"not_picked":["Philosopher\u0027s Stone","Black Star"],"picked":"Sozu"}],"potions_floor_spawned":[1,7,8,14,18],"seed_played":"9174605501485199303","killed_by":"Snake Plant","ascension_level":0,"is_trial":false}