{"gold_per_floor":[116,66,83,96,96,126,126,126,150,70,70,84,101,115,115,219,219,230,230,5,19,118,118],"floor_reached":23,"playtime":1463,"items_purged":[],"score":201,"play_id":"f7b6ea0d-3b81-4f35-94ab-93e50acf55b4","local_time":"20181016220952","is_ascension_mode":true,"campfire_choices":[{"floor":7,"key":"REST"},{"data":"White Noise","floor":11,"key":"SMITH"},{"floor":15,"key":"REST"}],"neow_cost":"NONE","seed_source_timestamp":585350744027004,"circlet_count":0,"master_deck":["Strike_B+1","Strike_B+1","Defend_B","Defend_B","Defend_B","Defend_B","Zap","Dualcast","Redo","Hologram","White Noise+1","Machine Learning","Defragment+1","Conserve Battery","Doom and Gloom","Defragment","Biased Cognition","Redo","Stack","Leap+1"],"relics":["Cracked Core","Oddly Smooth Stone","Whetstone","Dream Catcher","DollysMirror"],"potions_floor_usage":[],"damage_taken":[{"damage":0,"enemies":"2 Louse","floor":1,"turns":1},{"damage":4,"enemies":"Small Slimes","floor":3,"turns":3},{"damage":0,"enemies":"Cultist","floor":4,"turns":4},{"damage":41,"enemies":"3 Sentries","floor":6,"turns":8},{"damage":34,"enemies":"Gremlin Gang","floor":12,"turns":4},{"damage":3,"enemies":"3 Louse","floor":13,"turns":4},{"damage":0,"enemies":"Red Slaver","floor":14,"turns":4},{"damage":32,"enemies":"Hexaghost","floor":16,"turns":11},{"damage":20,"enemies":"Shell Parasite","floor":18,"turns":5},{"damage":18,"enemies":"Spheric Guardian","floor":21,"turns":5},{"damage":42,"enemies":"Book of Stabbing","floor":23,"turns":4}],"seed_played":"-7683963737275304078","potions_obtained":[{"floor":3,"key":"GamblersBrew"},{"floor":4,"key":"AttackPotion"},{"floor":6,"key":"FocusPotion"},{"floor":16,"key":"Swift Potion"}],"is_trial":false,"path_per_floor":["M","?","M","M","?","E","R","?","T","$","R","M","M","M","R","B",null,"M","?","$","M","?"],"character_chosen":"DEFECT","items_purchased":["Defragment","DollysMirror","Stack"],"campfire_rested":2,"item_purchase_floors":[10,20,20],"current_hp_per_floor":[75,75,71,71,71,30,52,57,57,57,57,23,20,20,44,12,80,60,60,60,42,42,0],"gold":118,"neow_bonus":"RANDOM_COMMON_RELIC","is_prod":false,"is_daily":false,"chose_seed":false,"campfire_upgraded":1,"win_rate":0,"timestamp":1539742192,"path_taken":["M","?","M","?","?","E","R","?","T","$","R","?","?","M","R","BOSS","M","?","?","M","?","E"],"build_version":"2018-10-11","purchased_purges":0,"victory":false,"max_hp_per_floor":[75,75,75,75,75,75,75,80,80,80,80,80,80,80,80,80,80,80,80,80,80,80,80],"card_choices":[{"not_picked":["Ball Lightning","Undo"],"picked":"Redo","floor":1},{"not_picked":["Hologram","Turbo","Sweeping Beam"],"picked":"SKIP","floor":3},{"not_picked":["Turbo","Sweeping Beam"],"picked":"Hologram","floor":3},{"not_picked":["Coolheaded","Cold Snap"],"picked":"White Noise","floor":4},{"not_picked":["Conserve Battery","Cold Snap"],"picked":"Machine Learning","floor":6},{"not_picked":["Heatsinks","Coolheaded"],"picked":"Conserve Battery","floor":12},{"not_picked":["Beam Cell","Chaos","Aggregate"],"picked":"SKIP","floor":13},{"not_picked":["Redo","Steam"],"picked":"Doom and Gloom","floor":14},{"not_picked":["Gash","Scrape"],"picked":"Defragment","floor":15},{"not_picked":["Thunder Strike","Electrodynamics"],"picked":"Biased Cognition","floor":16},{"not_picked":["Coolheaded","Cold Snap+1","Compile Driver+1"],"picked":"SKIP","floor":18},{"not_picked":["Cold Snap+1","Compile Driver"],"picked":"Leap+1","floor":21}],"player_experience":636429,"relics_obtained":[{"floor":6,"key":"Whetstone"},{"floor":9,"key":"Dream Catcher"}],"event_choices":[{"event_name":"The Cleric","player_choice":"Card Removal","floor":2,"damage_taken":0},{"event_name":"Bonfire Elementals","player_choice":"BASIC","floor":5,"damage_taken":0},{"event_name":"Big Fish","player_choice":"Donut","floor":8,"damage_taken":0},{"event_name":"Upgrade Shrine","player_choice":"Upgraded","floor":19,"damage_taken":0},{"event_name":"Nest","player_choice":"Stole From Cult","floor":22,"damage_taken":0}],"is_beta":false,"boss_relics":[{"not_picked":["Runic Pyramid","Philosopher\u0027s Stone","Busted Crown"]}],"items_purged_floors":[],"is_endless":false,"potions_floor_spawned":[3,4,6,16,18],"killed_by":"Book of Stabbing","ascension_level":1}