{"path_per_floor":["M","?","M","?","$","R","M","M","T","M","$","M","M","?","R","B",null,"M","M","?","?","?","R","E","?","T","$","M","M","$","M","R"],"character_chosen":"IRONCLAD","items_purchased":["Orichalcum","Headbutt","Flex","Bottled Flame"],"gold_per_floor":[116,116,134,207,1,1,20,36,62,77,23,38,57,57,57,152,182,202,222,222,222,222,222,254,254,254,9,22,33,33,50,50],"floor_reached":33,"campfire_rested":0,"playtime":1533,"current_hp_per_floor":[80,80,75,75,75,75,73,70,70,72,72,75,77,52,52,33,85,77,52,52,52,52,52,34,18,18,18,25,30,30,26,26],"items_purged":[],"gold":50,"score":285,"play_id":"aa0da0a6-9efa-498b-813a-655d64f1e6bc","local_time":"20180304101027","is_prod":false,"is_daily":false,"is_ascension_mode":false,"campfire_upgraded":4,"timestamp":1520176227,"path_taken":["M","?","M","?","$","R","M","M","T","M","$","M","M","?","R","BOSS","M","M","?","?","?","R","E","?","T","?","M","M","$","M","R","BOSS"],"build_version":"2018-03-01-PROD1","purchased_purges":0,"victory":false,"master_deck":["Strike_R+1","Strike_R+1","Strike_R+1","Strike_R+1","Strike_R+1","Defend_R+1","Defend_R+1","Defend_R+1","Bash","Heavy Blade+1","Bloodletting+1","Flex","Headbutt","Headbutt","Rupture+1","Hemokinesis","Flex","Armaments","Bludgeon","Limit Break+1","Flex","Thunderclap","Uppercut","Heavy Blade","Normality","Heavy Blade+1","Barricade+1","Flex"],"max_hp_per_floor":[80,80,80,80,80,80,80,80,80,80,80,80,80,80,80,80,85,85,85,85,85,85,85,85,85,85,85,85,85,85,85,85],"relics":["Burning Blood","War Paint","Orichalcum","Bag of Marbles","Centennial Puzzle","Tiny House","Juzu Bracelet","Blood Vial","Enchiridion","Torii","Bottled Flame"],"card_choices":[{"not_picked":["Cleave","Perfected Strike"],"picked":"Heavy Blade"},{"not_picked":["Berserk","Blood for Blood"],"picked":"Flex"},{"not_picked":["Rage","Sword Boomerang"],"picked":"Headbutt"},{"not_picked":["Sever Soul","Twin Strike"],"picked":"Rupture"},{"not_picked":["Searing Blow","Wild Strike"],"picked":"Hemokinesis"},{"not_picked":["Sword Boomerang","Havoc"],"picked":"Armaments"},{"not_picked":["Wild Strike","Heavy Blade"],"picked":"Bludgeon"},{"not_picked":["Reaper","Dark Embrace"],"picked":"Limit Break"},{"not_picked":["Perfected Strike","Power Through"],"picked":"Flex"},{"not_picked":["Iron Wave","Dropkick"],"picked":"Thunderclap"},{"not_picked":["Corruption","Twin Strike"],"picked":"Uppercut"},{"not_picked":["Burning Pact","Perfected Strike"],"picked":"Heavy Blade"},{"not_picked":["Headbutt","Flame Barrier"],"picked":"Barricade"},{"not_picked":["Spot Weakness","Warcry"],"picked":"Flex"}],"player_experience":75808,"potions_floor_usage":[12,16,19,24,31,31],"damage_taken":[{"damage":6,"enemies":"2 Louse","floor":1,"turns":3},{"damage":11,"enemies":"Small Slimes","floor":3,"turns":3},{"damage":8,"enemies":"Jaw Worm","floor":7,"turns":2},{"damage":9,"enemies":"Blue Slaver","floor":8,"turns":3},{"damage":4,"enemies":"2 Fungi Beasts","floor":10,"turns":3},{"damage":3,"enemies":"3 Louse","floor":12,"turns":3},{"damage":4,"enemies":"Blue Slaver","floor":13,"turns":3},{"damage":25,"enemies":"Slime Boss","floor":16,"turns":8},{"damage":14,"enemies":"Chosen","floor":18,"turns":4},{"damage":31,"enemies":"Shell Parasite","floor":19,"turns":6},{"damage":24,"enemies":"Book of Stabbing","floor":24,"turns":3},{"damage":1,"enemies":"Snecko","floor":28,"turns":3},{"damage":3,"enemies":"Snake Plant","floor":29,"turns":1},{"damage":24,"enemies":"Centurion and Healer","floor":31,"turns":5},{"damage":28,"enemies":"Automaton","floor":33,"turns":4}],"event_choices":[{"event_name":"Living Wall","player_choice":"Change","floor":2,"damage_taken":0},{"event_name":"Golden Wing","player_choice":"Gained Gold","floor":4,"damage_taken":0},{"event_name":"Scrap Ooze","player_choice":"success","floor":14,"damage_taken":25},{"event_name":"The Library","player_choice":"Read","floor":20,"damage_taken":0},{"event_name":"Back to Basics","player_choice":"Simplicity","floor":21,"damage_taken":0},{"event_name":"Accursed Blacksmith","player_choice":"Rummage","floor":22,"damage_taken":0},{"event_name":"Cursed Tome","player_choice":"Obtained Book","floor":25,"damage_taken":0}],"boss_relics":[{"not_picked":["Eternal Feather","Orrery"],"picked":"Tiny House"}],"potions_floor_spawned":[3,7,8,24,29],"seed_played":"9004823638916989567","killed_by":"Automaton","ascension_level":0,"is_trial":false}