{"gold_per_floor":[13,13,30,44,60,86,86,111,111,111,111,36,68,84,84,162,162,177,177,177,146,158,158,186,205,228,240,252,274,21,33,33,105,155,173,34,34,0,0,0,20,20,20,20,20,20,20,31,31,31],"floor_reached":51,"playtime":2812,"items_purged":["Decay","Parasite"],"score":1211,"play_id":"1a8c2495-784c-4d47-b0e7-044b548f8a8c","local_time":"20190303165828","is_ascension_mode":true,"campfire_choices":[{"data":"True Grit","floor":7.0,"key":"SMITH"},{"floor":11.0,"key":"REST"},{"floor":15.0,"key":"REST"},{"floor":23,"key":"REST"},{"data":"Entrench","floor":27,"key":"SMITH"},{"floor":32,"key":"REST"},{"floor":40,"key":"REST"},{"data":"Body Slam","floor":42,"key":"SMITH"},{"data":"Feel No Pain","floor":44,"key":"SMITH"},{"data":"Metallicize","floor":46,"key":"SMITH"},{"floor":49,"key":"REST"}],"neow_cost":"NO_GOLD","seed_source_timestamp":137200662338945,"circlet_count":0,"master_deck":["AscendersBane","Strike_R+1","Strike_R","Strike_R","Strike_R","Defend_R","Defend_R","Defend_R","Defend_R","Bash","Barricade+1","Entrench+1","Pommel Strike","Shrug It Off","Inflame","True Grit+1","Warcry","Juggernaut","Metallicize+1","Flame Barrier","Ghostly Armor","Dark Embrace","Shrug It Off","Body Slam+1","Rampage","Seeing Red+1","Feel No Pain+1","Spot Weakness","Headbutt","Juggernaut","Entrench+1","Corruption+1","Madness","Madness","Entrench"],"special_seed":0,"relics":["Burning Blood","Incense Burner","Regal Pillow","Juzu Bracelet","The Courier","Cursed Key","Art of War","MawBank","Dead Branch","Oddly Smooth Stone","Tiny House","Red Mask"],"potions_floor_usage":[19,29,31,33,35,50],"damage_taken":[{"damage":8.0,"enemies":"Jaw Worm","floor":1.0,"turns":5.0},{"damage":6.0,"enemies":"Cultist","floor":3.0,"turns":4.0},{"damage":9.0,"enemies":"2 Louse","floor":4.0,"turns":3.0},{"damage":14.0,"enemies":"Blue Slaver","floor":5.0,"turns":5.0},{"damage":0.0,"enemies":"Lagavulin","floor":6.0,"turns":10.0},{"damage":60.0,"enemies":"Gremlin Nob","floor":8.0,"turns":6.0},{"damage":27.0,"enemies":"Lagavulin","floor":13.0,"turns":8.0},{"damage":9.0,"enemies":"Exordium Wildlife","floor":14.0,"turns":6.0},{"damage":7.0,"enemies":"Hexaghost","floor":16.0,"turns":15.0},{"damage":0,"enemies":"Chosen","floor":18,"turns":7},{"damage":44,"enemies":"Colosseum Slavers","floor":19,"turns":6},{"damage":32,"enemies":"2 Thieves","floor":21,"turns":5},{"damage":4,"enemies":"Chosen and Byrds","floor":22,"turns":13},{"damage":15,"enemies":"Gremlin Leader","floor":24,"turns":12},{"damage":11,"enemies":"Shelled Parasite and Fungi","floor":25,"turns":8},{"damage":12,"enemies":"Snake Plant","floor":29,"turns":6},{"damage":0,"enemies":"Chosen and Byrds","floor":31,"turns":7},{"damage":35,"enemies":"Champ","floor":33,"turns":9},{"damage":48,"enemies":"3 Darklings","floor":35,"turns":8},{"damage":9,"enemies":"3 Shapes","floor":41,"turns":5},{"damage":23,"enemies":"Spire Growth","floor":48,"turns":5},{"damage":24,"enemies":"Donu and Deca","floor":50,"turns":9}],"seed_played":"-4379118539663370624","potions_obtained":[{"floor":1.0,"key":"LiquidBronze"},{"floor":3.0,"key":"GamblersBrew"},{"floor":5.0,"key":"Explosive Potion"},{"floor":14.0,"key":"Poison Potion"},{"floor":18,"key":"PowerPotion"},{"floor":24,"key":"GamblersBrew"},{"floor":29,"key":"Swift Potion"},{"floor":31,"key":"PowerPotion"},{"floor":34,"key":"SpeedPotion"},{"floor":48,"key":"Energy Potion"}],"is_trial":false,"path_per_floor":["M","?","M","M","M","E","R","E","T","?","R","$","E","M","R","B",null,"M","?","?","M","M","R","E","M","T","R","T","M","$","M","R","B",null,"M","$","?","?","?","R","M","R","T","R","?","R","?","M","R","B",null],"character_chosen":"IRONCLAD","items_purchased":["Metallicize","Oddly Smooth Stone","Feel No Pain","Spot Weakness","Entrench"],"campfire_rested":6,"item_purchase_floors":[12,30,30,30,36],"current_hp_per_floor":[66,66,66,63,55,61,61,7,7,7,44,44,23,20,57,56,70,75,37,37,11,13,50,41,36,36,36,36,30,30,36,73,44,72,30,30,30,30,30,68,65,65,65,65,55,55,55,38,76,58],"gold":31,"neow_bonus":"THREE_RARE_CARDS","is_prod":false,"is_daily":false,"chose_seed":false,"campfire_upgraded":5,"win_rate":0,"timestamp":1551628708,"path_taken":["M","?","M","M","M","E","R","E","T","?","R","?","E","M","R","BOSS","BOSS","M","?","?","M","M","R","E","M","T","R","?","M","$","M","R","BOSS","M","$","?","?","?","R","M","R","T","R","?","R","?","M","R","BOSS"],"build_version":"2019-01-23","purchased_purges":2,"victory":true,"max_hp_per_floor":[75,75,75,75,75,75,75,75,75,75,75,75,75,75,75,75,75,75,75,75,75,75,75,75,75,75,75,75,75,75,75,75,75,80,80,77,77,77,77,77,77,77,77,77,77,77,77,77,77,77],"card_choices":[{"not_picked":["Impervious","Demon Form"],"picked":"Barricade","floor":0.0},{"not_picked":["True Grit","Ghostly Armor"],"picked":"Entrench","floor":1.0},{"not_picked":["Havoc","Thunderclap"],"picked":"Pommel Strike","floor":3.0},{"not_picked":["Thunderclap","Armaments"],"picked":"Shrug It Off","floor":4.0},{"not_picked":["Burning Pact","Clothesline"],"picked":"Inflame","floor":5.0},{"not_picked":["Anger","Pummel"],"picked":"True Grit","floor":6.0},{"not_picked":["Brutality","Headbutt"],"picked":"Warcry","floor":8.0},{"not_picked":["Cleave","Dark Embrace"],"picked":"Flame Barrier","floor":13.0},{"not_picked":["Anger","Blood for Blood"],"picked":"Ghostly Armor","floor":14.0},{"not_picked":["Bludgeon","Berserk"],"picked":"Dark Embrace","floor":16.0},{"not_picked":["Clothesline","Pommel Strike"],"picked":"Shrug It Off","floor":18},{"not_picked":["True Grit","Clash"],"picked":"Body Slam","floor":21},{"not_picked":["Clash+1","Feed","Perfected Strike"],"picked":"SKIP","floor":22},{"not_picked":["Dropkick","Twin Strike"],"picked":"Rampage","floor":24},{"not_picked":["Pummel","True Grit","Rampage"],"picked":"SKIP","floor":25},{"not_picked":["Headbutt","True Grit"],"picked":"Seeing Red+1","floor":29},{"not_picked":["Clothesline","Blood for Blood"],"picked":"Headbutt","floor":31},{"not_picked":["Barricade","Berserk"],"picked":"Juggernaut","floor":33},{"not_picked":["Rupture","Sever Soul+1","Intimidate+1"],"picked":"SKIP","floor":35},{"not_picked":["Sentinel+1","Disarm+1"],"picked":"Corruption+1","floor":41},{"not_picked":["Body Slam","Flame Barrier"],"picked":"Entrench","floor":48}],"player_experience":791770,"relics_obtained":[{"floor":6.0,"key":"Incense Burner"},{"floor":8.0,"key":"Regal Pillow"},{"floor":9.0,"key":"Juzu Bracelet"},{"floor":13.0,"key":"The Courier"},{"floor":24,"key":"Art of War"},{"floor":26,"key":"MawBank"},{"floor":28,"key":"Dead Branch"}],"event_choices":[{"damage_healed":0.0,"max_hp_gain":0.0,"max_hp_loss":0.0,"gold_gain":0.0,"event_name":"Upgrade Shrine","player_choice":"Upgraded","floor":2.0,"gold_loss":0.0,"damage_taken":0.0,"cards_upgraded":["Barricade"]},{"damage_healed":0.0,"max_hp_gain":0.0,"max_hp_loss":0.0,"gold_gain":0.0,"cards_transformed":["Strike_R"],"event_name":"Transmorgrifier","player_choice":"Transformed","floor":10.0,"gold_loss":0.0,"damage_taken":0.0,"cards_obtained":["Juggernaut"]},{"damage_healed":0,"gold_gain":0,"player_choice":"Fight","damage_taken":0,"max_hp_gain":0,"max_hp_loss":0,"event_name":"Colosseum","floor":19,"gold_loss":0},{"damage_healed":0,"gold_gain":0,"player_choice":"Fled From Nobs","damage_taken":0,"max_hp_gain":0,"max_hp_loss":0,"event_name":"Colosseum","floor":19,"gold_loss":0},{"damage_healed":0,"gold_gain":0,"player_choice":"Ignored","damage_taken":0,"max_hp_gain":0,"max_hp_loss":0,"event_name":"Ghosts","floor":20,"gold_loss":0},{"damage_healed":0,"gold_gain":0,"player_choice":"Ignored","damage_taken":0,"max_hp_gain":0,"max_hp_loss":0,"event_name":"SecretPortal","floor":37,"gold_loss":0},{"damage_healed":0,"gold_gain":0,"player_choice":"Paid","damage_taken":0,"relics_obtained":["Red Mask"],"max_hp_gain":0,"max_hp_loss":0,"event_name":"Tomb of Lord Red Mask","floor":38,"gold_loss":34},{"damage_healed":0,"gold_gain":0,"player_choice":"Forge","damage_taken":0,"max_hp_gain":0,"max_hp_loss":0,"event_name":"Accursed Blacksmith","floor":39,"gold_loss":0,"cards_upgraded":["Entrench"]},{"damage_healed":0,"gold_gain":0,"player_choice":"Embrace Madness","damage_taken":10,"max_hp_gain":0,"max_hp_loss":0,"event_name":"Winding Halls","floor":45,"gold_loss":0,"cards_obtained":["Madness","Madness"]},{"damage_healed":0,"gold_gain":0,"player_choice":"Ignored","damage_taken":0,"max_hp_gain":0,"max_hp_loss":0,"event_name":"Mysterious Sphere","floor":47,"gold_loss":0}],"is_beta":false,"boss_relics":[{"not_picked":["Orrery","Black Blood"],"picked":"Cursed Key"},{"not_picked":["Runic Cube","Coffee Dripper"],"picked":"Tiny House"}],"items_purged_floors":[30,36],"is_endless":false,"potions_floor_spawned":[1,3,5,14,18,19,24,29,31,48],"ascension_level":14}