{"gold_per_floor":[118,130,142,142,142,185,185,140,140,140,181,181],"floor_reached":12,"playtime":516,"items_purged":[],"score":112,"play_id":"40279f66-86f2-4d19-8e0a-9b5cb9e45e87","local_time":"20181215131037","is_ascension_mode":true,"campfire_choices":[{"data":"Neutralize","floor":7,"key":"SMITH"}],"neow_cost":"NONE","seed_source_timestamp":243589825299403,"circlet_count":0,"master_deck":["Defend_G","Defend_G","Defend_G","Defend_G","Defend_G","Strike_G","Strike_G","Strike_G","Strike_G","Survivor","Neutralize+1","Tools of the Trade","Bouncing Flask+1","Deadly Poison","Poisoned Stab","Unload+1","Bane+1","Crippling Poison+1"],"relics":["Ring of the Snake","Golden Idol","Molten Egg 2","Toxic Egg 2","Sundial"],"potions_floor_usage":[6],"damage_taken":[{"damage":0,"enemies":"Cultist","floor":1,"turns":5},{"damage":4,"enemies":"2 Louse","floor":2,"turns":2},{"damage":3,"enemies":"Jaw Worm","floor":3,"turns":3},{"damage":17,"enemies":"Lagavulin","floor":6,"turns":5},{"damage":13,"enemies":"Gremlin Nob","floor":11,"turns":3},{"damage":20,"enemies":"Large Slime","floor":12,"turns":3}],"seed_played":"5605615202296782580","potions_obtained":[{"floor":1,"key":"LiquidBronze"},{"floor":6,"key":"GamblersBrew"}],"is_trial":false,"path_per_floor":["M","M","M","?","?","E","R","$","T","?","E","M"],"character_chosen":"THE_SILENT","items_purchased":["Bane+1"],"campfire_rested":0,"item_purchase_floors":[8],"current_hp_per_floor":[63,59,56,56,49,32,32,32,32,32,19,0],"gold":181,"neow_bonus":"ONE_RANDOM_RARE_CARD","is_prod":false,"is_daily":false,"chose_seed":false,"campfire_upgraded":1,"win_rate":0,"timestamp":1544897437,"path_taken":["M","?","M","?","?","E","R","$","T","?","E","?"],"build_version":"2018-12-13","purchased_purges":0,"victory":false,"max_hp_per_floor":[70,70,70,65,65,65,65,65,65,65,65,65],"card_choices":[{"not_picked":["Backflip","Poisoned Stab"],"picked":"Bouncing Flask","floor":1},{"not_picked":["PiercingWail","Blade Dance"],"picked":"Deadly Poison","floor":2},{"not_picked":["Cloak And Dagger","Dodge and Roll"],"picked":"Poisoned Stab","floor":3},{"not_picked":["Cloak And Dagger","Blade Dance"],"picked":"Unload","floor":6},{"not_picked":["Bane+1","Sucker Punch+1"],"picked":"Crippling Poison+1","floor":11}],"player_experience":316949,"relics_obtained":[{"floor":6,"key":"Molten Egg 2"},{"floor":9,"key":"Toxic Egg 2"},{"floor":11,"key":"Sundial"}],"event_choices":[{"damage_healed":0,"gold_gain":0,"player_choice":"Lose Max HP","damage_taken":0,"relics_obtained":["Golden Idol"],"max_hp_gain":0,"max_hp_loss":5,"event_name":"Golden Idol","floor":4,"gold_loss":0},{"cards_removed":["Strike_G"],"damage_healed":0,"gold_gain":0,"player_choice":"Card Removal","damage_taken":7,"max_hp_gain":0,"max_hp_loss":0,"event_name":"Golden Wing","floor":5,"gold_loss":0},{"damage_healed":0,"gold_gain":0,"player_choice":"Grow","damage_taken":0,"max_hp_gain":0,"max_hp_loss":0,"event_name":"Living Wall","floor":10,"gold_loss":0,"cards_upgraded":["Bouncing Flask"]}],"is_beta":false,"boss_relics":[],"items_purged_floors":[],"is_endless":false,"potions_floor_spawned":[1,6],"killed_by":"Large Slime","ascension_level":6}