{"gold_per_floor":[109,128,148,167,177,195,208,158,238,250,268,282,300,320,320,421,421,434,449,460,477,489,489,502,520,520,532,548,353,664,706,706,809,809,823,842,858,874,892,912,926,945,945,957,304,152,164,183,183,278,278,296,40,52,66,84,84,84,102,102,115,125,139,139,89,89,188,188,204,219,229,229,243,243,261,261,286,303,318,328,328,278,278,379,379,397,417,436,451,401,401,435,435,466,466,220,245,245,256,256,359,359,376,391,49,62,76,76,86,103,134,84,118,118,118,136,136,239,239,258,273,273,273,273,273,188,221,247,197,47,62,62,62,62,158,158,170,120,120,166,10,10,20,20,50,0,28,61,78,109,109,214,214,231,231,259,259,209,243,42,42,70,70,70,70,104,120,120,218,218,231,231,79,79,178,178,178,210,239,36,61,61,61,88,88,187,187,199,199,199,249,54,54,54],"floor_reached":194,"playtime":6377,"items_purged":["Dagger Throw","Quick Slash","Shame","Echo Form+1","Demon Form+1","Writhe","Flying Knee+1","PiercingWail+1","Quick Slash+1","Venomology+1","Iron Wave","Decay"],"score":5719,"play_id":"22aea785-407e-47c0-bfdc-1ca981078fa5","local_time":"20181231143720","daily_mods":["SealedDeck","Vintage","Time Dilation","Flight"],"is_ascension_mode":false,"campfire_choices":[{"data":"Cloak And Dagger","floor":15,"key":"SMITH"},{"data":"PiercingWail","floor":23,"key":"SMITH"},{"data":"Demon Form","floor":32,"key":"SMITH"},{"floor":49,"key":"REST"},{"data":"Cloak And Dagger","floor":57,"key":"SMITH"},{"data":"Cloak And Dagger","floor":64,"key":"SMITH"},{"data":"Echo Form","floor":66,"key":"SMITH"},{"data":"A Thousand Cuts","floor":74,"key":"SMITH"},{"data":"1","floor":76,"key":"LIFT"},{"data":"2","floor":81,"key":"LIFT"},{"data":"3","floor":83,"key":"LIFT"},{"data":"A Thousand Cuts","floor":91,"key":"SMITH"},{"floor":100,"key":"REST"},{"floor":108,"key":"DIG"},{"floor":114,"key":"DIG"},{"floor":115,"key":"DIG"},{"floor":117,"key":"DIG"},{"floor":125,"key":"DIG"},{"data":"After Image","floor":132,"key":"SMITH"},{"floor":134,"key":"DIG"},{"data":"A Thousand Cuts","floor":142,"key":"SMITH"},{"data":"A Thousand Cuts","floor":144,"key":"SMITH"},{"data":"Wraith Form v2","floor":151,"key":"SMITH"},{"data":"Footwork","floor":161,"key":"SMITH"},{"floor":164,"key":"DIG"},{"floor":168,"key":"DIG"},{"floor":176,"key":"DIG"},{"floor":183,"key":"DIG"},{"floor":185,"key":"DIG"},{"data":"A Thousand Cuts","floor":193,"key":"SMITH"}],"neow_cost":"","seed_source_timestamp":0,"circlet_count":28,"master_deck":["Cloak And Dagger+1","A Thousand Cuts+1","Cloak And Dagger+1","Cloak And Dagger+1","A Thousand Cuts+1","A Thousand Cuts+1","Blur+1","Cloak And Dagger+1","A Thousand Cuts+1","After Image+1","A Thousand Cuts+1","Footwork+1","Night Terror+1","Dodge and Roll+1","Deflect+1","Ghostly+1","Ghostly+1","Ghostly+1","Ghostly+1","A Thousand Cuts+1","Footwork+1"],"relics":["Unceasing Top","Paper Crane","Smiling Mask","Art of War","Oddly Smooth Stone","Meat on the Bone","Ancient Tea Set","Mercury Hourglass","Tingsha","War Paint","Bronze Scales","Pen Nib","Blue Candle","Astrolabe","The Specimen","Omamori","Juzu Bracelet","Bag of Preparation","Strawberry","Ice Cream","Darkstone Periapt","Turnip","MawBank","Bag of Marbles","Old Coin","Tiny Chest","Orrery","Prayer Wheel","Potion Belt","Boot","Anchor","Ninja Scroll","Pocketwatch","Nunchaku","Matryoshka","Shuriken","Vajra","Kunai","Letter Opener","OrangePellets","Whetstone","Snake Skull","Ornamental Fan","Centennial Puzzle","Calling Bell","Blood Vial","Question Card","Gambling Chip","Pear","Dodecahedron","Lantern","Regal Pillow","PreservedInsect","Dream Catcher","Sundial","Gremlin Horn","Bird Faced Urn","Mummified Hand","Eternal Feather","Calipers","Mango","Girya","Tough Bandages","Torii","Incense Burner","Thread and Needle","Runic Dome","Circlet","DollysMirror","CultistMask","WristBlade","Singing Bowl","Shovel","Happy Flower","Toxic Egg 2","Ginger","Cursed Key","Philosopher\u0027s Stone","Red Mask","Empty Cage","Du-Vu Doll","Odd Mushroom","HandDrill","Coffee Dripper","MutagenicStrength","TwistedFunnel","Sozu","Toy Ornithopter"],"potions_floor_usage":[18,19,19,20,21,21,24,25,27,27,30,33,33,35,36,38,39,41,41,42,42,47,50,67,67,70,73,79,84,109,110],"damage_taken":[{"damage":0,"enemies":"Cultist","floor":1,"turns":2},{"damage":0,"enemies":"2 Louse","floor":2,"turns":2},{"damage":0,"enemies":"Small Slimes","floor":3,"turns":3},{"damage":6,"enemies":"Exordium Thugs","floor":4,"turns":3},{"damage":4,"enemies":"Looter","floor":5,"turns":2},{"damage":8,"enemies":"Lots of Slimes","floor":6,"turns":5},{"damage":7,"enemies":"3 Louse","floor":7,"turns":2},{"damage":12,"enemies":"Blue Slaver","floor":10,"turns":3},{"damage":6,"enemies":"Red Slaver","floor":11,"turns":2},{"damage":11,"enemies":"Exordium Wildlife","floor":12,"turns":2},{"damage":0,"enemies":"Large Slime","floor":13,"turns":2},{"damage":0,"enemies":"Lots of Slimes","floor":14,"turns":2},{"damage":6,"enemies":"Hexaghost","floor":16,"turns":4},{"damage":10,"enemies":"2 Thieves","floor":18,"turns":2},{"damage":0,"enemies":"Chosen","floor":19,"turns":2},{"damage":3,"enemies":"Snake Plant","floor":20,"turns":3},{"damage":2,"enemies":"Shelled Parasite and Fungi","floor":21,"turns":2},{"damage":13,"enemies":"Centurion and Healer","floor":22,"turns":3},{"damage":3,"enemies":"3 Cultists","floor":24,"turns":3},{"damage":0,"enemies":"Cultist and Chosen","floor":25,"turns":3},{"damage":0,"enemies":"Sentry and Sphere","floor":27,"turns":3},{"damage":21,"enemies":"Snake Plant","floor":28,"turns":3},{"damage":0,"enemies":"3 Cultists","floor":30,"turns":3},{"damage":0,"enemies":"Shelled Parasite and Fungi","floor":31,"turns":2},{"damage":47,"enemies":"Champ","floor":33,"turns":5},{"damage":3,"enemies":"Orb Walker","floor":35,"turns":2},{"damage":10,"enemies":"3 Shapes","floor":36,"turns":4},{"damage":30,"enemies":"Jaw Worm Horde","floor":37,"turns":2},{"damage":1,"enemies":"3 Darklings","floor":38,"turns":3},{"damage":0,"enemies":"4 Shapes","floor":39,"turns":3},{"damage":3,"enemies":"Sphere and 2 Shapes","floor":40,"turns":2},{"damage":0,"enemies":"Jaw Worm Horde","floor":41,"turns":2},{"damage":0,"enemies":"Transient","floor":42,"turns":5},{"damage":0,"enemies":"4 Shapes","floor":44,"turns":1},{"damage":0,"enemies":"Sphere and 2 Shapes","floor":47,"turns":1},{"damage":0,"enemies":"Jaw Worm Horde","floor":48,"turns":1},{"damage":8,"enemies":"Donu and Deca","floor":50,"turns":4},{"damage":0,"enemies":"Cultist","floor":52,"turns":1},{"damage":0,"enemies":"Small Slimes","floor":54,"turns":1},{"damage":0,"enemies":"2 Louse","floor":55,"turns":1},{"damage":0,"enemies":"Blue Slaver","floor":56,"turns":1},{"damage":0,"enemies":"Gremlin Gang","floor":59,"turns":1},{"damage":0,"enemies":"Red Slaver","floor":61,"turns":1},{"damage":0,"enemies":"Looter","floor":62,"turns":1},{"damage":0,"enemies":"2 Fungi Beasts","floor":63,"turns":1},{"damage":0,"enemies":"Slime Boss","floor":67,"turns":1},{"damage":0,"enemies":"Chosen","floor":69,"turns":1},{"damage":0,"enemies":"2 Thieves","floor":70,"turns":1},{"damage":0,"enemies":"Shelled Parasite and Fungi","floor":71,"turns":1},{"damage":0,"enemies":"Snake Plant","floor":73,"turns":1},{"damage":0,"enemies":"3 Cultists","floor":75,"turns":1},{"damage":0,"enemies":"Book of Stabbing","floor":77,"turns":1},{"damage":0,"enemies":"Cultist and Chosen","floor":78,"turns":1},{"damage":0,"enemies":"Centurion and Healer","floor":79,"turns":1},{"damage":0,"enemies":"Snecko","floor":80,"turns":1},{"damage":0,"enemies":"Champ","floor":84,"turns":2},{"damage":0,"enemies":"3 Darklings","floor":86,"turns":1},{"damage":0,"enemies":"Orb Walker","floor":87,"turns":1},{"damage":0,"enemies":"Sphere and 2 Shapes","floor":88,"turns":1},{"damage":0,"enemies":"4 Shapes","floor":89,"turns":1},{"damage":0,"enemies":"Nemesis","floor":92,"turns":1},{"damage":0,"enemies":"Giant Head","floor":94,"turns":1},{"damage":0,"enemies":"Reptomancer","floor":97,"turns":1},{"damage":0,"enemies":"Maw","floor":99,"turns":1},{"damage":0,"enemies":"Awakened One","floor":101,"turns":2},{"damage":0,"enemies":"Cultist","floor":103,"turns":1},{"damage":0,"enemies":"Jaw Worm","floor":104,"turns":1},{"damage":0,"enemies":"Small Slimes","floor":106,"turns":1},{"damage":0,"enemies":"Exordium Wildlife","floor":107,"turns":1},{"damage":0,"enemies":"Looter","floor":109,"turns":1},{"damage":0,"enemies":"2 Fungi Beasts","floor":110,"turns":1},{"damage":0,"enemies":"Gremlin Nob","floor":111,"turns":1},{"damage":0,"enemies":"Lagavulin","floor":113,"turns":1},{"damage":0,"enemies":"Gremlin Gang","floor":116,"turns":1},{"damage":0,"enemies":"The Guardian","floor":118,"turns":2},{"damage":0,"enemies":"3 Byrds","floor":120,"turns":1},{"damage":0,"enemies":"2 Thieves","floor":121,"turns":1},{"damage":0,"enemies":"Slavers","floor":127,"turns":1},{"damage":0,"enemies":"Book of Stabbing","floor":128,"turns":1},{"damage":0,"enemies":"3 Cultists","floor":131,"turns":1},{"damage":0,"enemies":"Champ","floor":135,"turns":3},{"damage":0,"enemies":"Orb Walker","floor":137,"turns":1},{"damage":0,"enemies":"2 Orb Walkers","floor":140,"turns":2},{"damage":0,"enemies":"3 Darklings","floor":143,"turns":1},{"damage":0,"enemies":"Reptomancer","floor":145,"turns":1},{"damage":0,"enemies":"Giant Head","floor":147,"turns":3},{"damage":0,"enemies":"Nemesis","floor":148,"turns":1},{"damage":0,"enemies":"4 Shapes","floor":149,"turns":1},{"damage":0,"enemies":"Giant Head","floor":150,"turns":3},{"damage":0,"enemies":"Awakened One","floor":152,"turns":4},{"damage":0,"enemies":"Cultist","floor":154,"turns":1},{"damage":0,"enemies":"The Mushroom Lair","floor":156,"turns":1},{"damage":0,"enemies":"Gremlin Nob","floor":159,"turns":1},{"damage":0,"enemies":"3 Sentries","floor":162,"turns":1},{"damage":0,"enemies":"Lagavulin","floor":166,"turns":1},{"damage":0,"enemies":"Small Slimes","floor":167,"turns":1},{"damage":0,"enemies":"Hexaghost","floor":169,"turns":2},{"damage":0,"enemies":"Spheric Guardian","floor":171,"turns":1},{"damage":0,"enemies":"Masked Bandits","floor":178,"turns":1},{"damage":0,"enemies":"Book of Stabbing","floor":179,"turns":3},{"damage":0,"enemies":"Gremlin Leader","floor":181,"turns":1},{"damage":0,"enemies":"Book of Stabbing","floor":184,"turns":3},{"damage":0,"enemies":"Automaton","floor":186,"turns":4},{"damage":0,"enemies":"Orb Walker","floor":188,"turns":1},{"damage":0,"enemies":"2 Orb Walkers","floor":191,"turns":3},{"damage":85,"enemies":"Giant Head","floor":194,"turns":3}],"seed_played":"3017589378943441548","potions_obtained":[{"floor":3,"key":"Dexterity Potion"},{"floor":4,"key":"SneckoOil"},{"floor":6,"key":"Strength Potion"},{"floor":19,"key":"AttackPotion"},{"floor":31,"key":"GhostInAJar"},{"floor":33,"key":"SpeedPotion"},{"floor":36,"key":"Weak Potion"},{"floor":39,"key":"AttackPotion"},{"floor":42,"key":"SkillPotion"},{"floor":54,"key":"LiquidBronze"},{"floor":73,"key":"Fruit Juice"},{"floor":109,"key":"Fruit Juice"},{"floor":110,"key":"Fruit Juice"},{"floor":113,"key":"SteroidPotion"},{"floor":162,"key":"SmokeBomb"}],"is_trial":true,"path_per_floor":["M","M","M","M","M","M","M","$","T","M","M","M","M","M","R","B",null,"M","M","M","M","M","R","M","M","T","M","M","$","M","M","R","B",null,"M","M","M","M","M","M","M","M","T","M","$","$","M","M","R","B",null,"M","$","M","M","M","R","$","M","T","M","M","M","R","$","R","B",null,"M","M","M","$","M","R","M","R","E","M","M","M","R","$","R","B",null,"M","M","M","M","$","R","E","?","E","?","$","E","?","M","R","B",null,"M","M","$","M","M","R","M","M","E","$","E","R","R","M","R","B",null,"M","M","?","?","?","R","?","E","E","$","$","M","R","$","R","B",null,"M","$","?","?","$","R","M","R","E","?","E","E","M","E","R","B",null,"M","?","?","?","$","E","$","R","E","$","R","?","E","M","R","B",null,"M","?","$","?","?","R","?","?","E","$","E","?","R","E","R","B",null,"M","?","?","?","$","R","E"],"character_chosen":"THE_SILENT","items_purchased":["Bag of Marbles","Cloak And Dagger","Letter Opener","OrangePellets","Whetstone","Snake Skull","Dodecahedron","DollysMirror","Shovel","After Image","A Thousand Cuts","HandDrill","Dodge and Roll+1","Deflect+1","TwistedFunnel","Toy Ornithopter"],"campfire_rested":2,"item_purchase_floors":[29,45,45,45,45,46,53,96,105,130,141,160,173,173,180,192],"current_hp_per_floor":[70,70,70,64,60,52,45,45,45,45,39,40,40,40,40,46,70,60,60,57,55,49,49,46,46,46,46,37,37,49,49,49,14,77,74,69,39,50,50,47,47,47,47,47,47,47,47,47,70,62,83,93,93,93,93,93,93,93,93,93,93,93,93,93,93,93,93,93,93,107,107,107,112,112,112,112,112,112,112,112,112,112,112,112,112,112,112,112,112,112,112,112,112,112,118,118,118,118,118,118,118,118,118,118,118,118,118,118,123,128,130,130,130,130,130,130,130,132,132,132,132,132,132,132,132,132,134,134,134,134,134,134,134,134,136,136,136,136,136,138,138,138,138,138,140,140,142,142,142,142,142,144,144,144,144,144,144,144,144,144,144,144,144,144,144,144,144,144,144,144,144,144,144,144,144,144,72,72,72,72,72,72,72,72,72,72,72,72,72,72,72,72,72,0],"gold":54,"neow_bonus":"","is_prod":false,"is_daily":false,"chose_seed":false,"campfire_upgraded":14,"win_rate":0,"timestamp":1546263440,"path_taken":["M","M","M","M","M","M","M","$","T","M","M","M","M","M","R","BOSS","M","M","M","M","M","R","M","M","T","M","M","$","M","M","R","BOSS","M","M","M","M","M","M","M","M","T","M","$","$","M","M","R","BOSS","M","$","M","M","M","R","$","M","T","M","M","M","R","$","R","BOSS","M","M","M","$","M","R","M","R","E","M","M","M","R","$","R","BOSS","M","M","M","M","$","R","E","?","E","?","$","E","?","M","R","BOSS","M","M","$","M","M","R","M","M","E","$","E","R","R","M","R","BOSS","M","M","?","?","?","R","?","E","E","$","$","M","R","$","R","BOSS","M","$","?","?","$","R","M","R","E","?","E","E","M","E","R","BOSS","M","?","?","?","$","E","$","R","E","$","R","?","E","M","R","BOSS","M","?","$","?","?","R","?","?","E","$","E","?","R","E","R","BOSS","M","?","?","?","$","R","E"],"build_version":"2018-12-20","purchased_purges":12,"victory":false,"max_hp_per_floor":[70,70,70,70,70,70,70,70,70,70,70,70,70,70,70,70,70,70,70,70,70,77,77,77,77,77,77,77,77,77,77,77,77,77,77,77,77,77,77,77,77,77,77,77,77,77,77,77,77,77,83,93,93,93,93,93,93,93,93,93,93,93,93,93,93,93,93,93,93,107,107,107,112,112,112,112,112,112,112,112,112,112,112,112,112,112,112,112,112,112,112,112,112,112,118,118,118,118,118,118,118,118,118,118,118,118,118,118,123,128,130,130,130,130,130,130,130,132,132,132,132,132,132,132,132,132,134,134,134,134,134,134,134,134,136,136,136,136,136,138,138,138,138,138,140,140,142,142,142,142,142,144,144,144,144,144,144,144,144,144,144,144,144,144,144,144,144,144,144,144,144,144,144,144,144,144,72,72,72,72,72,72,72,72,72,72,72,72,72,72,72,72,72,72],"card_choices":[{"not_picked":["Reflex","Tactician"],"picked":"Cloak And Dagger","floor":34},{"not_picked":["Adrenaline","Tools of the Trade","Unload"],"picked":"A Thousand Cuts","floor":67},{"not_picked":["Calculated Gamble","Masterful Stab+1","Footwork+1","Slice+1"],"picked":"SKIP","floor":77},{"not_picked":["Wraith Form v2","Tools of the Trade","Burst"],"picked":"A Thousand Cuts","floor":84},{"not_picked":["Acrobatics","PiercingWail","Underhanded Strike","Sucker Punch+1"],"picked":"SKIP","floor":92},{"not_picked":["Dagger Throw","Predator","Backflip","Acrobatics+1"],"picked":"SKIP","floor":94},{"not_picked":["Distraction","Doppelganger","Dash","Sucker Punch+1"],"picked":"SKIP","floor":97},{"not_picked":["Venomology+1","Sucker Punch","Quick Slash","Blade Dance+1"],"picked":"Singing Bowl","floor":111},{"not_picked":["Flechettes","Dodge and Roll+1","Corpse Explosion+1"],"picked":"Blur+1","floor":113},{"not_picked":["Doppelganger+1","Adrenaline+1","Tools of the Trade","Night Terror+1"],"picked":"Singing Bowl","floor":118},{"not_picked":["Poisoned Stab","Well Laid Plans","Escape Plan+1","Prepared+1"],"picked":"Singing Bowl","floor":127},{"not_picked":["Dagger Throw","Quick Slash","Acrobatics+1"],"picked":"A Thousand Cuts","floor":128},{"not_picked":["Adrenaline+1","Tools of the Trade","Burst+1","Die Die Die"],"picked":"Singing Bowl","floor":135},{"not_picked":["Distraction+1","Poisoned Stab+1","PiercingWail+1","Well Laid Plans"],"picked":"Singing Bowl","floor":140},{"not_picked":["Quick Slash","Accuracy+1","Acrobatics+1","Leg Sweep+1"],"picked":"Singing Bowl","floor":145},{"not_picked":["Well Laid Plans+1","Dagger Spray+1","Underhanded Strike+1","Poisoned Stab"],"picked":"Singing Bowl","floor":147},{"not_picked":["All Out Attack+1","Backflip+1","Finisher"],"picked":"Wraith Form v2","floor":148},{"not_picked":["Slice","Underhanded Strike","Expertise+1","Cloak And Dagger+1"],"picked":"SKIP","floor":150},{"not_picked":["Night Terror+1","Unload","Glass Knife","Corpse Explosion+1"],"picked":"Singing Bowl","floor":152},{"not_picked":["Blur+1","Acrobatics+1","All Out Attack","Bane"],"picked":"Singing Bowl","floor":156},{"not_picked":["Dagger Throw","Flying Knee","Deadly Poison+1"],"picked":"Footwork","floor":159},{"not_picked":["Choke","Die Die Die","Well Laid Plans","Dash"],"picked":"Singing Bowl","floor":162},{"not_picked":["Deadly Poison+1","Dagger Throw","Flechettes","Quick Slash"],"picked":"Singing Bowl","floor":166},{"not_picked":["Die Die Die","Corpse Explosion+1","Tools of the Trade"],"picked":"Night Terror+1","floor":169},{"not_picked":["Backflip+1","Prepared+1","Acrobatics+1","Riddle With Holes"],"picked":"Singing Bowl","floor":178},{"not_picked":["Leg Sweep+1","Endless Agony","Acrobatics+1","Eviscerate"],"picked":"Singing Bowl","floor":179},{"not_picked":["Deadly Poison+1","Bane","Slice","Cloak And Dagger+1"],"picked":"Singing Bowl","floor":181},{"not_picked":["Flying Knee","Deflect+1","Backflip+1","Backstab"],"picked":"Singing Bowl","floor":184},{"not_picked":["Venomology+1","Adrenaline+1","Tools of the Trade"],"picked":"A Thousand Cuts","floor":186},{"not_picked":["Blade Dance+1","Terror+1","Underhanded Strike+1"],"picked":"Footwork+1","floor":191}],"player_experience":533261,"relics_obtained":[{"floor":1,"key":"Paper Crane"},{"floor":2,"key":"Smiling Mask"},{"floor":4,"key":"Art of War"},{"floor":5,"key":"Oddly Smooth Stone"},{"floor":6,"key":"Meat on the Bone"},{"floor":7,"key":"Ancient Tea Set"},{"floor":9,"key":"Mercury Hourglass"},{"floor":10,"key":"Tingsha"},{"floor":11,"key":"War Paint"},{"floor":12,"key":"Bronze Scales"},{"floor":13,"key":"Pen Nib"},{"floor":14,"key":"Blue Candle"},{"floor":18,"key":"The Specimen"},{"floor":19,"key":"Omamori"},{"floor":20,"key":"Juzu Bracelet"},{"floor":21,"key":"Bag of Preparation"},{"floor":22,"key":"Strawberry"},{"floor":24,"key":"Ice Cream"},{"floor":25,"key":"Darkstone Periapt"},{"floor":27,"key":"Turnip"},{"floor":28,"key":"MawBank"},{"floor":30,"key":"Old Coin"},{"floor":31,"key":"Tiny Chest"},{"floor":35,"key":"Prayer Wheel"},{"floor":36,"key":"Potion Belt"},{"floor":37,"key":"Boot"},{"floor":38,"key":"Anchor"},{"floor":39,"key":"Ninja Scroll"},{"floor":40,"key":"Pocketwatch"},{"floor":41,"key":"Nunchaku"},{"floor":42,"key":"Matryoshka"},{"floor":43,"key":"Shuriken"},{"floor":43,"key":"Vajra"},{"floor":44,"key":"Kunai"},{"floor":47,"key":"Ornamental Fan"},{"floor":48,"key":"Centennial Puzzle"},{"floor":51,"key":"Blood Vial"},{"floor":51,"key":"Question Card"},{"floor":51,"key":"Gambling Chip"},{"floor":52,"key":"Pear"},{"floor":54,"key":"Lantern"},{"floor":56,"key":"Regal Pillow"},{"floor":59,"key":"PreservedInsect"},{"floor":60,"key":"Dream Catcher"},{"floor":60,"key":"Sundial"},{"floor":61,"key":"Gremlin Horn"},{"floor":62,"key":"Bird Faced Urn"},{"floor":63,"key":"Mummified Hand"},{"floor":69,"key":"Calipers"},{"floor":70,"key":"Mango"},{"floor":71,"key":"Girya"},{"floor":73,"key":"Tough Bandages"},{"floor":75,"key":"Torii"},{"floor":79,"key":"Incense Burner"},{"floor":80,"key":"Thread and Needle"},{"floor":86,"key":"Circlet"},{"floor":87,"key":"Circlet"},{"floor":88,"key":"Circlet"},{"floor":89,"key":"Circlet"},{"floor":99,"key":"Circlet"},{"floor":103,"key":"Singing Bowl"},{"floor":107,"key":"Happy Flower"},{"floor":110,"key":"Toxic Egg 2"},{"floor":114,"key":"Ginger"},{"floor":115,"key":"Circlet"},{"floor":116,"key":"Circlet"},{"floor":117,"key":"Circlet"},{"floor":120,"key":"Circlet"},{"floor":121,"key":"Circlet"},{"floor":125,"key":"Circlet"},{"floor":131,"key":"Circlet"},{"floor":134,"key":"Circlet"},{"floor":137,"key":"Circlet"},{"floor":140,"key":"Circlet"},{"floor":143,"key":"Circlet"},{"floor":149,"key":"Circlet"},{"floor":154,"key":"Du-Vu Doll"},{"floor":156,"key":"Odd Mushroom"},{"floor":164,"key":"Circlet"},{"floor":167,"key":"Circlet"},{"floor":168,"key":"Circlet"},{"floor":171,"key":"Circlet"},{"floor":176,"key":"Circlet"},{"floor":178,"key":"Circlet"},{"floor":183,"key":"Circlet"},{"floor":185,"key":"Circlet"},{"floor":188,"key":"Circlet"},{"floor":191,"key":"Circlet"}],"event_choices":[{"damage_healed":0,"gold_gain":0,"player_choice":"Ignored","damage_taken":0,"max_hp_gain":0,"max_hp_loss":0,"event_name":"Tomb of Lord Red Mask","floor":93,"gold_loss":0},{"damage_healed":28,"gold_gain":0,"player_choice":"Writhe","damage_taken":0,"max_hp_gain":0,"max_hp_loss":0,"event_name":"Winding Halls","floor":95,"gold_loss":0,"cards_obtained":["Writhe"]},{"damage_healed":0,"gold_gain":0,"player_choice":"Trade","damage_taken":0,"relics_obtained":["CultistMask"],"max_hp_gain":0,"max_hp_loss":0,"event_name":"FaceTrader","floor":98,"gold_loss":0},{"damage_healed":0,"gold_gain":0,"player_choice":"Ignored","damage_taken":0,"max_hp_gain":0,"max_hp_loss":0,"event_name":"Beggar","floor":122,"gold_loss":0},{"damage_healed":0,"gold_gain":0,"player_choice":"Bought 0 Potions","damage_taken":0,"max_hp_gain":0,"max_hp_loss":0,"event_name":"The Woman in Blue","floor":123,"gold_loss":0},{"damage_healed":0,"gold_gain":0,"player_choice":"Read","damage_taken":0,"max_hp_gain":0,"max_hp_loss":0,"event_name":"The Library","floor":124,"gold_loss":0,"cards_obtained":["Cloak And Dagger"]},{"damage_healed":0,"gold_gain":0,"player_choice":"Obtained Relic","damage_taken":0,"relics_obtained":["Circlet"],"max_hp_gain":0,"max_hp_loss":0,"event_name":"Addict","floor":126,"gold_loss":85},{"cards_removed":["Slice"],"damage_healed":0,"gold_gain":0,"player_choice":"Removed Attack","damage_taken":0,"max_hp_gain":0,"max_hp_loss":0,"event_name":"Falling","floor":139,"gold_loss":0},{"damage_healed":0,"gold_gain":0,"player_choice":"Fight","damage_taken":0,"max_hp_gain":0,"max_hp_loss":0,"event_name":"Mysterious Sphere","floor":140,"gold_loss":0},{"damage_healed":0,"gold_gain":0,"player_choice":"Paid","damage_taken":0,"relics_obtained":["Red Mask"],"max_hp_gain":0,"max_hp_loss":0,"event_name":"Tomb of Lord Red Mask","floor":146,"gold_loss":50},{"cards_removed":["A Thousand Cuts"],"damage_healed":0,"gold_gain":0,"player_choice":"Took Card","damage_taken":0,"max_hp_gain":0,"max_hp_loss":0,"event_name":"NoteForYourself","floor":155,"gold_loss":0,"cards_obtained":["Iron Wave"]},{"damage_healed":0,"gold_gain":0,"player_choice":"Fought Mushrooms","damage_taken":0,"max_hp_gain":0,"max_hp_loss":0,"event_name":"Mushrooms","floor":156,"gold_loss":0},{"damage_healed":0,"gold_gain":0,"player_choice":"Ignored","damage_taken":0,"max_hp_gain":0,"max_hp_loss":0,"event_name":"Golden Wing","floor":157,"gold_loss":0},{"damage_healed":0,"gold_gain":0,"player_choice":"Ignored","damage_taken":0,"max_hp_gain":0,"max_hp_loss":0,"event_name":"Accursed Blacksmith","floor":165,"gold_loss":0},{"damage_healed":0,"gold_gain":0,"player_choice":"Smashed Altar","damage_taken":0,"max_hp_gain":0,"max_hp_loss":0,"event_name":"Forgotten Altar","floor":172,"gold_loss":0,"cards_obtained":["Decay"]},{"damage_healed":0,"gold_gain":0,"player_choice":"Inject Mutagens","damage_taken":0,"relics_obtained":["MutagenicStrength"],"max_hp_gain":0,"max_hp_loss":0,"event_name":"Drug Dealer","floor":174,"gold_loss":0},{"damage_healed":0,"gold_gain":99,"player_choice":"Stole From Cult","damage_taken":0,"max_hp_gain":0,"max_hp_loss":0,"event_name":"Nest","floor":175,"gold_loss":0},{"damage_healed":0,"gold_gain":0,"player_choice":"Became a Ghost","damage_taken":0,"max_hp_gain":0,"max_hp_loss":72,"event_name":"Ghosts","floor":177,"gold_loss":0,"cards_obtained":["Ghostly","Ghostly","Ghostly","Ghostly","Ghostly"]},{"damage_healed":0,"gold_gain":0,"player_choice":"Fought Bandits","damage_taken":0,"max_hp_gain":0,"max_hp_loss":0,"event_name":"Masked Bandits","floor":178,"gold_loss":0},{"cards_removed":["Wraith Form v2"],"damage_healed":0,"gold_gain":0,"player_choice":"Elegance","damage_taken":0,"max_hp_gain":0,"max_hp_loss":0,"event_name":"Back to Basics","floor":182,"gold_loss":0},{"cards_removed":["Ghostly"],"damage_healed":0,"gold_gain":0,"player_choice":"Removed Skill","damage_taken":0,"max_hp_gain":0,"max_hp_loss":0,"event_name":"Falling","floor":189,"gold_loss":0},{"damage_healed":0,"gold_gain":0,"player_choice":"Ignored","damage_taken":0,"max_hp_gain":0,"max_hp_loss":0,"event_name":"Tomb of Lord Red Mask","floor":190,"gold_loss":0},{"damage_healed":0,"gold_gain":0,"player_choice":"Fight","damage_taken":0,"max_hp_gain":0,"max_hp_loss":0,"event_name":"Mysterious Sphere","floor":191,"gold_loss":0}],"is_beta":false,"boss_relics":[{"not_picked":["Fusion Hammer","Runic Dome"],"picked":"Astrolabe"},{"not_picked":["Sozu","Black Star"],"picked":"Orrery"},{"not_picked":["Lizard Tail","White Beast Statue"],"picked":"Calling Bell"},{"not_picked":["Snecko Eye","Runic Pyramid"],"picked":"Eternal Feather"},{"not_picked":["Velvet Choker","Black Star"],"picked":"Runic Dome"},{"not_picked":["Coffee Dripper","Lizard Tail"],"picked":"WristBlade"},{"not_picked":["Snecko Eye","Tiny House"],"picked":"Cursed Key"},{"not_picked":["HoveringKite","Fusion Hammer"],"picked":"Philosopher\u0027s Stone"},{"not_picked":["Lizard Tail","Runic Pyramid"],"picked":"Empty Cage"},{"not_picked":["HoveringKite","Velvet Choker"],"picked":"Coffee Dripper"},{"not_picked":["White Beast Statue","Runic Pyramid"],"picked":"Sozu"}],"items_purged_floors":[8,29,65,82,90,96,105,112,129,138,158,173],"is_endless":true,"potions_floor_spawned":[3,4,6,10,14,16,19,20,24,25,31,33,36,39,41,42,44,54,56,59,69,73,75,88,97,101,104,109,110,111,113,131,137,143,145,148,149,154,156,162,166,169,178,184],"killed_by":"Giant Head","ascension_level":0}