{"path_per_floor":["M","?","M","M","M","R","M","R","T","?","M","E","?","$","R","B",null,"M","$","M"],"character_chosen":"IRONCLAD","items_purchased":["Entrench"],"gold_per_floor":[116,66,77,87,100,100,112,112,112,112,124,156,156,81,81,182,182,165,98,108],"floor_reached":21,"campfire_rested":0,"playtime":1283,"current_hp_per_floor":[80,80,79,80,75,75,65,65,65,58,55,49,49,49,49,38,80,55,55,22],"items_purged":["Strike_R"],"gold":108,"score":217,"play_id":"ad2c5bc7-e19a-4bbf-a538-f659fee40732","local_time":"20180316010331","is_prod":false,"is_daily":false,"is_ascension_mode":true,"campfire_upgraded":3,"timestamp":1521176611,"path_taken":["BOSS","M","?","?","M","?","R","M","R","T","?","M","E","?","$","R","BOSS","M","$","M","M"],"build_version":"2018-03-15","purchased_purges":2,"victory":false,"master_deck":["Strike_R","Strike_R","Defend_R","Defend_R","Defend_R","Defend_R","Bash","Infernal Blade","Body Slam+1","Iron Wave","Barricade+1","True Grit+1","Feed","Entrench"],"max_hp_per_floor":[80,80,80,80,80,80,80,80,80,80,80,80,80,80,80,80,80,80,80,83],"relics":["Burning Blood","Magic Flower","Bottled Lightning","Eternal Feather"],"card_choices":[{"not_picked":["Clothesline","Pommel Strike"],"picked":"Body Slam"},{"not_picked":["Warcry","Twin Strike"],"picked":"Iron Wave"},{"not_picked":["Twin Strike","Anger"],"picked":"Perfected Strike"},{"not_picked":["Bloodletting","Sword Boomerang"],"picked":"Barricade"},{"not_picked":["Blood for Blood","Pummel"],"picked":"True Grit"},{"not_picked":["Limit Break","Reaper"],"picked":"Feed"}],"player_experience":279637,"potions_floor_usage":[12,16,16,20,21],"damage_taken":[{"damage":1,"enemies":"Small Slimes","floor":1,"turns":3},{"damage":7,"enemies":"Jaw Worm","floor":3,"turns":3},{"damage":1,"enemies":"Cultist","floor":4,"turns":3},{"damage":11,"enemies":"Lots of Slimes","floor":5,"turns":6},{"damage":16,"enemies":"3 Louse","floor":7,"turns":5},{"damage":12,"enemies":"Looter","floor":11,"turns":3},{"damage":25,"enemies":"Lagavulin","floor":12,"turns":5},{"damage":45,"enemies":"Slime Boss","floor":16,"turns":13},{"damage":34,"enemies":"2 Thieves","floor":18,"turns":4},{"damage":47,"enemies":"Chosen","floor":20,"turns":11},{"damage":28,"enemies":"Centurion and Healer","floor":21,"turns":5}],"event_choices":[{"event_name":"The Cleric","player_choice":"Card Removal","floor":2,"damage_taken":0},{"event_name":"Golden Wing","player_choice":"Card Removal","floor":10,"damage_taken":0},{"event_name":"The Lab","player_choice":"Got Potions","floor":13,"damage_taken":0}],"boss_relics":[{"not_picked":["Philosopher\u0027s Stone","White Beast Statue"],"picked":"Eternal Feather"}],"potions_floor_spawned":[11,12,20],"seed_played":"7381502665442618463","killed_by":"Centurion and Healer","ascension_level":4,"is_trial":false}