{"gold_per_floor":[109,109,109,34,49,49,84,84,141,141],"floor_reached":10,"playtime":334,"items_purged":["Strike_R"],"score":125,"play_id":"b99b91a9-b32e-4df4-bf59-92cfca9d3173","local_time":"20190302152741","is_ascension_mode":true,"campfire_choices":[{"data":"Anger","floor":6,"key":"SMITH"}],"neow_cost":"NONE","seed_source_timestamp":65522017049175,"circlet_count":0,"master_deck":["AscendersBane","Strike_R","Strike_R","Strike_R","Strike_R","Defend_R","Defend_R","Defend_R","Defend_R","Bash","Pommel Strike","Anger+1"],"relics":["Black Star","Bird Faced Urn","Juzu Bracelet","Paper Frog","Tiny Chest"],"potions_floor_usage":[7],"damage_taken":[{"damage":2,"enemies":"Small Slimes","floor":1,"turns":4},{"damage":2,"enemies":"2 Louse","floor":5,"turns":4},{"damage":25,"enemies":"Lagavulin","floor":7,"turns":6},{"damage":30,"enemies":"3 Sentries","floor":10,"turns":5}],"seed_played":"-5729814101697607665","potions_obtained":[{"floor":5,"key":"BloodPotion"},{"floor":7,"key":"Ancient Potion"}],"is_trial":false,"path_per_floor":["M","?","?","$","M","R","E","?","T","E"],"character_chosen":"IRONCLAD","items_purchased":[],"campfire_rested":0,"item_purchase_floors":[],"current_hp_per_floor":[66,66,48,48,46,46,28,28,28,0],"gold":141,"neow_bonus":"BOSS_RELIC","is_prod":false,"is_daily":false,"chose_seed":false,"campfire_upgraded":1,"win_rate":0,"timestamp":1551508061,"path_taken":["M","?","?","$","M","R","E","?","T","E"],"build_version":"2019-01-23","purchased_purges":1,"victory":false,"max_hp_per_floor":[75,75,75,75,75,75,75,75,75,75],"card_choices":[{"not_picked":["Flex","Flame Barrier"],"picked":"Pommel Strike","floor":1},{"not_picked":["Blood for Blood","Searing Blow"],"picked":"Anger","floor":5},{"not_picked":["Perfected Strike","Seeing Red","Havoc"],"picked":"SKIP","floor":7}],"player_experience":986837,"relics_obtained":[{"floor":7,"key":"Juzu Bracelet"},{"floor":7,"key":"Paper Frog"},{"floor":9,"key":"Tiny Chest"}],"event_choices":[{"damage_healed":0,"gold_gain":0,"player_choice":"Ignored","damage_taken":0,"max_hp_gain":0,"max_hp_loss":0,"event_name":"Golden Idol","floor":2,"gold_loss":0},{"damage_healed":0,"gold_gain":0,"player_choice":"Success","damage_taken":18,"relics_obtained":["Bird Faced Urn"],"max_hp_gain":0,"max_hp_loss":0,"event_name":"Scrap Ooze","floor":3,"gold_loss":0},{"damage_healed":0,"gold_gain":0,"player_choice":"Ignored","damage_taken":0,"max_hp_gain":0,"max_hp_loss":0,"event_name":"Shining Light","floor":8,"gold_loss":0}],"is_beta":false,"boss_relics":[],"items_purged_floors":[4],"is_endless":false,"potions_floor_spawned":[5,7],"killed_by":"3 Sentries","ascension_level":19}