{"gold_per_floor":[109,109,133,133,147,147,187,187,187,187,187,221,237,278,278,278],"floor_reached":16,"playtime":443,"items_purged":[],"score":218,"play_id":"a8cbb070-179d-43ca-a287-b9160fdd6707","local_time":"20190227223123","is_ascension_mode":true,"campfire_choices":[{"data":"Searing Blow+1","floor":6.0,"key":"SMITH"},{"data":"Searing Blow+2","floor":8.0,"key":"SMITH"},{"data":"Searing Blow+3","floor":11.0,"key":"SMITH"},{"data":"Searing Blow+4","floor":15.0,"key":"SMITH"}],"neow_cost":"NONE","seed_source_timestamp":0,"circlet_count":0,"master_deck":["AscendersBane","Strike_R","Strike_R","Strike_R","Strike_R","Strike_R","Defend_R","Defend_R","Defend_R+1","Defend_R+1","Bash","Searing Blow+5","Offering"],"special_seed":0,"relics":["Burning Blood","PreservedInsect","Golden Idol","Dodecahedron","Calipers","Regal Pillow","Lantern"],"potions_floor_usage":[],"damage_taken":[{"damage":2.0,"enemies":"2 Louse","floor":1.0,"turns":3.0},{"damage":1.0,"enemies":"Cultist","floor":3.0,"turns":3.0},{"damage":6.0,"enemies":"Small Slimes","floor":5.0,"turns":3.0},{"damage":20.0,"enemies":"Lagavulin","floor":7.0,"turns":7.0},{"damage":7.0,"enemies":"Gremlin Nob","floor":12.0,"turns":3.0},{"damage":1.0,"enemies":"3 Louse","floor":13.0,"turns":3.0},{"damage":2.0,"enemies":"3 Sentries","floor":14.0,"turns":3.0},{"damage":44,"enemies":"Hexaghost","floor":16,"turns":7}],"seed_played":"4235858848743879164","potions_obtained":[{"floor":1.0,"key":"BloodPotion"},{"floor":3.0,"key":"Ancient Potion"},{"floor":7.0,"key":"Regen Potion"},{"floor":12.0,"key":"Fire Potion"}],"is_trial":false,"path_per_floor":["M","?","M","?","M","R","E","R","T","?","R","E","M","E","R","B"],"character_chosen":"IRONCLAD","items_purchased":[],"campfire_rested":0,"item_purchase_floors":[],"current_hp_per_floor":[72,46,51,51,51,51,37,37,37,14,14,29,34,38,38,0],"gold":278,"neow_bonus":"RANDOM_COMMON_RELIC","is_prod":false,"is_daily":false,"chose_seed":false,"campfire_upgraded":4,"win_rate":0,"timestamp":1551274283,"path_taken":["M","?","M","?","?","R","E","R","T","?","R","E","M","E","R","BOSS"],"build_version":"2019-01-23","purchased_purges":0,"victory":false,"max_hp_per_floor":[75,75,75,75,75,75,75,75,75,75,75,75,75,75,75,75],"card_choices":[{"not_picked":["Clash","Sword Boomerang"],"picked":"Searing Blow","floor":1.0},{"not_picked":["Cleave","Infernal Blade","Heavy Blade"],"picked":"SKIP","floor":3.0},{"not_picked":["Body Slam","Rampage","Perfected Strike"],"picked":"SKIP","floor":5.0},{"not_picked":["Cleave","Havoc","Pummel"],"picked":"SKIP","floor":7.0},{"not_picked":["Burning Pact","Twin Strike","Cleave"],"picked":"SKIP","floor":12.0},{"not_picked":["Warcry","Clash"],"picked":"Offering","floor":13.0},{"not_picked":["True Grit","Uppercut","Infernal Blade"],"picked":"SKIP","floor":14.0}],"player_experience":943382,"relics_obtained":[{"floor":7.0,"key":"Dodecahedron"},{"floor":9.0,"key":"Calipers"},{"floor":12.0,"key":"Regal Pillow"},{"floor":14.0,"key":"Lantern"}],"event_choices":[{"damage_healed":0.0,"max_hp_gain":0.0,"max_hp_loss":0.0,"gold_gain":0.0,"event_name":"Golden Idol","player_choice":"Take Damage","floor":2.0,"gold_loss":0.0,"damage_taken":26.0,"relics_obtained":["Golden Idol"]},{"damage_healed":0.0,"max_hp_gain":0.0,"max_hp_loss":0.0,"gold_gain":0.0,"event_name":"Upgrade Shrine","player_choice":"Upgraded","floor":4.0,"gold_loss":0.0,"damage_taken":0.0,"cards_upgraded":["Searing Blow"]},{"damage_healed":0.0,"max_hp_gain":0.0,"max_hp_loss":0.0,"gold_gain":0.0,"event_name":"Shining Light","player_choice":"Entered Light","floor":10.0,"gold_loss":0.0,"damage_taken":23.0,"cards_upgraded":["Defend_R","Defend_R"]}],"is_beta":false,"boss_relics":[],"items_purged_floors":[],"is_endless":false,"potions_floor_spawned":[1,3,7,12],"killed_by":"Hexaghost","ascension_level":17}