{"gold_per_floor":[210,133,148,2,16,16,42,42,42,142,168,178,32,46,46,124,124,144,163,163,163,27,27,27],"floor_reached":24,"playtime":1273,"items_purged":["Strike_G","Strike_G"],"score":347,"play_id":"970253a3-7033-4999-8ea7-9e325da94b95","local_time":"20190303111304","is_ascension_mode":true,"campfire_choices":[{"data":"Neutralize","floor":6,"key":"SMITH"},{"data":"Cloak And Dagger","floor":8,"key":"SMITH"},{"floor":15,"key":"REST"},{"data":"Accuracy","floor":23,"key":"SMITH"}],"neow_cost":"NONE","seed_source_timestamp":118100943441066,"circlet_count":0,"master_deck":["AscendersBane","Defend_G","Defend_G","Defend_G","Defend_G","Defend_G+1","Strike_G","Strike_G","Strike_G","Survivor+1","Neutralize+1","Backstab","Infinite Blades","Infinite Blades","Caltrops","Sucker Punch","Cloak And Dagger+1","Leg Sweep","PiercingWail","Well Laid Plans","Adrenaline","Dash","Infinite Blades+1","Accuracy+1"],"relics":["Ring of the Snake","Blue Candle","War Paint","Pear","Snake Skull","Snecko Eye"],"potions_floor_usage":[11,16,19,24],"damage_taken":[{"damage":2,"enemies":"Cultist","floor":1,"turns":5},{"damage":2,"enemies":"Jaw Worm","floor":3,"turns":4},{"damage":0,"enemies":"2 Louse","floor":5,"turns":3},{"damage":21,"enemies":"Lagavulin","floor":7,"turns":7},{"damage":11,"enemies":"Gremlin Nob","floor":11,"turns":4},{"damage":0,"enemies":"2 Fungi Beasts","floor":12,"turns":4},{"damage":4,"enemies":"Blue Slaver","floor":14,"turns":4},{"damage":20,"enemies":"Slime Boss","floor":16,"turns":10},{"damage":0,"enemies":"3 Byrds","floor":18,"turns":5},{"damage":10,"enemies":"Shell Parasite","floor":19,"turns":7},{"damage":25,"enemies":"Colosseum Slavers","floor":21,"turns":7},{"damage":38,"enemies":"Slavers","floor":24,"turns":3}],"seed_played":"5084311076047286813","potions_obtained":[{"floor":7,"key":"Poison Potion"},{"floor":11,"key":"Strength Potion"},{"floor":16,"key":"FearPotion"},{"floor":18,"key":"Strength Potion"},{"floor":19,"key":"Fruit Juice"}],"is_trial":false,"path_per_floor":["M","$","M","$","M","R","E","R","T","?","E","M","$","M","R","B",null,"M","M","$","?","$","R","E"],"character_chosen":"THE_SILENT","items_purchased":["Infinite Blades","Caltrops","Snake Skull","Accuracy"],"campfire_rested":1,"item_purchase_floors":[2,4,13,22],"current_hp_per_floor":[57,57,55,55,55,55,34,34,34,34,33,33,33,29,51,31,65,65,60,60,35,35,35,0],"gold":27,"neow_bonus":"HUNDRED_GOLD","is_prod":false,"is_daily":false,"chose_seed":false,"campfire_upgraded":3,"win_rate":0,"timestamp":1551607984,"path_taken":["M","?","M","$","M","R","E","R","T","?","E","?","$","M","R","BOSS","M","M","$","?","$","R","E"],"build_version":"2019-01-23","purchased_purges":2,"victory":false,"max_hp_per_floor":[66,66,66,66,66,66,66,66,66,66,76,76,76,76,76,76,76,76,81,81,81,81,81,81],"card_choices":[{"not_picked":["Dagger Throw","Expertise"],"picked":"Backstab","floor":1},{"not_picked":["Prepared","Slice"],"picked":"Infinite Blades","floor":3},{"not_picked":["Acrobatics","Tactician"],"picked":"Sucker Punch","floor":5},{"not_picked":["PiercingWail","Blade Dance"],"picked":"Cloak And Dagger","floor":7},{"not_picked":["Cloak And Dagger","Dagger Spray"],"picked":"Leg Sweep","floor":11},{"not_picked":["Choke","Prepared"],"picked":"PiercingWail","floor":12},{"not_picked":["Deflect","Catalyst"],"picked":"Well Laid Plans","floor":14},{"not_picked":["Glass Knife","Unload"],"picked":"Adrenaline","floor":16},{"not_picked":["Quick Slash","Outmaneuver"],"picked":"Dash","floor":18},{"not_picked":["Dagger Throw","Blade Dance"],"picked":"Infinite Blades+1","floor":19}],"player_experience":773327,"relics_obtained":[{"floor":7,"key":"Blue Candle"},{"floor":9,"key":"War Paint"},{"floor":11,"key":"Pear"}],"event_choices":[{"damage_healed":0,"gold_gain":100,"player_choice":"Pray","damage_taken":0,"max_hp_gain":0,"max_hp_loss":0,"event_name":"Golden Shrine","floor":10,"gold_loss":0},{"damage_healed":0,"gold_gain":0,"player_choice":"Fight","damage_taken":0,"max_hp_gain":0,"max_hp_loss":0,"event_name":"Colosseum","floor":21,"gold_loss":0},{"damage_healed":0,"gold_gain":0,"player_choice":"Fled From Nobs","damage_taken":0,"max_hp_gain":0,"max_hp_loss":0,"event_name":"Colosseum","floor":21,"gold_loss":0}],"is_beta":false,"boss_relics":[{"not_picked":["Calling Bell","Fusion Hammer"],"picked":"Snecko Eye"}],"items_purged_floors":[4,22],"is_endless":false,"potions_floor_spawned":[7,11,16,18,19],"killed_by":"Slavers","ascension_level":14}