{"gold_per_floor":[109,121,121,138,155,155,43,43,43,43,60,60,77,77,77,77],"floor_reached":16,"playtime":734,"items_purged":["Strike_B"],"score":92,"play_id":"a790feda-6773-49ec-898a-fcaf1befc1ff","local_time":"20190301004755","is_ascension_mode":false,"campfire_choices":[{"data":"Creative AI","floor":6,"key":"SMITH"},{"data":"Static Discharge","floor":10,"key":"SMITH"},{"data":"Reinforced Body","floor":12,"key":"SMITH"},{"data":"Capacitor","floor":15,"key":"SMITH"}],"neow_cost":"NONE","seed_source_timestamp":1225632962914854,"circlet_count":0,"master_deck":["Strike_B","Strike_B","Strike_B","Defend_B","Defend_B","Defend_B","Defend_B","Zap","Dualcast","Creative AI+1","Conserve Battery","Static Discharge+1","Steam","Heatsinks+1","Reinforced Body+1","Capacitor+1"],"relics":["Cracked Core","Meat on the Bone"],"potions_floor_usage":[16],"damage_taken":[{"damage":0,"enemies":"Small Slimes","floor":1,"turns":5},{"damage":0,"enemies":"2 Louse","floor":2,"turns":2},{"damage":5,"enemies":"Cultist","floor":4,"turns":6},{"damage":4,"enemies":"2 Fungi Beasts","floor":5,"turns":4},{"damage":13,"enemies":"Blue Slaver","floor":11,"turns":4},{"damage":12,"enemies":"3 Louse","floor":13,"turns":4},{"damage":45,"enemies":"Hexaghost","floor":16,"turns":10}],"seed_played":"-3560002634750702655","potions_obtained":[{"floor":11,"key":"Explosive Potion"},{"floor":13,"key":"GamblersBrew"},{"floor":14,"key":"PowerPotion"},{"floor":14,"key":"SmokeBomb"}],"is_trial":false,"path_per_floor":["M","M","$","M","M","R","$","?","T","R","M","R","M","?","R","B"],"character_chosen":"DEFECT","items_purchased":["Heatsinks"],"campfire_rested":0,"item_purchase_floors":[7],"current_hp_per_floor":[75,75,75,70,66,66,66,66,66,66,53,53,41,41,41,0],"gold":77,"neow_bonus":"ONE_RANDOM_RARE_CARD","is_prod":false,"is_daily":false,"chose_seed":false,"campfire_upgraded":4,"win_rate":0,"timestamp":1551419275,"path_taken":["M","M","$","M","M","R","$","?","T","R","M","R","M","?","R","BOSS"],"build_version":"2019-01-23","purchased_purges":1,"victory":false,"max_hp_per_floor":[75,75,75,75,75,75,75,75,75,75,75,75,75,75,75,75],"card_choices":[{"not_picked":["Gash","Compile Driver","Hologram"],"picked":"SKIP","floor":1},{"not_picked":["Reinforced Body","Melter"],"picked":"Conserve Battery","floor":2},{"not_picked":["Steam","Barrage"],"picked":"Static Discharge","floor":4},{"not_picked":["Beam Cell","Rebound","Steam"],"picked":"SKIP","floor":5},{"not_picked":["Beam Cell","Rebound"],"picked":"Steam","floor":5},{"not_picked":["Sunder","Meteor Strike"],"picked":"Reinforced Body","floor":11},{"not_picked":["Barrage","Ball Lightning"],"picked":"Capacitor","floor":13}],"player_experience":1113921,"relics_obtained":[{"floor":9,"key":"Meat on the Bone"}],"event_choices":[{"damage_healed":0,"gold_gain":0,"player_choice":"Grow","damage_taken":0,"max_hp_gain":0,"max_hp_loss":0,"event_name":"Living Wall","floor":8,"gold_loss":0,"cards_upgraded":["Heatsinks"]},{"damage_healed":0,"gold_gain":0,"player_choice":"Got Potions","damage_taken":0,"max_hp_gain":0,"max_hp_loss":0,"event_name":"Lab","floor":14,"gold_loss":0}],"is_beta":false,"boss_relics":[],"items_purged_floors":[7],"is_endless":false,"potions_floor_spawned":[11,13],"killed_by":"Hexaghost","ascension_level":0}