{"gold_per_floor":[116,116,25,43,53,53,83,93,93,93,93,113,113,128,128,227,227,245,258,169,184,194,227,227,237,237,237,255,255,255,266,266,366,366,381,235,250,263,279,308,308,328,328,328,348,396,414,432,432,432],"floor_reached":51,"playtime":2153,"items_purged":[],"score":1232,"play_id":"80a05744-79aa-4b12-bc17-ba400a923d3d","local_time":"20180630215212","daily_mods":["Draft","Cursed Run","Uncertain Future","Hoarder"],"is_ascension_mode":false,"campfire_choices":[{"data":"Perfected Strike","floor":6,"key":"SMITH"},{"data":"Perfected Strike","floor":10,"key":"SMITH"},{"data":"Perfected Strike","floor":15,"key":"SMITH"},{"data":"Perfected Strike","floor":24,"key":"SMITH"},{"data":"Perfected Strike","floor":29,"key":"SMITH"},{"floor":32,"key":"REST"},{"floor":41,"key":"REST"},{"floor":44,"key":"REST"},{"floor":49,"key":"REST"}],"neow_cost":"","seed_source_timestamp":0,"circlet_count":0,"master_deck":["Carnage","Carnage","Carnage+1","Disarm","Disarm","Shrug It Off","Shrug It Off","Shrug It Off","Iron Wave","Iron Wave","Iron Wave","Shrug It Off","Shrug It Off","Shrug It Off","Clothesline","Clothesline","Clothesline","Clothesline","Clothesline","Clothesline","Ghostly Armor","Ghostly Armor","Ghostly Armor","Clothesline","Clothesline","Clothesline","Twin Strike","Twin Strike","Twin Strike","Metallicize","Metallicize","Metallicize","Twin Strike","Twin Strike","Sword Boomerang","Sword Boomerang","Sword Boomerang","Headbutt","Headbutt","Headbutt","Blood for Blood","Blood for Blood","Blood for Blood","Clothesline","Clothesline","Clothesline","Perfected Strike+1","Perfected Strike+1","Perfected Strike+1","Metallicize","Metallicize","Metallicize","Feed","Feed","Feed","Perfected Strike+1","Perfected Strike+1","Perfected Strike","Reaper","Reaper","Reaper","Rage","Rage","Rage","Shrug It Off","Shrug It Off","Shrug It Off","Perfected Strike+1","Perfected Strike","Perfected Strike","Regret","Regret","Regret","Limit Break","Limit Break","Limit Break","Wild Strike","Wild Strike","Wild Strike","Shrug It Off","Shrug It Off","Shrug It Off","Finesse","Finesse","Finesse","Havoc","Havoc","Havoc","Cleave+1","Cleave+1","Cleave+1","Shrug It Off","Shrug It Off","Shrug It Off","Flex","Flex","Flex","Writhe","Writhe","Writhe","Feed","Feed","Feed","Perfected Strike","Perfected Strike","Perfected Strike","Pommel Strike","Pommel Strike","Pommel Strike","Pain","Pain","Pain","Juggernaut","Juggernaut","Juggernaut","Pommel Strike","Pommel Strike","Pommel Strike","Flex","Flex","Flex","Finesse","Finesse","Finesse","Wild Strike+1","Wild Strike+1","Wild Strike+1","Havoc+1","Havoc+1","Havoc+1","Havoc+1","Havoc+1","Havoc+1","Barricade+1","Barricade+1","Barricade+1","Flame Barrier","Flame Barrier","Flame Barrier","Perfected Strike+1","Perfected Strike+1","Perfected Strike+1","Perfected Strike","Perfected Strike","Perfected Strike","Decay","Decay","Decay"],"relics":["Snecko Eye","Whetstone","Bag of Marbles","Ornamental Fan","Mark of Pain","Orichalcum","Mummified Hand","Matryoshka","Fusion Hammer","Frozen Egg 2","Pantograph","Strawberry","Champion Belt"],"potions_floor_usage":[33],"damage_taken":[{"damage":0,"enemies":"2 Louse","floor":1,"turns":2},{"damage":0,"enemies":"Cultist","floor":4,"turns":2},{"damage":0,"enemies":"Jaw Worm","floor":5,"turns":2},{"damage":0,"enemies":"Lagavulin","floor":7,"turns":2},{"damage":0,"enemies":"Looter","floor":8,"turns":2},{"damage":0,"enemies":"2 Fungi Beasts","floor":12,"turns":1},{"damage":0,"enemies":"Exordium Wildlife","floor":14,"turns":1},{"damage":16,"enemies":"Hexaghost","floor":16,"turns":3},{"damage":0,"enemies":"Shell Parasite","floor":18,"turns":1},{"damage":17,"enemies":"Spheric Guardian","floor":19,"turns":4},{"damage":0,"enemies":"Snecko","floor":21,"turns":3},{"damage":0,"enemies":"Centurion and Healer","floor":22,"turns":3},{"damage":7,"enemies":"Slavers","floor":23,"turns":2},{"damage":6,"enemies":"Slaver and Parasite","floor":25,"turns":2},{"damage":12,"enemies":"Chosen and Byrds","floor":28,"turns":5},{"damage":13,"enemies":"3 Cultists","floor":31,"turns":4},{"damage":15,"enemies":"Collector","floor":33,"turns":4},{"damage":5,"enemies":"3 Darklings","floor":35,"turns":4},{"damage":31,"enemies":"3 Shapes","floor":37,"turns":3},{"damage":8,"enemies":"Sphere and 2 Shapes","floor":38,"turns":3},{"damage":7,"enemies":"3 Darklings","floor":39,"turns":5},{"damage":0,"enemies":"2 Orb Walkers","floor":40,"turns":1},{"damage":12,"enemies":"Maw","floor":42,"turns":6},{"damage":39,"enemies":"Sphere and 2 Shapes","floor":45,"turns":4},{"damage":11,"floor":46,"turns":3},{"damage":1,"enemies":"3 Darklings","floor":47,"turns":3},{"damage":7,"enemies":"4 Shapes","floor":48,"turns":3},{"damage":34,"enemies":"Donu and Deca","floor":50,"turns":7}],"seed_played":"-7063334080110667613","potions_obtained":[{"floor":4,"key":"SkillPotion"},{"floor":12,"key":"EssenceOfSteel"},{"floor":18,"key":"Weak Potion"},{"floor":31,"key":"Block Potion"},{"floor":35,"key":"EssenceOfSteel"}],"is_trial":true,"path_per_floor":["M","?","$","M","M","R","E","M","T","R","?","M","?","M","R","B",null,"M","M","$","M","M","E","R","M","T","?","M","R","?","M","R","B",null,"M","$","M","M","M","E","R","M","T","R","M","?","M","M","R","B"],"character_chosen":"IRONCLAD","items_purchased":["Perfected Strike","Metallicize","Finesse","Flex","Finesse"],"campfire_rested":4,"item_purchase_floors":[3,3,20,36,36],"current_hp_per_floor":[80,80,80,80,80,80,80,80,80,80,77,77,80,80,80,64,80,80,63,63,73,80,80,80,77,77,77,71,71,71,58,82,67,83,78,78,50,49,82,82,89,90,97,99,68,57,56,52,82,68],"gold":432,"neow_bonus":"","is_prod":false,"is_daily":false,"chose_seed":false,"campfire_upgraded":5,"win_rate":0,"timestamp":1530409932,"path_taken":["M","?","$","M","M","R","E","M","T","R","?","M","?","M","R","BOSS","M","M","$","M","M","E","R","M","T","?","?","R","?","M","R","BOSS","M","$","M","M","M","E","R","?","T","R","M","?","M","?","R","BOSS"],"build_version":"2018-06-28","purchased_purges":0,"victory":true,"max_hp_per_floor":[80,80,80,80,80,80,80,80,80,80,80,80,80,80,80,80,80,80,80,80,80,83,83,83,83,83,83,83,83,83,83,83,83,83,83,83,86,89,89,89,89,92,99,99,99,99,99,102,102,102],"card_choices":[{"not_picked":["Warcry","True Grit"],"picked":"Carnage","floor":0},{"not_picked":["Infernal Blade","Anger"],"picked":"Disarm","floor":0},{"not_picked":["Inflame","Pommel Strike"],"picked":"Shrug It Off","floor":0},{"not_picked":["Flex","Cleave"],"picked":"Iron Wave","floor":0},{"not_picked":["Flex","Battle Trance"],"picked":"Shrug It Off","floor":0},{"not_picked":["Anger","Twin Strike"],"picked":"Clothesline","floor":0},{"not_picked":["Shrug It Off","Cleave"],"picked":"Clothesline","floor":0},{"not_picked":["Body Slam","Battle Trance"],"picked":"Ghostly Armor","floor":0},{"not_picked":["Cleave","Headbutt"],"picked":"Clothesline","floor":0},{"not_picked":["Flex","Warcry"],"picked":"Twin Strike","floor":0},{"not_picked":["Fire Breathing","Armaments"],"picked":"Metallicize","floor":0},{"not_picked":["Wild Strike","Warcry"],"picked":"Twin Strike","floor":0},{"not_picked":["Twin Strike","Body Slam"],"picked":"Sword Boomerang","floor":0},{"not_picked":["Clash","Hemokinesis"],"picked":"Headbutt","floor":0},{"not_picked":["Dropkick","Shockwave"],"picked":"Blood for Blood","floor":0},{"not_picked":["Cleave","Bloodletting"],"picked":"Clothesline","floor":1},{"not_picked":["Heavy Blade","Clothesline"],"picked":"Feed","floor":4},{"not_picked":["Thunderclap","Infernal Blade"],"picked":"Perfected Strike","floor":5},{"not_picked":["Dropkick","Whirlwind"],"picked":"Reaper","floor":7},{"not_picked":["Anger","Evolve"],"picked":"Rage","floor":8},{"not_picked":["Iron Wave","Sentinel"],"picked":"Shrug It Off","floor":12},{"not_picked":["Cleave","Iron Wave"],"picked":"Perfected Strike","floor":14},{"not_picked":["Dark Embrace","Juggernaut"],"picked":"Limit Break","floor":16},{"not_picked":["Iron Wave+1","Ghostly Armor+1"],"picked":"Wild Strike","floor":18},{"not_picked":["Body Slam","Cleave+1"],"picked":"Shrug It Off","floor":19},{"not_picked":["Thunderclap+1","Feel No Pain"],"picked":"Havoc","floor":21},{"not_picked":["Clash","Bludgeon"],"picked":"Cleave+1","floor":22},{"not_picked":["Rupture+1","Infernal Blade"],"picked":"Shrug It Off","floor":23},{"not_picked":["Headbutt","Body Slam"],"picked":"Flex","floor":25},{"not_picked":["Havoc","Flex"],"picked":"Feed","floor":28},{"not_picked":["Body Slam","Cleave"],"picked":"Pommel Strike","floor":31},{"not_picked":["Double Tap","Brutality"],"picked":"Juggernaut","floor":33},{"not_picked":["Clothesline+1","Armaments"],"picked":"Pommel Strike","floor":35},{"not_picked":["Warcry","Bloodletting+1","Sword Boomerang"],"picked":"SKIP","floor":37},{"not_picked":["Second Wind+1","Headbutt+1"],"picked":"Wild Strike+1","floor":38},{"not_picked":["Brutality","Searing Blow+1","True Grit"],"picked":"SKIP","floor":39},{"not_picked":["Clothesline","Blood for Blood"],"picked":"Havoc+1","floor":40},{"not_picked":["Rupture+1","Flame Barrier+1"],"picked":"Havoc+1","floor":42},{"not_picked":["Iron Wave+1","Rage+1"],"picked":"Barricade+1","floor":45},{"not_picked":["Carnage+1","True Grit"],"picked":"Flame Barrier","floor":46},{"not_picked":["Inflame+1","Shrug It Off+1"],"picked":"Perfected Strike+1","floor":47},{"not_picked":["Clothesline","Double Tap"],"picked":"Perfected Strike","floor":48}],"player_experience":539346,"relics_obtained":[{"floor":7,"key":"Whetstone"},{"floor":9,"key":"Bag of Marbles"},{"floor":23,"key":"Orichalcum"},{"floor":26,"key":"Mummified Hand"},{"floor":40,"key":"Frozen Egg 2"},{"floor":43,"key":"Pantograph"},{"floor":43,"key":"Strawberry"},{"floor":46,"key":"Champion Belt"}],"event_choices":[{"event_name":"Purifier","player_choice":"One Purge","floor":2,"damage_taken":0},{"event_name":"Scrap Ooze","player_choice":"success","floor":11,"damage_taken":3},{"event_name":"Bonfire Elementals","player_choice":"UNCOMMON","floor":13,"damage_taken":0},{"event_name":"The Mausoleum","player_choice":"Yes","floor":27,"damage_taken":0},{"event_name":"The Library","player_choice":"Read","floor":30,"damage_taken":0},{"event_name":"Mysterious Sphere","player_choice":"Fight","floor":46,"damage_taken":0}],"boss_relics":[{"not_picked":["Calling Bell","Sozu"],"picked":"Mark of Pain"},{"not_picked":["Astrolabe","Velvet Choker"],"picked":"Fusion Hammer"}],"items_purged_floors":[],"is_endless":false,"potions_floor_spawned":[4,12,18,22,31,35,37,46,47,48],"ascension_level":0}