{"gold_per_floor":[117,292,292,309,321,352,352,365,365,365,385,385,385,411,411,510,510,530,550,550,294,307,307,341,28,77,91,108,108,134,150,150,255,255,266,0,68,93,108,108,108,127,152,152,152,1,12,46,46,46],"floor_reached":51,"playtime":2613,"items_purged":["Writhe"],"score":915,"play_id":"47a337f5-0cfb-45e4-872a-6801026ba87f","local_time":"20190215195717","is_ascension_mode":true,"campfire_choices":[{"floor":7,"key":"REST"},{"floor":12,"key":"REST"},{"floor":15,"key":"DIG"},{"floor":23,"key":"DIG"},{"floor":32,"key":"REST"},{"floor":40,"key":"DIG"},{"floor":44,"key":"DIG"},{"floor":49,"key":"REST"}],"neow_cost":"NONE","seed_source_timestamp":93552675671300,"circlet_count":0,"master_deck":["Strike_B","Strike_B+1","Strike_B","Strike_B","Defend_B+1","Defend_B+1","Defend_B+1","Defend_B","Zap","Dualcast","Hello World","Doubt","Tempest","Consume","Genetic Algorithm","Storm","Melter","Capacitor","Echo Form","Heatsinks","Defragment+1","Conserve Battery+1","Capacitor","Doubt","Cold Snap","Thunder Strike","Sweeping Beam","Coolheaded","Leap","Hologram","Glacier+1","Amplify","Defragment","Lockon","Shame","Injury","Beam Cell+1","Consume+1","Glacier+1","Chaos+1","Parasite","Jack Of All Trades","Enlightenment","Loop","Static Discharge","Cold Snap"],"relics":["Cracked Core","Bronze Scales","Mummified Hand","Emotion Chip","Shovel","Odd Mushroom","Art of War","Ginger","Cursed Key","Meat on the Bone","Prayer Wheel","War Paint","Mercury Hourglass","Pen Nib","FossilizedHelix","Inserter","Red Mask","Vajra","Blue Candle","Regal Pillow","Bag of Preparation","Happy Flower"],"potions_floor_usage":[16,27,28,31,33],"damage_taken":[{"damage":0,"enemies":"Small Slimes","floor":1,"turns":3},{"damage":2,"enemies":"Jaw Worm","floor":4,"turns":4},{"damage":6,"enemies":"2 Louse","floor":5,"turns":2},{"damage":15,"enemies":"Gremlin Nob","floor":6,"turns":4},{"damage":8,"enemies":"Looter","floor":8,"turns":3},{"damage":26,"enemies":"The Mushroom Lair","floor":11,"turns":3},{"damage":18,"enemies":"3 Sentries","floor":14,"turns":5},{"damage":40,"enemies":"Hexaghost","floor":16,"turns":6},{"damage":1,"enemies":"3 Byrds","floor":18,"turns":2},{"damage":4,"enemies":"Chosen","floor":19,"turns":4},{"damage":0,"enemies":"Snecko","floor":22,"turns":4},{"damage":24,"enemies":"Slavers","floor":24,"turns":3},{"damage":16,"enemies":"Snake Plant","floor":27,"turns":2},{"damage":23,"enemies":"Centurion and Healer","floor":28,"turns":4},{"damage":10,"enemies":"Book of Stabbing","floor":30,"turns":4},{"damage":11,"enemies":"Sentry and Sphere","floor":31,"turns":3},{"damage":2,"enemies":"Automaton","floor":33,"turns":13},{"damage":12,"enemies":"3 Shapes","floor":35,"turns":5},{"damage":28,"enemies":"3 Darklings","floor":39,"turns":3},{"damage":1,"enemies":"Sphere and 2 Shapes","floor":42,"turns":4},{"damage":25,"enemies":"Spire Growth","floor":47,"turns":5},{"damage":8,"enemies":"Giant Head","floor":48,"turns":5},{"damage":28,"enemies":"Awakened One","floor":50,"turns":11}],"seed_played":"-8157174719216955976","potions_obtained":[{"floor":1,"key":"Fire Potion"},{"floor":8,"key":"FocusPotion"},{"floor":22,"key":"Energy Potion"},{"floor":27,"key":"EssenceOfSteel"},{"floor":28,"key":"Swift Potion"},{"floor":29,"key":"FairyPotion"},{"floor":31,"key":"AttackPotion"},{"floor":47,"key":"Energy Potion"}],"is_trial":false,"path_per_floor":["M","?","?","M","M","E","R","M","T","?","?","R","?","E","R","B",null,"M","M","?","$","M","R","E","$","T","M","M","?","E","M","R","B",null,"M","?","T","T","M","R","?","M","T","R","?","$","M","E","R","B",null],"character_chosen":"DEFECT","items_purchased":["Meat on the Bone","Capacitor","Mercury Hourglass","Loop"],"campfire_rested":4,"item_purchase_floors":[21,25,25,46],"current_hp_per_floor":[75,75,60,58,52,37,59,51,51,48,22,44,69,51,51,11,75,74,70,70,70,70,70,46,46,46,42,31,31,33,34,56,54,75,63,63,63,63,47,47,66,65,65,65,60,60,47,39,75,47],"gold":46,"neow_bonus":"RANDOM_COMMON_RELIC","is_prod":false,"is_daily":false,"chose_seed":false,"campfire_upgraded":0,"win_rate":0,"timestamp":1550278637,"path_taken":["M","?","?","M","M","E","R","?","T","?","?","R","?","E","R","BOSS","M","M","?","$","?","R","E","$","T","M","M","?","E","M","R","BOSS","M","?","?","?","M","R","?","M","T","R","?","$","M","E","R","BOSS"],"build_version":"2019-01-23","purchased_purges":1,"victory":true,"max_hp_per_floor":[75,75,75,75,75,75,75,75,75,75,75,75,75,75,75,75,75,75,75,75,75,75,75,75,75,75,75,75,75,75,75,75,75,75,75,75,75,75,75,75,75,75,75,75,75,75,75,75,75,75],"card_choices":[{"not_picked":["Force Field","Steam"],"picked":"Hello World","floor":1},{"not_picked":["Rebound","Hologram"],"picked":"Tempest","floor":4},{"not_picked":["Stack","Compile Driver"],"picked":"Consume","floor":5},{"not_picked":["Barrage","White Noise"],"picked":"Genetic Algorithm","floor":6},{"not_picked":["Go for the Eyes","Rainbow"],"picked":"Storm","floor":8},{"not_picked":["Redo","Compile Driver"],"picked":"Melter","floor":11},{"not_picked":["Hologram","Hello World"],"picked":"Capacitor","floor":14},{"not_picked":["Electrodynamics","Buffer"],"picked":"Echo Form","floor":16},{"not_picked":["BootSequence","Undo"],"picked":"Heatsinks","floor":18},{"not_picked":["Reprogram+1","Barrage"],"picked":"Defragment+1","floor":19},{"not_picked":["Recycle","Ball Lightning"],"picked":"Conserve Battery+1","floor":22},{"not_picked":["Scrape+1","Stack","Gash+1"],"picked":"SKIP","floor":24},{"not_picked":["Recycle","Ball Lightning"],"picked":"Cold Snap","floor":27},{"not_picked":["Stack","Recycle"],"picked":"Thunder Strike","floor":27},{"not_picked":["Gash","Streamline+1"],"picked":"Sweeping Beam","floor":28},{"not_picked":["Leap","Coolheaded","Melter+1"],"picked":"SKIP","floor":28},{"not_picked":["Leap","Melter+1"],"picked":"Coolheaded","floor":28},{"not_picked":["Hyperbeam","Compile Driver+1"],"picked":"Leap","floor":30},{"not_picked":["Undo","Sunder"],"picked":"Hologram","floor":31},{"not_picked":["Hello World","Go for the Eyes"],"picked":"Glacier+1","floor":31},{"not_picked":["Machine Learning","Multi-Cast"],"picked":"Amplify","floor":33},{"not_picked":["Ball Lightning","Redo"],"picked":"Defragment","floor":35},{"not_picked":["Melter","Aggregate"],"picked":"Lockon","floor":35},{"not_picked":["Turbo","Streamline+1"],"picked":"Beam Cell+1","floor":39},{"not_picked":["Gash","Skim+1"],"picked":"Consume+1","floor":39},{"not_picked":["Beam Cell","Coolheaded"],"picked":"Glacier+1","floor":42},{"not_picked":["Hyperbeam","Skim+1"],"picked":"Chaos+1","floor":42},{"not_picked":["Blind","Swift Strike"],"picked":"Jack Of All Trades","floor":45},{"not_picked":["Finesse","Good Instincts"],"picked":"Enlightenment","floor":45},{"not_picked":["Coolheaded+1","Turbo"],"picked":"Static Discharge","floor":47},{"not_picked":["Beam Cell","Reprogram+1"],"picked":"Cold Snap","floor":47},{"not_picked":["Recycle+1","Rip and Tear","Meteor Strike"],"picked":"SKIP","floor":48}],"player_experience":491644,"relics_obtained":[{"floor":6,"key":"Mummified Hand"},{"floor":9,"key":"Emotion Chip"},{"floor":11,"key":"Odd Mushroom"},{"floor":14,"key":"Art of War"},{"floor":15,"key":"Ginger"},{"floor":23,"key":"Prayer Wheel"},{"floor":24,"key":"War Paint"},{"floor":26,"key":"Pen Nib"},{"floor":30,"key":"FossilizedHelix"},{"floor":38,"key":"Vajra"},{"floor":40,"key":"Blue Candle"},{"floor":43,"key":"Regal Pillow"},{"floor":44,"key":"Bag of Preparation"},{"floor":48,"key":"Happy Flower"}],"event_choices":[{"damage_healed":0,"gold_gain":175,"player_choice":"AGREE","damage_taken":0,"max_hp_gain":0,"max_hp_loss":0,"event_name":"Liars Game","floor":2,"gold_loss":0,"cards_obtained":["Doubt"]},{"damage_healed":0,"gold_gain":0,"player_choice":"Entered Light","damage_taken":15,"max_hp_gain":0,"max_hp_loss":0,"event_name":"Shining Light","floor":3,"gold_loss":0,"cards_upgraded":["Strike_B","Defend_B"]},{"damage_healed":0,"gold_gain":0,"player_choice":"Success","damage_taken":3,"relics_obtained":["Shovel"],"max_hp_gain":0,"max_hp_loss":0,"event_name":"Scrap Ooze","floor":10,"gold_loss":0},{"damage_healed":0,"gold_gain":0,"player_choice":"Fought Mushrooms","damage_taken":0,"max_hp_gain":0,"max_hp_loss":0,"event_name":"Mushrooms","floor":11,"gold_loss":0},{"damage_healed":25,"gold_gain":0,"player_choice":"Banana","damage_taken":0,"max_hp_gain":0,"max_hp_loss":0,"event_name":"Big Fish","floor":13,"gold_loss":0},{"damage_healed":0,"gold_gain":0,"player_choice":"0 cards matched","damage_taken":0,"max_hp_gain":0,"max_hp_loss":0,"event_name":"Match and Keep!","floor":20,"gold_loss":0,"cards_obtained":[]},{"damage_healed":0,"gold_gain":0,"player_choice":"Got Potions","damage_taken":0,"max_hp_gain":0,"max_hp_loss":0,"event_name":"Lab","floor":29,"gold_loss":0},{"damage_healed":0,"gold_gain":0,"player_choice":"Paid","damage_taken":0,"relics_obtained":["Red Mask"],"max_hp_gain":0,"max_hp_loss":0,"event_name":"Tomb of Lord Red Mask","floor":36,"gold_loss":266},{"damage_healed":19,"gold_gain":0,"player_choice":"Writhe","damage_taken":0,"max_hp_gain":0,"max_hp_loss":0,"event_name":"Winding Halls","floor":41,"gold_loss":0,"cards_obtained":["Writhe"]},{"damage_healed":0,"gold_gain":0,"player_choice":"Memory 2","damage_taken":5,"max_hp_gain":0,"max_hp_loss":0,"event_name":"SensoryStone","floor":45,"gold_loss":0}],"is_beta":false,"boss_relics":[{"not_picked":["Coffee Dripper","FrozenCore"],"picked":"Cursed Key"},{"not_picked":["Empty Cage","Sozu"],"picked":"Inserter"}],"items_purged_floors":[46],"is_endless":false,"potions_floor_spawned":[1,8,22,27,28,31,47],"ascension_level":2}