{"gold_per_floor":[112,131,141,158,170,170,201,78,78,160,42,55,55,70,70,170,170,184,204,215,230,13,13,13,31,76,76,95,18,117,117,117,215,215,234,109,109,31,41,41,41,41,67,80,80],"floor_reached":45,"playtime":3379,"items_purged":["Strike_G","Strike_G","Decay"],"score":505,"play_id":"47c28a89-98eb-422e-8a35-965dbee4b110","local_time":"20190209205954","is_ascension_mode":true,"campfire_choices":[{"floor":15,"key":"REST"},{"data":"Catalyst","floor":23,"key":"SMITH"},{"floor":32,"key":"REST"},{"data":"Neutralize","floor":40,"key":"SMITH"},{"data":"Blur","floor":42,"key":"SMITH"}],"neow_cost":"NONE","seed_source_timestamp":1760139681536542,"circlet_count":0,"master_deck":["Defend_G","Defend_G","Defend_G","Defend_G","Defend_G","Strike_G","Strike_G","Survivor","Neutralize+1","Blur+1","Sucker Punch","Deadly Poison","Catalyst+1","Dodge and Roll","Poisoned Stab","Footwork+1","Outmaneuver","Poisoned Stab","Caltrops+1","Backflip","Footwork+1","Blur+1","Caltrops+1","After Image+1","Decay","Caltrops+1","Parasite"],"relics":["Ring of the Snake","Orichalcum","Ginger","Frozen Egg 2","Singing Bowl","Cursed Key","Letter Opener","Boot","Lizard Tail","Bag of Marbles"],"potions_floor_usage":[12,16,16,16,19,33,44,44],"damage_taken":[{"damage":0,"enemies":"2 Louse","floor":1,"turns":3},{"damage":3,"enemies":"Jaw Worm","floor":2,"turns":7},{"damage":1,"enemies":"Small Slimes","floor":3,"turns":3},{"damage":5,"enemies":"Red Slaver","floor":4,"turns":7},{"damage":0,"enemies":"Exordium Wildlife","floor":5,"turns":5},{"damage":25,"enemies":"3 Sentries","floor":7,"turns":11},{"damage":7,"enemies":"Gremlin Gang","floor":12,"turns":5},{"damage":4,"enemies":"3 Louse","floor":14,"turns":4},{"damage":20,"enemies":"Slime Boss","floor":16,"turns":7},{"damage":5,"enemies":"Shell Parasite","floor":18,"turns":8},{"damage":6,"enemies":"Chosen","floor":19,"turns":5},{"damage":5,"enemies":"Snake Plant","floor":20,"turns":5},{"damage":9,"enemies":"Snecko","floor":21,"turns":8},{"damage":35,"enemies":"Cultist and Chosen","floor":25,"turns":10},{"damage":19,"enemies":"Shelled Parasite and Fungi","floor":28,"turns":8},{"damage":4,"enemies":"Champ","floor":33,"turns":20},{"damage":24,"enemies":"3 Darklings","floor":35,"turns":6},{"damage":10,"enemies":"Orb Walker","floor":39,"turns":5},{"damage":0,"enemies":"4 Shapes","floor":44,"turns":11},{"damage":114,"enemies":"Reptomancer","floor":45,"turns":4}],"seed_played":"-1097470492041504777","potions_obtained":[{"floor":1,"key":"FearPotion"},{"floor":5,"key":"FearPotion"},{"floor":12,"key":"Strength Potion"},{"floor":14,"key":"Strength Potion"},{"floor":18,"key":"Weak Potion"},{"floor":21,"key":"Explosive Potion"},{"floor":27,"key":"Dexterity Potion"},{"floor":27,"key":"Ancient Potion"},{"floor":28,"key":"GhostInAJar"},{"floor":35,"key":"Explosive Potion"}],"is_trial":false,"path_per_floor":["M","M","M","M","M","?","E","$","T","T","$","M","?","M","R","B",null,"M","M","M","M","$","R","T","M","T","?","M","$","?","$","R","B",null,"M","$","?","$","M","R","$","R","T","M","E"],"character_chosen":"THE_SILENT","items_purchased":["Dodge and Roll","Poisoned Stab","Footwork+1","Footwork+1","Blur","Caltrops+1","Caltrops+1"],"campfire_rested":2,"item_purchase_floors":[8,11,11,22,22,29,38],"current_hp_per_floor":[70,67,66,61,61,61,36,36,36,36,36,31,31,27,48,30,74,69,65,62,53,53,53,53,20,20,20,3,3,3,3,27,23,82,60,60,60,60,52,52,52,52,52,54,0],"gold":80,"neow_bonus":"RANDOM_COMMON_RELIC","is_prod":false,"is_daily":false,"chose_seed":false,"campfire_upgraded":3,"win_rate":0,"timestamp":1549745994,"path_taken":["M","M","M","M","M","?","E","$","T","?","?","M","?","M","R","BOSS","M","M","M","M","$","R","?","M","T","?","?","$","?","$","R","BOSS","M","$","?","$","M","R","?","R","T","M","E"],"build_version":"2019-01-23","purchased_purges":3,"victory":false,"max_hp_per_floor":[70,70,70,70,70,70,70,70,70,70,70,72,72,72,72,74,74,74,76,78,78,78,78,78,80,80,80,82,82,82,82,82,82,82,84,84,84,84,86,86,86,86,86,88,88],"card_choices":[{"not_picked":["Reflex","Flying Knee"],"picked":"Blur","floor":1},{"not_picked":["Slice","Masterful Stab"],"picked":"Sucker Punch","floor":2},{"not_picked":["Sucker Punch","Bane","Endless Agony"],"picked":"SKIP","floor":3},{"not_picked":["Eviscerate","Bouncing Flask","Calculated Gamble"],"picked":"SKIP","floor":4},{"not_picked":["Prepared","Choke"],"picked":"Deadly Poison","floor":5},{"not_picked":["Choke","Sucker Punch"],"picked":"Catalyst","floor":7},{"not_picked":["Terror","Accuracy+1","Calculated Gamble"],"picked":"Singing Bowl","floor":12},{"not_picked":["Predator","Outmaneuver"],"picked":"Poisoned Stab","floor":14},{"not_picked":["Wraith Form v2+1","A Thousand Cuts+1","Doppelganger"],"picked":"Singing Bowl","floor":16},{"not_picked":["Accuracy+1","Deflect"],"picked":"Caltrops+1","floor":18},{"not_picked":["Reflex","Deflect","Bouncing Flask+1"],"picked":"Singing Bowl","floor":19},{"not_picked":["Slice","Quick Slash+1","Deadly Poison"],"picked":"Singing Bowl","floor":20},{"not_picked":["Expertise","Dagger Throw"],"picked":"Backflip","floor":21},{"not_picked":["Poisoned Stab","Cloak And Dagger","Backflip"],"picked":"Singing Bowl","floor":25},{"not_picked":["Finisher","Acrobatics","Skewer"],"picked":"Singing Bowl","floor":28},{"not_picked":["A Thousand Cuts+1","Bullet Time"],"picked":"After Image+1","floor":33},{"not_picked":["Bane","Infinite Blades+1","Endless Agony"],"picked":"Singing Bowl","floor":35},{"not_picked":["Distraction+1","Deflect+1","Terror"],"picked":"Singing Bowl","floor":39},{"not_picked":["Acrobatics+1","Skewer","Blade Dance+1"],"picked":"Singing Bowl","floor":44}],"player_experience":449184,"relics_obtained":[{"floor":7,"key":"Ginger"},{"floor":9,"key":"Frozen Egg 2"},{"floor":10,"key":"Singing Bowl"},{"floor":24,"key":"Letter Opener"},{"floor":26,"key":"Boot"},{"floor":43,"key":"Bag of Marbles"}],"event_choices":[{"damage_healed":0,"gold_gain":0,"player_choice":"Grow","damage_taken":0,"max_hp_gain":0,"max_hp_loss":0,"event_name":"Living Wall","floor":6,"gold_loss":0,"cards_upgraded":["Blur"]},{"damage_healed":0,"gold_gain":0,"cards_transformed":["Strike_G"],"player_choice":"Transformed","damage_taken":0,"max_hp_gain":0,"max_hp_loss":0,"event_name":"Transmorgrifier","floor":13,"gold_loss":0,"cards_obtained":["Outmaneuver"]},{"damage_healed":0,"gold_gain":0,"player_choice":"Got Potions","damage_taken":0,"max_hp_gain":0,"max_hp_loss":0,"event_name":"Lab","floor":27,"gold_loss":0},{"damage_healed":0,"gold_gain":99,"player_choice":"Stole From Cult","damage_taken":0,"max_hp_gain":0,"max_hp_loss":0,"event_name":"Nest","floor":30,"gold_loss":0},{"damage_healed":0,"gold_gain":0,"cards_transformed":["Injury"],"player_choice":"Transformed","damage_taken":0,"max_hp_gain":0,"max_hp_loss":0,"event_name":"Transmorgrifier","floor":37,"gold_loss":0,"cards_obtained":["Decay"]}],"is_beta":false,"boss_relics":[{"not_picked":["HoveringKite","Sozu"],"picked":"Cursed Key"},{"not_picked":["Runic Dome","Pandora\u0027s Box"],"picked":"Lizard Tail"}],"items_purged_floors":[8,22,36],"is_endless":false,"potions_floor_spawned":[1,5,12,14,18,21,28,35],"killed_by":"Reptomancer","ascension_level":3}