{"gold_per_floor":[119,136,211,211,211,242,242,277,277,300,311,311,339,353,353,428,428,444,460,460,471,12,12,43,43,43,43,63,63],"floor_reached":29,"playtime":1066,"items_purged":["Strike_R"],"score":543,"play_id":"d981268f-60e6-4e7e-9e68-35b8abd39035","local_time":"20190228230125","is_ascension_mode":true,"campfire_choices":[{"data":"Twin Strike","floor":7.0,"key":"SMITH"},{"data":"Clash","floor":12.0,"key":"SMITH"},{"data":"Clash","floor":15.0,"key":"SMITH"},{"data":"Bash","floor":23.0,"key":"SMITH"},{"data":"Corruption","floor":27.0,"key":"SMITH"}],"neow_cost":"NONE","seed_source_timestamp":0,"circlet_count":0,"master_deck":["AscendersBane","Strike_R","Strike_R","Defend_R","Defend_R","Defend_R","Bash+1","Clash+1","Twin Strike+1","Thunderclap","Clash+1","Corruption+1","Warcry"],"special_seed":0,"relics":["Burning Blood","NeowsBlessing","Matryoshka","Ancient Tea Set","Centennial Puzzle","Mercury Hourglass","Orichalcum","Regal Pillow","Dream Catcher","Empty Cage","Lee\u0027s Waffle","Happy Flower","Charon\u0027s Ashes","Gremlin Horn"],"potions_floor_usage":[28],"damage_taken":[{"damage":0.0,"enemies":"Small Slimes","floor":1.0,"turns":1.0},{"damage":0.0,"enemies":"Jaw Worm","floor":2.0,"turns":1.0},{"damage":0.0,"enemies":"Gremlin Nob","floor":6.0,"turns":1.0},{"damage":55.0,"enemies":"3 Sentries","floor":8.0,"turns":10.0},{"damage":0.0,"enemies":"2 Louse","floor":11.0,"turns":2.0},{"damage":6.0,"enemies":"Gremlin Nob","floor":13.0,"turns":3.0},{"damage":6.0,"enemies":"Blue Slaver","floor":14.0,"turns":3.0},{"damage":26.0,"enemies":"The Guardian","floor":16.0,"turns":6.0},{"damage":19.0,"enemies":"3 Byrds","floor":18.0,"turns":5.0},{"damage":1.0,"enemies":"Spheric Guardian","floor":19.0,"turns":3.0},{"damage":13.0,"enemies":"Cultist and Chosen","floor":21.0,"turns":5.0},{"damage":31.0,"enemies":"Gremlin Leader","floor":24.0,"turns":5.0},{"damage":19,"enemies":"Centurion and Healer","floor":28,"turns":3},{"damage":54,"enemies":"Slavers","floor":29,"turns":4}],"seed_played":"348129601985413847","potions_obtained":[{"floor":6.0,"key":"BloodPotion"},{"floor":8.0,"key":"SpeedPotion"},{"floor":19.0,"key":"Ancient Potion"},{"floor":24.0,"key":"AttackPotion"}],"is_trial":false,"path_per_floor":["M","M","?","?","?","E","R","E","T","T","M","R","E","M","R","B",null,"M","M","?","M","$","R","E","?","T","R","M","E"],"character_chosen":"IRONCLAD","items_purchased":["Lee\u0027s Waffle","Happy Flower"],"campfire_rested":0,"item_purchase_floors":[22,22],"current_hp_per_floor":[74,75,64,64,69,75,75,34,34,34,40,40,40,40,40,20,65,52,57,34,27,92,92,67,67,67,67,54,0],"gold":63,"neow_bonus":"THREE_ENEMY_KILL","is_prod":false,"is_daily":false,"chose_seed":false,"campfire_upgraded":5,"win_rate":0,"timestamp":1551362485,"path_taken":["M","M","?","?","?","E","R","E","T","?","M","R","E","M","R","BOSS","M","M","?","M","$","R","E","?","T","R","M","E"],"build_version":"2019-01-23","purchased_purges":1,"victory":false,"max_hp_per_floor":[75,75,75,75,80,80,80,80,80,80,80,80,80,80,80,80,80,80,80,85,85,92,92,92,92,92,92,92,92],"card_choices":[{"not_picked":["Bloodletting","Headbutt"],"picked":"Clash","floor":1.0},{"not_picked":["Evolve","Havoc"],"picked":"Twin Strike","floor":2.0},{"not_picked":["Shrug It Off","Disarm"],"picked":"Thunderclap","floor":6.0},{"not_picked":["Perfected Strike","Combust","Anger"],"picked":"SKIP","floor":8.0},{"not_picked":["Wild Strike","Feed"],"picked":"Clash","floor":11.0},{"not_picked":["True Grit","Headbutt","Fire Breathing"],"picked":"SKIP","floor":13.0},{"not_picked":["Iron Wave","Sentinel","Heavy Blade"],"picked":"SKIP","floor":14.0},{"not_picked":["Cleave","Pommel Strike","Thunderclap"],"picked":"SKIP","floor":18.0},{"not_picked":["True Grit","Wild Strike","Havoc"],"picked":"SKIP","floor":19.0},{"not_picked":["Headbutt","Pommel Strike","Havoc"],"picked":"SKIP","floor":21.0},{"not_picked":["Body Slam","Entrench"],"picked":"Corruption","floor":24.0},{"not_picked":["Heavy Blade+1","Havoc"],"picked":"Warcry","floor":28}],"player_experience":957402,"relics_obtained":[{"floor":6.0,"key":"Matryoshka"},{"floor":8.0,"key":"Ancient Tea Set"},{"floor":9.0,"key":"Centennial Puzzle"},{"floor":9.0,"key":"Mercury Hourglass"},{"floor":10.0,"key":"Orichalcum"},{"floor":10.0,"key":"Regal Pillow"},{"floor":13.0,"key":"Dream Catcher"},{"floor":24.0,"key":"Charon\u0027s Ashes"},{"floor":26.0,"key":"Gremlin Horn"}],"event_choices":[{"damage_healed":0.0,"max_hp_gain":0.0,"max_hp_loss":0.0,"gold_gain":75.0,"event_name":"World of Goop","player_choice":"Gather Gold","floor":3.0,"gold_loss":0.0,"damage_taken":11.0},{"cards_removed":["Defend_R"],"damage_healed":0.0,"max_hp_gain":0.0,"max_hp_loss":0.0,"gold_gain":0.0,"event_name":"Living Wall","player_choice":"Forget","floor":4.0,"gold_loss":0.0,"damage_taken":0.0},{"damage_healed":0.0,"max_hp_gain":5.0,"max_hp_loss":0.0,"gold_gain":0.0,"event_name":"Big Fish","player_choice":"Donut","floor":5.0,"gold_loss":0.0,"damage_taken":0.0},{"damage_healed":0.0,"max_hp_gain":5.0,"max_hp_loss":0.0,"gold_gain":0.0,"event_name":"Forgotten Altar","player_choice":"Shed Blood","floor":20.0,"gold_loss":0.0,"damage_taken":28.0},{"damage_healed":0.0,"max_hp_gain":0.0,"max_hp_loss":0.0,"gold_gain":0.0,"event_name":"The Mausoleum","player_choice":"Ignored","floor":25.0,"gold_loss":0.0,"damage_taken":0.0}],"is_beta":false,"boss_relics":[{"not_picked":["Runic Cube","White Beast Statue"],"picked":"Empty Cage"}],"items_purged_floors":[22],"is_endless":false,"potions_floor_spawned":[6,8,19,24],"killed_by":"Slavers","ascension_level":18}