{"path_per_floor":["M","$","M","M","?","R","E","R","T","E","$","M","E","?","R","B",null,"M","$","M","?","M","R","$","R","T","$","?","E","M","?","R","B",null,"M","M","M","?","T","R","E","R","T","R","$","?","?","M","R","B"],"character_chosen":"IRONCLAD","items_purchased":["Havoc","Feel No Pain","Havoc","True Grit","Feel No Pain","Feel No Pain","Finesse"],"gold_per_floor":[109,9,29,45,45,45,71,71,71,104,9,25,56,56,56,134,134,144,42,60,60,74,74,34,34,34,1,1,26,42,42,42,116,116,127,137,149,149,149,149,175,175,175,175,34,34,0,12,12,12],"floor_reached":51,"campfire_rested":4,"playtime":4343,"current_hp_per_floor":[74,72,72,72,72,72,53,53,53,53,53,56,54,47,47,16,58,34,34,22,22,17,38,38,38,38,38,72,68,66,66,66,57,68,66,46,38,25,25,46,32,53,53,72,72,72,72,66,66,58],"items_purged":["Parasite","Perfected Strike","Clothesline"],"gold":12,"score":961,"play_id":"aa2d6b31-fd37-48df-83a9-9ae757ca6f68","is_prod":false,"is_daily":false,"is_ascension_mode":true,"campfire_upgraded":6,"path_taken":["M","$","M","M","?","R","E","R","T","E","$","?","E","?","R","BOSS","M","$","?","?","M","R","$","R","T","?","?","E","M","?","R","BOSS","M","M","M","?","?","R","E","R","T","R","$","?","?","M","R","BOSS"],"build_version":"2018-02-19-BETA1","purchased_purges":3,"victory":true,"master_deck":["Bash+1","Havoc+1","Pommel Strike+1","Corruption","Shrug It Off+1","Feel No Pain+1","Havoc","Offering+1","Sentinel","Exhume+1","Clash","Combust","Clothesline","Feel No Pain","Body Slam","True Grit+1","True Grit+1","Seeing Red","Rupture","Feel No Pain","Feel No Pain","True Grit","Warcry+1","Offering","Madness","Madness","Entrench","Finesse"],"max_hp_per_floor":[75,72,72,72,72,72,72,72,72,72,72,72,72,72,72,72,72,72,72,72,72,72,72,72,72,72,72,72,72,72,72,72,72,72,72,72,72,72,72,72,72,72,72,72,72,72,72,72,72,72],"relics":["Burning Blood","Smiling Mask","Frozen Eye","Pen Nib","Matryoshka","Pandora\u0027s Box","Self Forming Clay","Calipers","Art of War","Sozu","Molten Egg 2","War Paint","Girya","Ancient Tea Set","Red Mask"],"card_choices":[{"not_picked":["Thunderclap","Armaments"],"picked":"Seeing Red"},{"not_picked":["Combust","Sword Boomerang"],"picked":"Pommel Strike"},{"not_picked":["Pommel Strike","Power Through"],"picked":"Corruption"},{"not_picked":["Body Slam","Combust"],"picked":"Shrug It Off"},{"not_picked":["Armaments","Blood for Blood"],"picked":"Offering"},{"not_picked":["Headbutt","Heavy Blade"],"picked":"Sentinel"},{"not_picked":["Juggernaut","Barricade"],"picked":"Exhume"},{"not_picked":["Flex","Rupture"],"picked":"True Grit"},{"not_picked":["Perfected Strike","Thunderclap"],"picked":"Seeing Red"},{"not_picked":["Thunderclap","Power Through"],"picked":"Rupture"},{"not_picked":["Evolve","Twin Strike"],"picked":"True Grit"},{"not_picked":["Bloodletting","Headbutt"],"picked":"Warcry"},{"not_picked":["Immolate","Double Tap"],"picked":"Offering"},{"not_picked":["True Grit","Iron Wave"],"picked":"Entrench"}],"player_experience":147156,"potions_floor_usage":[7,10,10,41,50,50],"damage_taken":[{"damage":0,"enemies":"Small Slimes","floor":1,"turns":3},{"damage":3,"enemies":"2 Louse","floor":3,"turns":3},{"damage":0,"enemies":"Cultist","floor":4,"turns":2},{"damage":25,"enemies":"Lagavulin","floor":7,"turns":5},{"damage":12,"enemies":"Gremlin Nob","floor":10,"turns":3},{"damage":3,"enemies":"Looter","floor":12,"turns":4},{"damage":8,"enemies":"3 Sentries","floor":13,"turns":9},{"damage":37,"enemies":"The Guardian","floor":16,"turns":11},{"damage":30,"enemies":"2 Thieves","floor":18,"turns":2},{"damage":18,"enemies":"3 Byrds","floor":20,"turns":6},{"damage":11,"enemies":"Centurion and Healer","floor":22,"turns":7},{"damage":10,"enemies":"Book of Stabbing","floor":29,"turns":4},{"damage":8,"enemies":"Snake Plant","floor":30,"turns":2},{"damage":15,"enemies":"Champ","floor":33,"turns":7},{"damage":8,"enemies":"Orb Walker","floor":35,"turns":3},{"damage":26,"enemies":"3 Darklings","floor":36,"turns":6},{"damage":14,"enemies":"Sphere and 2 Shapes","floor":37,"turns":4},{"damage":20,"enemies":"Nemesis","floor":41,"turns":3},{"damage":12,"enemies":"Maw","floor":48,"turns":2},{"damage":14,"enemies":"Awakened One","floor":50,"turns":5}],"event_choices":[{"event_name":"The Cleric","player_choice":"Leave","floor":5,"damage_taken":0},{"event_name":"Golden Wing","player_choice":"Card Removal","floor":14,"damage_taken":0},{"event_name":"Drug Dealer","player_choice":"Ignored","floor":21,"damage_taken":0},{"event_name":"Bonfire Elementals","player_choice":"UNCOMMON","floor":28,"damage_taken":0},{"event_name":"Vampires","player_choice":"Ignored","floor":31,"damage_taken":0},{"event_name":"Winding Halls","player_choice":"Embrace Madness","floor":38,"damage_taken":0},{"event_name":"Tomb of Lord Red Mask","player_choice":"Paid","floor":47,"damage_taken":0}],"boss_relics":[{"not_picked":["Question Card","Black Star"],"picked":"Pandora\u0027s Box"},{"not_picked":["Lizard Tail","Cursed Key"],"picked":"Sozu"}],"potions_floor_spawned":[1,4,7,16,18,29,33,36,48],"seed_played":"3413221422088794552","ascension_level":15,"is_trial":false}