{"gold_per_floor":[113,60,60,75,85,85,98,98,98,98,98,115,115,134,134,232,232,251,265,278,278,21,21,32,32,32,32,32,62,79,79,79,174,174,185,204,218,218],"floor_reached":38,"playtime":1717,"items_purged":["Strike_R"],"score":485,"play_id":"02419030-94e4-4203-9caa-c21e91696cbc","local_time":"20181130012048","is_ascension_mode":true,"campfire_choices":[{"data":"Flex","floor":6,"key":"SMITH"},{"data":"Heavy Blade","floor":8,"key":"SMITH"},{"data":"True Grit","floor":10,"key":"SMITH"},{"data":"Shrug It Off","floor":13,"key":"SMITH"},{"data":"Bash","floor":15,"key":"SMITH"},{"floor":23,"key":"REST"},{"data":"Flex","floor":25,"key":"SMITH"},{"data":"Inflame","floor":28,"key":"SMITH"},{"floor":32,"key":"REST"}],"neow_cost":"NONE","seed_source_timestamp":1374004973772773,"circlet_count":0,"master_deck":["Bash+1","Heavy Blade+1","Shrug It Off+1","Flex+1","Disarm+1","True Grit+1","Cleave","Offering","Heavy Blade","Flex+1","Inflame+1","Sword Boomerang","Flame Barrier","Feed","Intimidate","Burning Pact","Anger","Burning Pact","Cleave","Wild Strike","Headbutt","Sentinel","Flame Barrier+1"],"relics":["Burning Blood","Bottled Flame","Mark of Pain","Matryoshka","Lantern","Omamori","Gremlin Horn","Potion Belt","Pandora\u0027s Box"],"potions_floor_usage":[24,30,33,33,33,33,33,33,33,33,38],"damage_taken":[{"damage":6,"enemies":"Cultist","floor":1,"turns":3},{"damage":7,"enemies":"Jaw Worm","floor":4,"turns":5},{"damage":2,"enemies":"Small Slimes","floor":5,"turns":3},{"damage":11,"enemies":"Blue Slaver","floor":7,"turns":4},{"damage":25,"enemies":"Gremlin Gang","floor":12,"turns":4},{"damage":19,"enemies":"Lots of Slimes","floor":14,"turns":5},{"damage":29,"enemies":"Hexaghost","floor":16,"turns":12},{"damage":10,"enemies":"Shell Parasite","floor":18,"turns":6},{"damage":36,"enemies":"2 Thieves","floor":19,"turns":4},{"damage":39,"enemies":"3 Cultists","floor":20,"turns":6},{"damage":1,"enemies":"Shelled Parasite and Fungi","floor":24,"turns":2},{"damage":29,"enemies":"Book of Stabbing","floor":29,"turns":4},{"damage":14,"enemies":"Snecko","floor":30,"turns":4},{"damage":22,"enemies":"Collector","floor":33,"turns":7},{"damage":9,"enemies":"Orb Walker","floor":35,"turns":2},{"damage":31,"enemies":"3 Shapes","floor":36,"turns":3},{"damage":45,"enemies":"Writhing Mass","floor":37,"turns":6},{"damage":12,"enemies":"Maw","floor":38,"turns":4}],"seed_played":"2080117078186071601","potions_obtained":[{"floor":7,"key":"FairyPotion"},{"floor":12,"key":"EntropicBrew"},{"floor":19,"key":"SteroidPotion"},{"floor":20,"key":"Dexterity Potion"},{"floor":24,"key":"EssenceOfSteel"},{"floor":30,"key":"Poison Potion"},{"floor":35,"key":"Weak Potion"},{"floor":37,"key":"AttackPotion"}],"is_trial":false,"path_per_floor":["M","$","?","M","M","R","M","R","T","R","?","M","R","M","R","B",null,"M","M","M","?","$","R","M","R","T","?","R","E","M","$","R","B",null,"M","M","M","M"],"character_chosen":"IRONCLAD","items_purchased":["Shrug It Off","Sword Boomerang","Lantern"],"campfire_rested":2,"item_purchase_floors":[2,22,22],"current_hp_per_floor":[80,80,85,84,85,85,80,80,80,80,80,61,61,48,48,25,70,66,36,14,14,14,39,44,44,44,44,44,21,13,13,38,22,69,69,47,11,0],"gold":218,"neow_bonus":"THREE_CARDS","is_prod":false,"is_daily":false,"chose_seed":false,"campfire_upgraded":7,"win_rate":0,"timestamp":1543558848,"path_taken":["M","$","?","M","M","R","M","R","T","R","?","M","R","M","R","BOSS","M","?","M","?","$","R","M","R","T","?","R","E","M","$","R","BOSS","M","?","?","?"],"build_version":"2018-11-15","purchased_purges":1,"victory":false,"max_hp_per_floor":[80,80,85,85,85,85,85,85,85,85,85,85,85,85,85,85,85,85,85,85,85,85,85,85,85,85,85,85,85,85,85,85,85,85,88,91,94,94],"card_choices":[{"not_picked":["Shockwave","Power Through"],"picked":"Heavy Blade","floor":0},{"not_picked":["Havoc","Hemokinesis","Infernal Blade"],"picked":"SKIP","floor":1},{"not_picked":["Thunderclap","Cleave"],"picked":"Flex","floor":4},{"not_picked":["Body Slam","Reckless Charge"],"picked":"Disarm","floor":5},{"not_picked":["Feel No Pain","Sever Soul"],"picked":"True Grit","floor":7},{"not_picked":["Twin Strike","Armaments","Warcry"],"picked":"SKIP","floor":12},{"not_picked":["Iron Wave","Warcry"],"picked":"Cleave","floor":14},{"not_picked":["Impervious","Fiend Fire"],"picked":"Offering","floor":16},{"not_picked":["Clothesline","Thunderclap"],"picked":"Heavy Blade","floor":18},{"not_picked":["Anger+1","Reckless Charge"],"picked":"Flex","floor":19},{"not_picked":["Perfected Strike","Armaments+1"],"picked":"Inflame","floor":20},{"not_picked":["Bloodletting","Searing Blow+1","Ghostly Armor"],"picked":"SKIP","floor":24},{"not_picked":["Armaments","Searing Blow"],"picked":"Flame Barrier","floor":29},{"not_picked":["Second Wind+1","Iron Wave+1"],"picked":"Feed","floor":30},{"not_picked":["Clash+1","Reckless Charge","Thunderclap"],"picked":"SKIP","floor":35},{"not_picked":["Pommel Strike","Armaments+1"],"picked":"Flame Barrier+1","floor":36},{"not_picked":["Twin Strike","Hemokinesis+1","Thunderclap+1"],"picked":"SKIP","floor":37}],"player_experience":843524,"relics_obtained":[{"floor":9,"key":"Bottled Flame"},{"floor":26,"key":"Omamori"},{"floor":26,"key":"Gremlin Horn"},{"floor":29,"key":"Potion Belt"}],"event_choices":[{"damage_healed":0,"gold_gain":0,"player_choice":"Donut","damage_taken":0,"max_hp_gain":5,"max_hp_loss":0,"event_name":"Big Fish","floor":3,"gold_loss":0},{"damage_healed":0,"gold_gain":0,"player_choice":"Forge","damage_taken":0,"max_hp_gain":0,"max_hp_loss":0,"event_name":"Accursed Blacksmith","floor":11,"gold_loss":0,"cards_upgraded":["Disarm"]},{"damage_healed":0,"gold_gain":0,"player_choice":"Opened","damage_taken":0,"relics_obtained":["Matryoshka"],"max_hp_gain":0,"max_hp_loss":0,"event_name":"The Mausoleum","floor":21,"gold_loss":0},{"damage_healed":0,"gold_gain":0,"player_choice":"Ignored","damage_taken":0,"max_hp_gain":0,"max_hp_loss":0,"event_name":"N\u0027loth","floor":27,"gold_loss":0}],"is_beta":false,"boss_relics":[{"not_picked":["Snecko Eye","Fusion Hammer"],"picked":"Mark of Pain"},{"not_picked":["Calling Bell","Black Star"],"picked":"Pandora\u0027s Box"}],"items_purged_floors":[22],"is_endless":false,"potions_floor_spawned":[7,12,19,20,24,30,35,37],"killed_by":"Maw","ascension_level":5}