{"gold_per_floor":[117,43,59,59,69,69,81,81,81,113,113],"floor_reached":11,"playtime":732,"items_purged":[],"score":102,"play_id":"846c868d-0fcf-4fc7-bd36-1c088cfaf4ca","local_time":"20181112211039","is_ascension_mode":true,"campfire_choices":[{"data":"Accuracy","floor":6,"key":"SMITH"},{"data":"Deadly Poison","floor":8,"key":"SMITH"}],"neow_cost":"NONE","seed_source_timestamp":783350649489922,"circlet_count":0,"master_deck":["Defend_G","Defend_G","Defend_G","Defend_G","Defend_G","Strike_G","Strike_G","Strike_G","Strike_G","Strike_G","Survivor","Neutralize","Backflip","Accuracy+1","Finisher+1","Backflip","Deadly Poison+1","Crippling Poison+1"],"relics":["Ring of the Snake","NeowsBlessing","Toxic Egg 2","Boot"],"potions_floor_usage":[10,10,10,11],"damage_taken":[{"damage":0,"enemies":"Cultist","floor":1,"turns":1},{"damage":0,"enemies":"Jaw Worm","floor":3,"turns":1},{"damage":0,"enemies":"Small Slimes","floor":5,"turns":1},{"damage":7,"enemies":"Blue Slaver","floor":7,"turns":6},{"damage":51,"enemies":"3 Sentries","floor":10,"turns":18},{"damage":5,"enemies":"Red Slaver","floor":11,"turns":2}],"seed_played":"3573474066737954794","potions_obtained":[{"floor":5,"key":"EntropicBrew"},{"floor":10,"key":"SneckoOil"}],"is_trial":false,"path_per_floor":["M","$","M","?","M","R","M","R","T","E","M"],"character_chosen":"THE_SILENT","items_purchased":["Accuracy"],"campfire_rested":0,"item_purchase_floors":[2],"current_hp_per_floor":[63,63,63,63,63,63,56,56,56,5,0],"gold":113,"neow_bonus":"THREE_ENEMY_KILL","is_prod":false,"is_daily":false,"chose_seed":false,"campfire_upgraded":2,"win_rate":0,"timestamp":1542075039,"path_taken":["M","$","?","?","?","R","M","R","T","E","M"],"build_version":"2018-11-08","purchased_purges":0,"victory":false,"max_hp_per_floor":[70,70,70,70,70,70,70,70,70,70,70],"card_choices":[{"not_picked":["Sucker Punch","Deflect"],"picked":"Backflip","floor":1},{"not_picked":["Underhanded Strike","Acrobatics"],"picked":"Finisher","floor":3},{"not_picked":["Prepared","Skewer"],"picked":"Backflip","floor":5},{"not_picked":["Poisoned Stab","Bullet Time"],"picked":"Deadly Poison","floor":7},{"not_picked":["Prepared+1","Outmaneuver+1"],"picked":"Crippling Poison+1","floor":10}],"player_experience":803095,"relics_obtained":[{"floor":9,"key":"Toxic Egg 2"},{"floor":10,"key":"Boot"}],"event_choices":[{"damage_healed":0,"gold_gain":0,"player_choice":"Upgraded","damage_taken":0,"max_hp_gain":0,"max_hp_loss":0,"event_name":"Upgrade Shrine","floor":4,"gold_loss":0,"cards_upgraded":["Finisher"]}],"is_beta":false,"boss_relics":[],"items_purged_floors":[],"is_endless":false,"potions_floor_spawned":[5,10],"killed_by":"Red Slaver","ascension_level":8}