{"gold_per_floor":[119,131,148,164,164,164,195,195,195,195,195,223,223,238,238,334,334,346,364,384,70,70,101,101,120,192,218,318,318,329,363,363,464,464,480,87,101,1,19,19,39,52,52,52,95,133,165,207,219,231],"floor_reached":51,"playtime":5476,"items_purged":["Defend_G","Strike_G"],"score":1283,"play_id":"4ca6b1a2-43cf-47fb-aeee-7c938c8ce751","local_time":"20190303002800","is_ascension_mode":true,"campfire_choices":[{"data":"Quick Slash","floor":6,"key":"SMITH"},{"data":"Poisoned Stab","floor":8,"key":"SMITH"},{"floor":10,"key":"REST"},{"data":"Neutralize","floor":13,"key":"SMITH"},{"data":"Deadly Poison","floor":15,"key":"SMITH"},{"floor":24,"key":"REST"},{"floor":29,"key":"REST"},{"floor":32,"key":"DIG"},{"floor":40,"key":"DIG"},{"floor":44,"key":"DIG"},{"floor":49,"key":"DIG"}],"neow_cost":"NONE","seed_source_timestamp":273047979040211,"circlet_count":0,"master_deck":["AscendersBane","Defend_G","Defend_G","Defend_G","Strike_G","Strike_G+1","Strike_G+1","Survivor","Neutralize+1","Deadly Poison+1","PiercingWail","Quick Slash+1","Poisoned Stab+1","Corpse Explosion+1","Footwork","Dodge and Roll+1","Well Laid Plans","Acrobatics+1","Deflect+1","Doppelganger+1","Leg Sweep+1","Escape Plan+1","Noxious Fumes","Parasite","Escape Plan+1","PiercingWail+1"],"relics":["Ring of the Snake","Question Card","Toxic Egg 2","Meat on the Bone","FossilizedHelix","Fusion Hammer","Mummified Hand","Ancient Tea Set","Dodecahedron","Art of War","Shovel","Bronze Scales","Eternal Feather","Paper Crane","Mercury Hourglass","Pantograph","MawBank","The Specimen","Whetstone","Snake Skull","Ice Cream"],"potions_floor_usage":[7,16,16,27,30,33,33,41,42,47,48,50],"damage_taken":[{"damage":9,"enemies":"Jaw Worm","floor":1,"turns":6},{"damage":0,"enemies":"Small Slimes","floor":2,"turns":5},{"damage":0,"enemies":"Cultist","floor":3,"turns":4},{"damage":0,"enemies":"Exordium Wildlife","floor":4,"turns":6},{"damage":30,"enemies":"Lagavulin","floor":7,"turns":5},{"damage":22,"enemies":"3 Sentries","floor":12,"turns":9},{"damage":0,"enemies":"Red Slaver","floor":14,"turns":4},{"damage":29,"enemies":"Slime Boss","floor":16,"turns":11},{"damage":1,"enemies":"3 Byrds","floor":18,"turns":4},{"damage":0,"enemies":"Spheric Guardian","floor":19,"turns":3},{"damage":12,"enemies":"Shelled Parasite and Fungi","floor":20,"turns":7},{"damage":10,"enemies":"Book of Stabbing","floor":23,"turns":6},{"damage":22,"enemies":"Sentry and Sphere","floor":25,"turns":6},{"damage":0,"enemies":"Gremlin Leader","floor":27,"turns":8},{"damage":0,"enemies":"Snecko","floor":30,"turns":4},{"damage":3,"enemies":"Slavers","floor":31,"turns":3},{"damage":33,"enemies":"Automaton","floor":33,"turns":12},{"damage":0,"enemies":"3 Shapes","floor":35,"turns":3},{"damage":0,"enemies":"3 Darklings","floor":37,"turns":3},{"damage":12,"enemies":"Jaw Worm Horde","floor":39,"turns":3},{"damage":0,"enemies":"Sphere and 2 Shapes","floor":41,"turns":3},{"damage":0,"enemies":"Writhing Mass","floor":42,"turns":6},{"damage":10,"enemies":"Reptomancer","floor":45,"turns":8},{"damage":0,"enemies":"3 Darklings","floor":47,"turns":3},{"damage":0,"enemies":"Nemesis","floor":48,"turns":7},{"damage":10,"enemies":"Donu and Deca","floor":50,"turns":7}],"seed_played":"-5743923535615266487","potions_obtained":[{"floor":2,"key":"Poison Potion"},{"floor":12,"key":"Poison Potion"},{"floor":14,"key":"EssenceOfSteel"},{"floor":18,"key":"Ancient Potion"},{"floor":25,"key":"LiquidBronze"},{"floor":27,"key":"Swift Potion"},{"floor":31,"key":"Block Potion"},{"floor":33,"key":"Strength Potion"},{"floor":39,"key":"Ancient Potion"},{"floor":41,"key":"AttackPotion"},{"floor":42,"key":"Energy Potion"},{"floor":45,"key":"Swift Potion"},{"floor":47,"key":"PowerPotion"}],"is_trial":false,"path_per_floor":["M","M","M","M","?","R","E","R","T","R","?","E","R","M","R","B",null,"M","M","M","$","?","E","R","M","T","E","?","R","M","E","R","B",null,"M","$","M","$","M","R","M","M","T","R","E","T","M","E","R","B",null],"character_chosen":"THE_SILENT","items_purchased":["Mummified Hand","Well Laid Plans","Leg Sweep+1","Paper Crane"],"campfire_rested":3,"item_purchase_floors":[21,21,36,36],"current_hp_per_floor":[61,61,61,61,54,54,24,24,24,47,44,34,34,46,46,29,65,64,64,52,52,52,42,65,43,43,43,43,66,66,63,63,42,68,68,68,68,68,56,68,68,68,68,77,67,67,67,67,77,67],"gold":243,"neow_bonus":"TEN_PERCENT_HP_BONUS","is_prod":false,"is_daily":false,"chose_seed":false,"campfire_upgraded":4,"win_rate":0,"timestamp":1551590880,"path_taken":["M","M","M","M","?","R","E","R","T","R","?","E","R","M","R","BOSS","M","M","M","$","?","E","R","?","T","E","?","R","M","E","R","BOSS","M","$","M","$","M","R","M","M","T","R","E","?","M","E","R","BOSS"],"build_version":"2019-01-23","purchased_purges":2,"victory":true,"max_hp_per_floor":[77,77,77,77,77,77,77,77,77,77,77,77,77,77,77,77,77,77,77,77,77,77,77,77,77,77,77,77,77,77,77,77,77,77,77,77,77,77,77,77,77,77,77,77,77,77,77,77,77,77],"card_choices":[{"not_picked":["Backflip","Deflect"],"picked":"Deadly Poison","floor":1},{"not_picked":["Backflip","Deflect"],"picked":"PiercingWail","floor":2},{"not_picked":["Deadly Poison","Dodge and Roll","Outmaneuver"],"picked":"SKIP","floor":3},{"not_picked":["Underhanded Strike","Outmaneuver"],"picked":"Quick Slash","floor":4},{"not_picked":["A Thousand Cuts","Blade Dance"],"picked":"Poisoned Stab","floor":7},{"not_picked":["Prepared+1","Endless Agony","Underhanded Strike","Setup+1"],"picked":"SKIP","floor":12},{"not_picked":["Blade Dance+1","Concentrate+1","Poisoned Stab","Sucker Punch"],"picked":"SKIP","floor":14},{"not_picked":["Malaise+1","Die Die Die","Storm of Steel+1"],"picked":"Corpse Explosion+1","floor":16},{"not_picked":["Finisher+1","Quick Slash","PiercingWail+1","Outmaneuver+1"],"picked":"SKIP","floor":18},{"not_picked":["Cloak And Dagger+1","Underhanded Strike","Quick Slash"],"picked":"Footwork","floor":19},{"not_picked":["Accuracy","All Out Attack","Acrobatics+1"],"picked":"Dodge and Roll+1","floor":20},{"not_picked":["Reflex+1","Die Die Die","Bane","Dagger Spray"],"picked":"SKIP","floor":23},{"not_picked":["Dodge and Roll+1","Tactician+1","Expertise+1"],"picked":"Acrobatics+1","floor":25},{"not_picked":["PiercingWail+1","Bane","All Out Attack"],"picked":"Deflect+1","floor":27},{"not_picked":["Acrobatics+1","Masterful Stab","Endless Agony+1","Caltrops"],"picked":"SKIP","floor":30},{"not_picked":["Poisoned Stab","Endless Agony","Unload","Deadly Poison+1"],"picked":"SKIP","floor":31},{"not_picked":["Wraith Form v2","Adrenaline+1","Phantasmal Killer+1"],"picked":"Doppelganger+1","floor":33},{"not_picked":["Finisher","Cloak And Dagger+1","Prepared+1","Sucker Punch"],"picked":"SKIP","floor":35},{"not_picked":["Deflect+1","Concentrate+1","Masterful Stab"],"picked":"Escape Plan+1","floor":37},{"not_picked":["Dagger Spray+1","Backflip+1","Poisoned Stab"],"picked":"Noxious Fumes","floor":39},{"not_picked":["Bane","Outmaneuver+1","Corpse Explosion+1","Dodge and Roll+1"],"picked":"SKIP","floor":41},{"not_picked":["Reflex+1","Blade Dance+1","Concentrate+1","Setup+1"],"picked":"SKIP","floor":42},{"not_picked":["Bouncing Flask+1","Flechettes","Calculated Gamble+1"],"picked":"Escape Plan+1","floor":45},{"not_picked":["Leg Sweep+1","Underhanded Strike","Predator+1","Acrobatics+1"],"picked":"SKIP","floor":47},{"not_picked":["Sucker Punch","Dash","Wraith Form v2"],"picked":"PiercingWail+1","floor":48}],"player_experience":356753,"relics_obtained":[{"floor":7,"key":"Question Card"},{"floor":9,"key":"Toxic Egg 2"},{"floor":12,"key":"FossilizedHelix"},{"floor":23,"key":"Ancient Tea Set"},{"floor":26,"key":"Dodecahedron"},{"floor":27,"key":"Art of War"},{"floor":31,"key":"Shovel"},{"floor":32,"key":"Bronze Scales"},{"floor":40,"key":"Mercury Hourglass"},{"floor":43,"key":"Pantograph"},{"floor":44,"key":"MawBank"},{"floor":45,"key":"The Specimen"},{"floor":46,"key":"Whetstone"},{"floor":48,"key":"Snake Skull"},{"floor":49,"key":"Ice Cream"}],"event_choices":[{"cards_removed":["Strike_G"],"damage_healed":0,"gold_gain":0,"player_choice":"Card Removal","damage_taken":7,"max_hp_gain":0,"max_hp_loss":0,"event_name":"Golden Wing","floor":5,"gold_loss":0},{"damage_healed":0,"gold_gain":0,"player_choice":"Success","damage_taken":3,"relics_obtained":["Meat on the Bone"],"max_hp_gain":0,"max_hp_loss":0,"event_name":"Scrap Ooze","floor":11,"gold_loss":0},{"cards_removed":["Defend_G"],"damage_healed":0,"gold_gain":0,"player_choice":"Purged","damage_taken":0,"max_hp_gain":0,"max_hp_loss":0,"event_name":"Purifier","floor":22,"gold_loss":0},{"damage_healed":0,"gold_gain":100,"player_choice":"Pray","damage_taken":0,"max_hp_gain":0,"max_hp_loss":0,"event_name":"Golden Shrine","floor":28,"gold_loss":0}],"is_beta":false,"boss_relics":[{"not_picked":["Calling Bell","Ring of the Serpent"],"picked":"Fusion Hammer"},{"not_picked":["Lizard Tail","Runic Pyramid"],"picked":"Eternal Feather"}],"items_purged_floors":[36,38],"is_endless":false,"potions_floor_spawned":[2,12,14,18,25,27,31,33,39,41,42,45,47],"ascension_level":12}