{"path_per_floor":["M","M","$","?","?","E","$","R","T","$","?","M","M","M","R","B",null,"M","$","?","?","M","E","$"],"character_chosen":"IRONCLAD","items_purchased":["Shrug It Off","Flex","Metallicize"],"gold_per_floor":[109,119,17,17,17,50,50,50,123,23,23,33,52,63,63,158,158,171,0,0,0,13,40,1,1],"floor_reached":25,"campfire_rested":1,"playtime":839,"current_hp_per_floor":[80,79,79,79,84,58,58,58,58,58,51,53,43,37,62,35,85,46,46,46,46,40,8,8,0],"items_purged":["Strike_R","Strike_R","Defend_R"],"gold":1,"score":293,"play_id":"50b95c0e-da42-4207-8893-a9500f692e3d","local_time":"20180322215145","is_prod":false,"is_daily":false,"is_ascension_mode":true,"campfire_upgraded":1,"timestamp":1521769905,"path_taken":["M","?","$","?","?","E","?","R","T","$","?","M","M","M","R","BOSS","M","$","?","?","M","E","?","M"],"build_version":"2018-03-22","purchased_purges":3,"victory":false,"master_deck":["Strike_R","Strike_R","Strike_R","Defend_R","Defend_R","Bash","Heavy Blade+1","True Grit","Shrug It Off","Demon Form+1","Bloodletting","Limit Break","Flex","Heavy Blade+1","Writhe","Metallicize"],"max_hp_per_floor":[80,80,80,80,85,85,85,85,85,85,85,85,85,85,85,85,85,85,85,85,85,85,85,85,85],"relics":["Burning Blood","Toolbox","Gremlin Horn","Sozu","Molten Egg 2","Oddly Smooth Stone"],"card_choices":[{"not_picked":["Anger","Sword Boomerang"],"picked":"Heavy Blade","floor":0},{"not_picked":["Pommel Strike","Anger"],"picked":"True Grit","floor":1},{"not_picked":["Anger","Reaper"],"picked":"Demon Form","floor":6},{"not_picked":["Pommel Strike","Perfected Strike"],"picked":"Bloodletting","floor":14},{"not_picked":["Exhume","Berserk"],"picked":"Limit Break","floor":16}],"player_experience":323256,"potions_floor_usage":[16,23,23],"damage_taken":[{"damage":6,"enemies":"Cultist","floor":1,"turns":3},{"damage":7,"enemies":"Jaw Worm","floor":2,"turns":3},{"damage":32,"enemies":"Gremlin Nob","floor":6,"turns":4},{"damage":4,"enemies":"Small Slimes","floor":12,"turns":2},{"damage":16,"enemies":"Blue Slaver","floor":13,"turns":4},{"damage":12,"enemies":"Exordium Wildlife","floor":14,"turns":3},{"damage":33,"enemies":"Slime Boss","floor":16,"turns":5},{"damage":45,"enemies":"2 Thieves","floor":18,"turns":4},{"damage":12,"enemies":"Chosen","floor":22,"turns":3},{"damage":38,"enemies":"Book of Stabbing","floor":23,"turns":4},{"damage":10,"enemies":"Snake Plant","floor":25,"turns":1}],"event_choices":[{"event_name":"Living Wall","player_choice":"Grow","floor":4,"damage_taken":0},{"event_name":"Big Fish","player_choice":"Donut","floor":5,"damage_taken":0},{"event_name":"Golden Wing","player_choice":"Card Removal","floor":11,"damage_taken":0},{"event_name":"Duplicator","player_choice":"One dupe","floor":20,"damage_taken":0},{"event_name":"The Mausoleum","player_choice":"Yes","floor":21,"damage_taken":0}],"boss_relics":[{"not_picked":["Black Star","Ectoplasm"],"picked":"Sozu"}],"potions_floor_spawned":[2,14,16,18],"seed_played":"-7792060264770969289","killed_by":"Snake Plant","ascension_level":4,"is_trial":false}