{"gold_per_floor":[119,119,135,155,171,171,206,206,206,239,251,251,263,280,280,379,379,398,17,33,33,50,50,50,50],"floor_reached":25,"playtime":2422,"items_purged":["Normality"],"score":247,"play_id":"ea33fae7-b8e4-4c67-b233-c1b90c8b2532","local_time":"20190228125829","is_ascension_mode":true,"campfire_choices":[{"data":"Infinite Blades","floor":6,"key":"SMITH"},{"data":"Accuracy","floor":8,"key":"SMITH"},{"floor":15,"key":"REST"},{"data":"Envenom","floor":23,"key":"SMITH"}],"neow_cost":"NONE","seed_source_timestamp":674992442187463,"circlet_count":0,"master_deck":["Defend_G","Defend_G","Defend_G","Defend_G","Defend_G","Strike_G","Strike_G","Strike_G","Strike_G","Survivor","Neutralize","Accuracy+1","Cloak And Dagger","Infinite Blades+1","Expertise","Glass Knife+1","Dodge and Roll+1","Finisher+1","Backflip","Footwork","Envenom+1","Injury","Normality","Accuracy+1","Choke+1","Necronomicurse"],"relics":["Ring of the Snake","NeowsBlessing","Art of War","Happy Flower","Molten Egg 2","Calling Bell","Potion Belt","Question Card","Bird Faced Urn","Blue Candle","Necronomicon"],"potions_floor_usage":[11,16,16,22],"damage_taken":[{"damage":0,"enemies":"Small Slimes","floor":1,"turns":1},{"damage":0,"enemies":"Cultist","floor":3,"turns":1},{"damage":0,"enemies":"2 Louse","floor":4,"turns":1},{"damage":3,"enemies":"2 Fungi Beasts","floor":5,"turns":5},{"damage":26,"enemies":"Gremlin Nob","floor":7,"turns":5},{"damage":12,"enemies":"Lagavulin","floor":10,"turns":6},{"damage":0,"enemies":"Lots of Slimes","floor":11,"turns":1},{"damage":0,"enemies":"Looter","floor":13,"turns":3},{"damage":1,"enemies":"Exordium Wildlife","floor":14,"turns":3},{"damage":10,"enemies":"The Guardian","floor":16,"turns":10},{"damage":10,"enemies":"3 Byrds","floor":18,"turns":6},{"damage":26,"enemies":"Spheric Guardian","floor":20,"turns":6},{"damage":26,"enemies":"3 Cultists","floor":22,"turns":6},{"damage":22,"enemies":"Slavers","floor":25,"turns":3}],"seed_played":"-3127837267818841599","potions_obtained":[{"floor":1,"key":"Explosive Potion"},{"floor":4,"key":"Explosive Potion"},{"floor":10,"key":"Swift Potion"},{"floor":13,"key":"PowerPotion"},{"floor":16,"key":"Fire Potion"}],"is_trial":false,"path_per_floor":["M","?","M","M","M","R","E","R","T","E","M","?","M","M","R","B",null,"M","$","M","?","M","R","?","E"],"character_chosen":"THE_SILENT","items_purchased":["Blue Candle","Choke+1"],"campfire_rested":1,"item_purchase_floors":[19,19],"current_hp_per_floor":[70,70,70,70,67,67,41,41,41,29,29,15,15,14,35,25,70,66,66,50,50,32,32,16,0],"gold":50,"neow_bonus":"THREE_ENEMY_KILL","is_prod":false,"is_daily":false,"chose_seed":false,"campfire_upgraded":3,"win_rate":0,"timestamp":1551355109,"path_taken":["M","?","?","M","M","R","E","R","T","E","M","?","M","M","R","BOSS","M","$","M","?","?","R","?","E"],"build_version":"2019-01-23","purchased_purges":1,"victory":false,"max_hp_per_floor":[70,70,70,70,70,70,70,70,70,70,70,70,70,70,70,70,70,70,70,70,70,70,70,70,70],"card_choices":[{"not_picked":["Caltrops","Deflect"],"picked":"Accuracy","floor":1},{"not_picked":["Prepared","Deflect"],"picked":"Cloak And Dagger","floor":3},{"not_picked":["Blade Dance","Dash"],"picked":"Infinite Blades","floor":4},{"not_picked":["Deflect","Dagger Throw"],"picked":"Expertise","floor":5},{"not_picked":["Setup","All Out Attack"],"picked":"Glass Knife","floor":7},{"not_picked":["Masterful Stab","Eviscerate"],"picked":"Dodge and Roll","floor":10},{"not_picked":["Blur","Dagger Throw+1"],"picked":"Finisher+1","floor":11},{"not_picked":["Acrobatics","PiercingWail"],"picked":"Backflip","floor":13},{"not_picked":["Bouncing Flask","Distraction"],"picked":"Footwork","floor":14},{"not_picked":["Unload+1","Die Die Die+1"],"picked":"Envenom","floor":16},{"not_picked":["Cloak And Dagger","Skewer+1","Slice+1"],"picked":"Accuracy+1","floor":18},{"not_picked":["Flying Knee+1","Masterful Stab+1","Setup","Expertise"],"picked":"SKIP","floor":20},{"not_picked":["Deadly Poison+1","Sucker Punch+1","Unload+1","Underhanded Strike+1"],"picked":"SKIP","floor":22}],"player_experience":382653,"relics_obtained":[{"floor":7,"key":"Art of War"},{"floor":9,"key":"Happy Flower"},{"floor":10,"key":"Molten Egg 2"},{"floor":17,"key":"Potion Belt"},{"floor":17,"key":"Question Card"},{"floor":17,"key":"Bird Faced Urn"},{"floor":24,"key":"Necronomicon"}],"event_choices":[{"damage_healed":0,"gold_gain":0,"player_choice":"Bought 0 Potions","damage_taken":0,"max_hp_gain":0,"max_hp_loss":0,"event_name":"The Woman in Blue","floor":2,"gold_loss":0},{"damage_healed":0,"gold_gain":0,"player_choice":"Entered Light","damage_taken":14,"max_hp_gain":0,"max_hp_loss":0,"event_name":"Shining Light","floor":12,"gold_loss":0,"cards_upgraded":["Dodge and Roll","Glass Knife"]},{"cards_removed":["Strike_G"],"damage_healed":0,"gold_gain":0,"player_choice":"Offered Basic","damage_taken":0,"max_hp_gain":0,"max_hp_loss":0,"event_name":"Bonfire Elementals","floor":21,"gold_loss":0},{"damage_healed":0,"gold_gain":0,"player_choice":"Obtained Book","damage_taken":16,"max_hp_gain":0,"max_hp_loss":0,"event_name":"Cursed Tome","floor":24,"gold_loss":0}],"is_beta":false,"boss_relics":[{"not_picked":["Snecko Eye","Tiny House"],"picked":"Calling Bell"}],"items_purged_floors":[19],"is_endless":false,"potions_floor_spawned":[1,4,10,13,16],"killed_by":"Slavers","ascension_level":3}