{"path_per_floor":["M","?","?","?","?","E","R","M","T","?","$","$","M","M","R","B",null,"M","T","$","M","M","R","M","E","T","M","M","$","E","T","R","B",null,"M","M","$","M","M","R","M","M","T","R","M","?","M","T","R","B"],"character_chosen":"IRONCLAD","items_purchased":["Molten Egg 2","Whirlwind"],"gold_per_floor":[11,11,11,261,261,304,304,304,330,280,280,22,36,56,56,180,180,204,204,52,68,84,84,109,153,183,202,225,125,158,184,184,312,312,333,352,227,250,265,265,284,300,327,327,347,347,360,383,383,383],"floor_reached":51,"campfire_rested":3,"playtime":2578,"current_hp_per_floor":[80,74,74,74,79,34,34,37,37,37,37,37,43,43,43,23,79,66,86,86,83,80,80,75,74,80,86,78,78,69,75,75,14,111,111,99,99,52,58,91,78,55,61,96,81,81,87,93,123,7],"items_purged":["Clumsy","Regret","Clumsy"],"gold":383,"play_id":"b3b9bcc1-f850-4c4c-b348-431ab67234a3","is_prod":false,"is_daily":false,"is_ascension_mode":true,"campfire_upgraded":4,"path_taken":["M","?","?","?","?","E","R","?","T","?","?","$","M","M","R","BOSS","M","?","?","M","M","R","M","E","T","?","M","$","E","?","R","BOSS","M","M","$","M","M","R","M","M","T","R","M","?","M","?","R","BOSS"],"build_version":"2018-02-01-PROD1","purchased_purges":3,"victory":true,"master_deck":["Strike_R","Strike_R","Strike_R","Strike_R","Strike_R","Defend_R","Defend_R","Bash","Intimidate+1","Evolve","Uppercut+1","True Grit","Dropkick+1","Shockwave+1","Double Tap+1","Spot Weakness+1","Shrug It Off","Whirlwind+1","Iron Wave+1","Limit Break+1","Pommel Strike+1","Shrug It Off","Doubt"],"max_hp_per_floor":[80,74,74,74,79,79,79,79,79,79,79,79,79,79,79,79,79,79,99,99,99,99,99,99,99,105,105,105,105,105,111,111,111,111,111,111,111,111,111,111,111,111,117,117,117,117,117,123,123,123],"relics":["Burning Blood","Golden Idol","Darkstone Periapt","Prayer Wheel","Molten Egg 2","Cursed Key","Mango","Art of War","Tiny Chest","Bag of Preparation","Bag of Marbles","Philosopher\u0027s Stone","War Paint","Blood Vial"],"card_choices":[{"not_picked":["Flex","Twin Strike"],"picked":"Evolve"},{"not_picked":["Shrug It Off","Shockwave"],"picked":"Uppercut"},{"not_picked":["Twin Strike","Seeing Red"],"picked":"True Grit"},{"not_picked":["Cleave","Ghostly Armor"],"picked":"Dropkick"},{"not_picked":["Fire Breathing","Warcry"],"picked":"Shockwave"},{"not_picked":["Juggernaut","Immolate"],"picked":"Double Tap"},{"not_picked":["Disarm","Clash"],"picked":"Spot Weakness"},{"not_picked":["Dual Wield","Body Slam"],"picked":"Shrug It Off"},{"not_picked":["Perfected Strike","Sever Soul"],"picked":"Iron Wave"},{"not_picked":["Flame Barrier","Cleave"],"picked":"Limit Break"},{"not_picked":["Fire Breathing","Iron Wave"],"picked":"Pommel Strike"},{"not_picked":["Rupture","Thunderclap"],"picked":"Shrug It Off"}],"player_experience":201770,"potions_floor_usage":[16,18,22,25,30,30,30,38,42,50,50],"damage_taken":[{"damage":5,"enemies":"Jaw Worm","floor":1,"turns":4},{"damage":51,"enemies":"Gremlin Nob","floor":6,"turns":5},{"damage":3,"enemies":"Small Slimes","floor":8,"turns":3},{"damage":0,"enemies":"2 Louse","floor":13,"turns":2},{"damage":6,"enemies":"Looter","floor":14,"turns":3},{"damage":26,"enemies":"The Guardian","floor":16,"turns":9},{"damage":19,"enemies":"2 Thieves","floor":18,"turns":4},{"damage":9,"enemies":"Chosen","floor":21,"turns":4},{"damage":9,"enemies":"Slaver and Parasite","floor":22,"turns":5},{"damage":11,"enemies":"Centurion and Healer","floor":24,"turns":5},{"damage":22,"enemies":"Gremlin Leader","floor":25,"turns":6},{"damage":0,"enemies":"Chosen and Byrds","floor":27,"turns":4},{"damage":14,"enemies":"Snake Plant","floor":28,"turns":3},{"damage":15,"enemies":"Book of Stabbing","floor":30,"turns":3},{"damage":67,"enemies":"Collector","floor":33,"turns":8},{"damage":0,"enemies":"3 Darklings","floor":35,"turns":1},{"damage":18,"enemies":"Orb Walker","floor":36,"turns":3},{"damage":53,"enemies":"Sphere and 2 Shapes","floor":38,"turns":3},{"damage":0,"enemies":"3 Darklings","floor":39,"turns":1},{"damage":19,"enemies":"Maw","floor":41,"turns":7},{"damage":29,"enemies":"Sphere and 2 Shapes","floor":42,"turns":4},{"damage":21,"enemies":"4 Shapes","floor":45,"turns":3},{"damage":0,"enemies":"3 Darklings","floor":47,"turns":1},{"damage":122,"enemies":"Time Eater","floor":50,"turns":8}],"event_choices":[{"event_name":"Golden Idol","player_choice":"Lose Max HP","floor":2,"damage_taken":0},{"event_name":"Living Wall","player_choice":"Forget","floor":3,"damage_taken":0},{"event_name":"Golden Shrine","player_choice":"Desecrate","floor":4,"damage_taken":0},{"event_name":"Big Fish","player_choice":"Donut","floor":5,"damage_taken":0},{"event_name":"The Cleric","player_choice":"Card Removal","floor":10,"damage_taken":0},{"event_name":"Purifier","player_choice":"One Purge","floor":46,"damage_taken":0}],"boss_relics":[{"not_picked":["Pandora\u0027s Box","Velvet Choker"],"picked":"Cursed Key"},{"not_picked":["Question Card","Astrolabe"],"picked":"Philosopher\u0027s Stone"}],"potions_floor_spawned":[6,13,14,18,22,24,28,36,41,42,47],"seed_played":"2651972288421289114","ascension_level":4,"is_trial":false}