{"gold_per_floor":[213,213,213,223,155,155,185,185,264,297,224,234,264,275,275,275],"floor_reached":16,"playtime":1030,"items_purged":[],"score":153,"play_id":"b5f84388-a343-459c-bb37-0f298a402869","local_time":"20181209191411","is_ascension_mode":true,"campfire_choices":[{"data":"Noxious Fumes","floor":6,"key":"SMITH"},{"data":"Dash","floor":8,"key":"SMITH"},{"data":"Footwork","floor":15,"key":"SMITH"}],"neow_cost":"NONE","seed_source_timestamp":1371728467979080,"circlet_count":0,"master_deck":["Defend_G","Defend_G","Defend_G","Defend_G","Defend_G","Strike_G","Strike_G","Strike_G","Strike_G","Strike_G","Survivor","Neutralize+1","Dash+1","Cloak And Dagger","Noxious Fumes+1","Cloak And Dagger","Sucker Punch","Footwork+1","Backflip","Blur","Deadly Poison"],"relics":["Ring of the Snake","Strawberry","Tiny Chest","Art of War","Bottled Tornado"],"potions_floor_usage":[7,13,14,16],"damage_taken":[{"damage":2,"enemies":"2 Louse","floor":1,"turns":3},{"damage":0,"enemies":"Small Slimes","floor":4,"turns":3},{"damage":8,"enemies":"Gremlin Nob","floor":7,"turns":4},{"damage":19,"enemies":"Lagavulin","floor":10,"turns":8},{"damage":0,"enemies":"Jaw Worm","floor":12,"turns":4},{"damage":12,"enemies":"Gremlin Nob","floor":13,"turns":4},{"damage":9,"enemies":"Large Slime","floor":14,"turns":5},{"damage":25,"enemies":"Slime Boss","floor":16,"turns":9}],"seed_played":"-1356487932695752285","potions_obtained":[{"floor":1,"key":"EssenceOfSteel"},{"floor":12,"key":"AttackPotion"},{"floor":13,"key":"Explosive Potion"},{"floor":14,"key":"Explosive Potion"}],"is_trial":false,"path_per_floor":["M","?","?","M","$","R","E","R","T","E","$","M","E","M","R","B"],"character_chosen":"THE_SILENT","items_purchased":["Noxious Fumes","Footwork"],"campfire_rested":0,"item_purchase_floors":[5,11],"current_hp_per_floor":[61,61,61,61,61,61,60,60,60,41,41,41,29,20,20,0],"gold":275,"neow_bonus":"HUNDRED_GOLD","is_prod":false,"is_daily":false,"chose_seed":false,"campfire_upgraded":3,"win_rate":0,"timestamp":1544400851,"path_taken":["M","?","?","?","$","R","E","R","T","E","$","M","E","M","R","BOSS"],"build_version":"2018-12-06","purchased_purges":0,"victory":false,"max_hp_per_floor":[70,70,70,70,70,70,77,77,77,77,77,77,77,77,77,77],"card_choices":[{"not_picked":["Infinite Blades","Heel Hook"],"picked":"Dash","floor":1},{"not_picked":["Expertise","Dagger Throw"],"picked":"Cloak And Dagger","floor":4},{"not_picked":["Deadly Poison","Escape Plan"],"picked":"Cloak And Dagger","floor":7},{"not_picked":["Deadly Poison","Corpse Explosion"],"picked":"Sucker Punch","floor":10},{"not_picked":["Deadly Poison","PiercingWail"],"picked":"Backflip","floor":12},{"not_picked":["Phantasmal Killer","Terror"],"picked":"Blur","floor":13},{"not_picked":["Predator","Outmaneuver"],"picked":"Deadly Poison","floor":14}],"player_experience":296465,"relics_obtained":[{"floor":7,"key":"Strawberry"},{"floor":9,"key":"Tiny Chest"},{"floor":10,"key":"Art of War"},{"floor":13,"key":"Bottled Tornado"}],"event_choices":[{"damage_healed":0,"gold_gain":0,"player_choice":"Grow","damage_taken":0,"max_hp_gain":0,"max_hp_loss":0,"event_name":"Living Wall","floor":2,"gold_loss":0,"cards_upgraded":["Neutralize"]},{"damage_healed":0,"gold_gain":0,"player_choice":"Leave","damage_taken":0,"max_hp_gain":0,"max_hp_loss":0,"event_name":"The Cleric","floor":3,"gold_loss":0}],"is_beta":false,"boss_relics":[],"items_purged_floors":[],"is_endless":false,"potions_floor_spawned":[1,12,13,14],"killed_by":"Slime Boss","ascension_level":6}