{"path_per_floor":["M","M","$","M","M","R","M","?","T","?","M","E","$","M","R","B",null,"M","?","?","?","?","R","M","R","T","?","?"],"character_chosen":"IRONCLAD","items_purchased":["Ornamental Fan","Juzu Bracelet"],"gold_per_floor":[115,130,55,75,90,90,105,105,175,350,363,395,4,15,15,114,114,134,134,84,84,84,84,94,94,94,9,9],"floor_reached":29,"campfire_rested":1,"playtime":1380,"current_hp_per_floor":[80,80,80,80,76,76,70,70,70,70,79,54,54,54,54,34,80,42,42,42,42,42,42,18,42,42,42,27],"items_purged":["Defend_R"],"gold":9,"score":223,"play_id":"9e901f37-67fc-4685-910d-c356a08ac68a","is_prod":false,"is_daily":false,"is_ascension_mode":false,"campfire_upgraded":3,"path_taken":["M","?","$","M","?","R","M","?","T","?","M","E","$","M","R","BOSS","M","?","?","?","?","R","M","R","T","?","?","E"],"build_version":"2018-02-22-PROD2","purchased_purges":2,"victory":false,"master_deck":["Strike_R+1","Strike_R+1","Strike_R+1","Strike_R+1","Strike_R+1","Defend_R+1","Defend_R+1","Bash","Armaments+1","Pommel Strike","Inflame","Dual Wield","Twin Strike","Pommel Strike","Shrug It Off","Reaper","Doubt","Infernal Blade","Perfected Strike+1","Demon Form+1","Juggernaut","Juggernaut","Thunderclap","Thunderclap","Combust","Shockwave+1"],"max_hp_per_floor":[80,80,80,80,80,80,80,80,80,80,80,80,80,80,80,80,80,80,80,80,80,80,80,80,80,80,80,85],"relics":["Burning Blood","Paper Frog","Ornamental Fan","Juzu Bracelet","Orrery","Nloth\u0027s Gift","Red Skull","Omamori"],"card_choices":[{"not_picked":["Heavy Blade","Feel No Pain"],"picked":"Pommel Strike"},{"not_picked":["Second Wind","Fire Breathing"],"picked":"Inflame"},{"not_picked":["Anger","True Grit"],"picked":"Dual Wield"},{"not_picked":["Armaments","Combust"],"picked":"Twin Strike"},{"not_picked":["Warcry","Heavy Blade"],"picked":"Pommel Strike"},{"not_picked":["Clothesline","Sword Boomerang"],"picked":"Infernal Blade"},{"not_picked":["True Grit","Power Through"],"picked":"Perfected Strike"},{"not_picked":["Headbutt","Intimidate"],"picked":"Demon Form"},{"not_picked":["Exhume","Immolate"],"picked":"Juggernaut"},{"not_picked":["Evolve","Rage"],"picked":"Juggernaut"},{"not_picked":["Burning Pact","Wild Strike"],"picked":"Thunderclap"},{"not_picked":["Flex","True Grit"],"picked":"Thunderclap"},{"not_picked":["Flex","Warcry"],"picked":"Combust"},{"not_picked":["Clash","Clothesline"],"picked":"Shockwave"}],"player_experience":51692,"potions_floor_usage":[12,16,16,29],"damage_taken":[{"damage":4,"enemies":"Cultist","floor":1,"turns":4},{"damage":0,"enemies":"Jaw Worm","floor":2,"turns":3},{"damage":0,"enemies":"2 Louse","floor":4,"turns":2},{"damage":10,"enemies":"Looter","floor":5,"turns":4},{"damage":12,"enemies":"3 Louse","floor":7,"turns":5},{"damage":11,"enemies":"2 Fungi Beasts","floor":11,"turns":4},{"damage":38,"enemies":"Lagavulin","floor":12,"turns":8},{"damage":6,"enemies":"Looter","floor":14,"turns":2},{"damage":46,"enemies":"The Guardian","floor":16,"turns":9},{"damage":60,"enemies":"3 Byrds","floor":18,"turns":6},{"damage":30,"enemies":"2 Thieves","floor":24,"turns":4},{"damage":53,"enemies":"Slavers","floor":29,"turns":2}],"event_choices":[{"event_name":"Match and Keep!","player_choice":"2 cards matched","floor":8,"damage_taken":0},{"event_name":"Match and Keep!","player_choice":"2 cards matched","floor":8,"damage_taken":0},{"event_name":"Liars Game","player_choice":"agreed","floor":10,"damage_taken":0},{"event_name":"Vampires","player_choice":"Ignored","floor":19,"damage_taken":0},{"event_name":"The Joust","player_choice":"Bet on Murderer","floor":20,"damage_taken":0},{"event_name":"N\u0027loth","player_choice":"Traded a Unceasing Top","floor":21,"damage_taken":0},{"event_name":"Back to Basics","player_choice":"Simplicity","floor":22,"damage_taken":0},{"event_name":"Addict","player_choice":"Obtained Relic","floor":27,"damage_taken":0},{"event_name":"Forgotten Altar","player_choice":"Shed Blood","floor":28,"damage_taken":0}],"boss_relics":[{"not_picked":["Eternal Feather","Black Blood"],"picked":"Orrery"}],"potions_floor_spawned":[2,4,7,12],"seed_played":"2612800635619979638","killed_by":"Slavers","ascension_level":0,"is_trial":false}