{"gold_per_floor":[109,122,122,122,136,136,169,169,169,169,185,150,150,150,150,274,274,297,321,334,11,11,37,37,48,123,123,123,202,219,239,239,344,344,364,364,24,24,44,44,56,75,99,99,99,99,99,99,99,99],"floor_reached":51,"playtime":2650,"items_purged":[],"score":1003,"play_id":"f362572b-dc00-4045-b606-3bee07b4fbca","local_time":"20190303020905","is_ascension_mode":true,"campfire_choices":[{"data":"Zap","floor":6.0,"key":"SMITH"},{"floor":10.0,"key":"REST"},{"data":"Hologram","floor":13.0,"key":"SMITH"},{"floor":15.0,"key":"REST"},{"floor":24.0,"key":"REST"},{"data":"Creative AI","floor":28.0,"key":"SMITH"},{"floor":32.0,"key":"REST"},{"data":"Self Repair","floor":40,"key":"SMITH"},{"data":"Electrodynamics","floor":46,"key":"SMITH"},{"data":"Dualcast","floor":49,"key":"SMITH"}],"neow_cost":"NONE","seed_source_timestamp":256665749858970,"circlet_count":0,"master_deck":["Defend_B","Defend_B","Defend_B","Defend_B","Zap+1","Dualcast+1","Electrodynamics+1","Hologram+1","Creative AI+1","Capacitor+1","Leap+1","Loop+1","Chaos+1","Tempest+1","Go for the Eyes+1","Conserve Battery+1","Stack+1","Self Repair+1","White Noise+1","Seek+1","Leap+1","Coolheaded+1","Conserve Battery+1","Chill+1","Leap+1","Flash of Steel"],"special_seed":0,"relics":["Cracked Core","Bloody Idol","Symbiotic Virus","Mercury Hourglass","Toxic Egg 2","Astrolabe","Oddly Smooth Stone","Potion Belt","Pantograph","Mummified Hand","Coffee Dripper","Bag of Preparation","Juzu Bracelet","Blood Vial"],"potions_floor_usage":[50,50,50],"damage_taken":[{"damage":0.0,"enemies":"Small Slimes","floor":1.0,"turns":3.0},{"damage":0.0,"enemies":"2 Louse","floor":2.0,"turns":2.0},{"damage":2.0,"enemies":"Jaw Worm","floor":5.0,"turns":3.0},{"damage":30.0,"enemies":"Gremlin Nob","floor":7.0,"turns":4.0},{"damage":7.0,"enemies":"Large Slime","floor":11.0,"turns":2.0},{"damage":0.0,"enemies":"Slime Boss","floor":16.0,"turns":5.0},{"damage":14.0,"enemies":"Shell Parasite","floor":18.0,"turns":6.0},{"damage":25.0,"enemies":"Spheric Guardian","floor":19.0,"turns":4.0},{"damage":12.0,"enemies":"Cultist and Chosen","floor":20.0,"turns":5.0},{"damage":14.0,"enemies":"Gremlin Leader","floor":23.0,"turns":7.0},{"damage":6.0,"enemies":"Chosen and Byrds","floor":25.0,"turns":5.0},{"damage":2.0,"enemies":"Snake Plant","floor":30.0,"turns":4.0},{"damage":8.0,"enemies":"Sentry and Sphere","floor":31.0,"turns":4.0},{"damage":21.0,"enemies":"Champ","floor":33.0,"turns":10.0},{"damage":6.0,"enemies":"3 Shapes","floor":35.0,"turns":2.0},{"damage":1,"enemies":"3 Darklings","floor":39,"turns":3},{"damage":19,"enemies":"Sphere and 2 Shapes","floor":41,"turns":4},{"damage":1,"enemies":"4 Shapes","floor":42,"turns":9},{"damage":16,"enemies":"Awakened One","floor":50,"turns":11}],"seed_played":"-631641729932051392","potions_obtained":[{"floor":1.0,"key":"Fire Potion"},{"floor":2.0,"key":"Ancient Potion"},{"floor":11.0,"key":"GamblersBrew"},{"floor":16.0,"key":"EssenceOfSteel"},{"floor":20.0,"key":"FearPotion"},{"floor":23.0,"key":"Energy Potion"},{"floor":25.0,"key":"Weak Potion"},{"floor":30.0,"key":"SneckoOil"},{"floor":31.0,"key":"Dexterity Potion"},{"floor":41,"key":"SkillPotion"},{"floor":42,"key":"Strength Potion"}],"is_trial":false,"path_per_floor":["M","M","?","?","M","R","E","?","T","R","M","?","R","T","R","B",null,"M","M","M","$","?","E","R","M","T","?","R","T","M","M","R","B",null,"M","?","$","?","M","R","M","M","T","$","?","R","?","?","R","B",null],"character_chosen":"DEFECT","items_purchased":["Oddly Smooth Stone","Tempest+1","Dexterity Potion","Block Potion","Bag of Preparation","Juzu Bracelet","Coolheaded+1"],"campfire_rested":4,"item_purchase_floors":[21,21,21,21,37,37,37],"current_hp_per_floor":[68,68,50,43,41,41,11,4,4,26,19,37,37,37,59,59,71,57,32,20,20,20,11,33,32,37,37,37,42,45,49,71,66,73,72,72,72,72,75,75,71,75,75,75,75,75,71,71,71,65],"gold":99,"neow_bonus":"THREE_CARDS","is_prod":false,"is_daily":false,"chose_seed":false,"campfire_upgraded":6,"win_rate":0,"timestamp":1551600545,"path_taken":["M","M","?","?","M","R","E","?","T","R","?","?","R","?","R","BOSS","M","?","?","?","?","E","R","M","T","?","R","?","M","M","R","BOSS","M","?","$","?","M","R","M","M","T","?","?","R","?","?","R","BOSS"],"build_version":"2019-01-23","purchased_purges":0,"victory":true,"max_hp_per_floor":[75,75,75,75,75,75,75,75,75,75,75,75,75,75,75,75,75,75,75,75,75,75,75,75,75,75,75,75,75,75,75,75,75,75,75,75,75,75,75,75,75,75,75,75,75,75,71,71,71,71],"card_choices":[{"not_picked":["Barrage","Redo"],"picked":"FTL","floor":0.0},{"not_picked":["Recycle","Go for the Eyes","Gash"],"picked":"SKIP","floor":1.0},{"not_picked":["FTL","Heatsinks","Rebound"],"picked":"SKIP","floor":2.0},{"not_picked":["Rip and Tear","Turbo","Skim"],"picked":"SKIP","floor":5.0},{"not_picked":["Coolheaded","Reboot"],"picked":"Electrodynamics","floor":7.0},{"not_picked":["Doom and Gloom","Streamline"],"picked":"Hologram","floor":11.0},{"not_picked":["Reboot+1","Meteor Strike"],"picked":"Creative AI","floor":16.0},{"not_picked":["Streamline","Beam Cell"],"picked":"Loop","floor":18.0},{"not_picked":["Lockon+1","Gash"],"picked":"Chaos+1","floor":19.0},{"not_picked":["Steam Power+1","Turbo+1","Hello World"],"picked":"SKIP","floor":20.0},{"not_picked":["Turbo+1","Blizzard"],"picked":"Go for the Eyes+1","floor":23.0},{"not_picked":["Coolheaded+1","Reinforced Body+1"],"picked":"Conserve Battery+1","floor":25.0},{"not_picked":["Lockon","Loop"],"picked":"Self Repair","floor":30.0},{"not_picked":["Double Energy+1","Coolheaded+1"],"picked":"White Noise+1","floor":31.0},{"not_picked":["Meteor Strike","Fission+1"],"picked":"Seek+1","floor":33.0},{"not_picked":["Gash","Sunder+1"],"picked":"Leap+1","floor":35.0},{"not_picked":["Cold Snap","Beam Cell"],"picked":"Conserve Battery+1","floor":39},{"not_picked":["Rebound","Skim+1"],"picked":"Chill+1","floor":41},{"not_picked":["Static Discharge","Reprogram+1"],"picked":"Leap+1","floor":42},{"not_picked":["Forethought+1","Jack Of All Trades+1"],"picked":"Flash of Steel","floor":48}],"player_experience":635306,"relics_obtained":[{"floor":7.0,"key":"Symbiotic Virus"},{"floor":9.0,"key":"Mercury Hourglass"},{"floor":14.0,"key":"Toxic Egg 2"},{"floor":23.0,"key":"Potion Belt"},{"floor":26.0,"key":"Pantograph"},{"floor":29.0,"key":"Mummified Hand"},{"floor":43,"key":"Blood Vial"}],"event_choices":[{"damage_healed":0.0,"max_hp_gain":0.0,"max_hp_loss":0.0,"gold_gain":0.0,"event_name":"Golden Idol","player_choice":"Take Damage","floor":3.0,"gold_loss":0.0,"damage_taken":18.0,"relics_obtained":["Golden Idol"]},{"cards_removed":["Strike_B"],"damage_healed":0.0,"max_hp_gain":0.0,"max_hp_loss":0.0,"gold_gain":0.0,"event_name":"Golden Wing","player_choice":"Card Removal","floor":4.0,"gold_loss":0.0,"damage_taken":7.0},{"damage_healed":0.0,"max_hp_gain":0.0,"max_hp_loss":0.0,"gold_gain":0.0,"event_name":"Scrap Ooze","player_choice":"Fled","floor":8.0,"gold_loss":0.0,"damage_taken":7.0},{"damage_healed":18.0,"max_hp_gain":0.0,"max_hp_loss":0.0,"gold_gain":0.0,"event_name":"The Cleric","player_choice":"Healed","floor":12.0,"gold_loss":35.0,"damage_taken":0.0},{"damage_healed":0.0,"max_hp_gain":0.0,"max_hp_loss":0.0,"gold_gain":0.0,"event_name":"Forgotten Altar","player_choice":"Gave Idol","floor":22.0,"relics_lost":["Golden Idol"],"gold_loss":0.0,"damage_taken":0.0,"relics_obtained":["Bloody Idol"]},{"damage_healed":0.0,"max_hp_gain":0.0,"max_hp_loss":0.0,"gold_gain":0.0,"cards_transformed":["FTL","Skim"],"event_name":"Drug Dealer","player_choice":"Became Test Subject","floor":27.0,"gold_loss":0.0,"damage_taken":0.0,"cards_obtained":["Cold Snap","Stack"]},{"damage_healed":0.0,"max_hp_gain":0.0,"max_hp_loss":0.0,"gold_gain":0.0,"event_name":"FaceTrader","player_choice":"Leave","floor":36.0,"gold_loss":0.0,"damage_taken":0.0},{"damage_healed":0.0,"max_hp_gain":0.0,"max_hp_loss":0.0,"gold_gain":0.0,"event_name":"Upgrade Shrine","player_choice":"Upgraded","floor":38.0,"gold_loss":0.0,"damage_taken":0.0,"cards_upgraded":["Loop"]},{"cards_removed":["Cold Snap"],"damage_healed":0,"gold_gain":0,"player_choice":"Removed Attack","damage_taken":0,"max_hp_gain":0,"max_hp_loss":0,"event_name":"Falling","floor":45,"gold_loss":0},{"damage_healed":0,"gold_gain":0,"player_choice":"Max HP","damage_taken":0,"max_hp_gain":0,"max_hp_loss":4,"event_name":"Winding Halls","floor":47,"gold_loss":0},{"damage_healed":0,"gold_gain":0,"player_choice":"Memory 1","damage_taken":0,"max_hp_gain":0,"max_hp_loss":0,"event_name":"SensoryStone","floor":48,"gold_loss":0}],"is_beta":false,"boss_relics":[{"not_picked":["Fusion Hammer","Runic Dome"],"picked":"Astrolabe"},{"not_picked":["Empty Cage","Velvet Choker"],"picked":"Coffee Dripper"}],"items_purged_floors":[],"is_endless":false,"potions_floor_spawned":[1,2,11,16,20,23,25,30,31,41,42],"ascension_level":8}