{"path_per_floor":["M","?","M","M","?","E","R","M","T","E","M","?","$","M","R","B",null,"M","?","M","$","?","R","M","M","T","M","R","M","M"],"character_chosen":"IRONCLAD","items_purchased":["Lee\u0027s Waffle","Pommel Strike"],"gold_per_floor":[115,115,129,145,145,176,176,189,189,218,237,237,38,55,55,152,152,171,86,106,57,57,57,70,86,86,97,97,114,131],"floor_reached":31,"campfire_rested":1,"playtime":994,"current_hp_per_floor":[77,77,77,77,82,58,58,60,60,40,37,37,89,84,84,80,87,68,68,65,65,65,65,52,29,29,18,44,45,49],"items_purged":[],"gold":131,"score":389,"play_id":"198121ad-d933-4a66-8d7c-eed95a63e466","local_time":"20180321061535","is_prod":false,"is_daily":false,"is_ascension_mode":true,"campfire_upgraded":3,"timestamp":1521630935,"path_taken":["M","?","M","M","?","E","R","M","T","E","M","?","$","M","R","BOSS","M","?","M","$","?","R","M","M","T","?","R","?","M","E"],"build_version":"2018-03-15v3","purchased_purges":0,"victory":false,"master_deck":["Strike_R","Strike_R","Strike_R","Strike_R","Strike_R","Defend_R","Defend_R","Defend_R","Bash+1","Flex+1","Thunderclap","Rampage+1","Dropkick","Clash","Shrug It Off","Clash","Pommel Strike+1"],"max_hp_per_floor":[77,77,77,77,82,82,82,82,82,82,82,82,89,89,89,89,89,89,89,89,89,89,89,89,89,89,89,89,89,89],"relics":["Burning Blood","Ancient Tea Set","Calipers","Dream Catcher","Lee\u0027s Waffle","Runic Cube","Bronze Scales","Magic Flower"],"card_choices":[{"not_picked":["Clothesline","Dual Wield"],"picked":"Flex"},{"not_picked":["Sword Boomerang","Armaments"],"picked":"Thunderclap"},{"not_picked":["Reckless Charge","Metallicize"],"picked":"Rampage"},{"not_picked":["Fire Breathing","Pommel Strike"],"picked":"Dropkick"},{"not_picked":["Armaments","Hemokinesis"],"picked":"Clash"},{"not_picked":["Corruption","Evolve"],"picked":"Shrug It Off"},{"not_picked":["Spot Weakness","Sword Boomerang"],"picked":"Clash"}],"player_experience":334059,"potions_floor_usage":[10,16,20,27,30],"damage_taken":[{"damage":0,"enemies":"Small Slimes","floor":1,"turns":4},{"damage":6,"enemies":"2 Louse","floor":3,"turns":3},{"damage":5,"enemies":"Cultist","floor":4,"turns":4},{"damage":30,"enemies":"Lagavulin","floor":6,"turns":5},{"damage":4,"enemies":"2 Fungi Beasts","floor":8,"turns":2},{"damage":26,"enemies":"3 Sentries","floor":10,"turns":9},{"damage":9,"enemies":"Red Slaver","floor":11,"turns":2},{"damage":11,"enemies":"Exordium Thugs","floor":14,"turns":2},{"damage":10,"enemies":"Slime Boss","floor":16,"turns":6},{"damage":25,"enemies":"Spheric Guardian","floor":18,"turns":4},{"damage":9,"enemies":"Shell Parasite","floor":20,"turns":4},{"damage":19,"enemies":"Sentry and Sphere","floor":24,"turns":4},{"damage":29,"enemies":"Snecko","floor":25,"turns":4},{"damage":20,"enemies":"Snake Plant","floor":27,"turns":4},{"damage":8,"enemies":"Centurion and Healer","floor":29,"turns":6},{"damage":5,"enemies":"Snecko","floor":30,"turns":4},{"damage":50,"enemies":"Gremlin Leader","floor":31,"turns":4}],"event_choices":[{"event_name":"Living Wall","player_choice":"Grow","floor":2,"damage_taken":0},{"event_name":"Big Fish","player_choice":"Donut","floor":5,"damage_taken":0},{"event_name":"Bonfire Elementals","player_choice":"BASIC","floor":12,"damage_taken":0},{"event_name":"Addict","player_choice":"Obtained Relic","floor":19,"damage_taken":0},{"event_name":"Drug Dealer","player_choice":"Ignored","floor":22,"damage_taken":0}],"boss_relics":[{"not_picked":["Question Card","Calling Bell"],"picked":"Runic Cube"}],"potions_floor_spawned":[8,10,14,18,25,29,30],"seed_played":"-3891002568066609818","killed_by":"Gremlin Leader","ascension_level":11,"is_trial":false}