{"gold_per_floor":[361,377,377,387,387,387,413,413,437,457,457,472,75,100,112,219,231,253,278,190,289,303,303,178,211,235,235,160,160,176,195,195,298,298,317,386,236,336,349,383,383,208,208,208,8,8,41,59,59,59,59,59,8,8],"floor_reached":54,"playtime":3356,"items_purged":["Strike_R","Strike_R","Strike_R","Defend_R","Defend_R","Defend_R+1"],"score":746,"play_id":"891d2cd0-a808-4a7e-8e75-e1b5fffa422b","local_time":"20190226122827","is_ascension_mode":false,"campfire_choices":[{"data":"Rampage","floor":6,"key":"SMITH"},{"floor":11,"key":"REST"},{"data":"Shrug It Off","floor":15,"key":"SMITH"},{"data":"Defend_R","floor":23,"key":"SMITH"},{"floor":27,"key":"REST"},{"data":"Defend_R","floor":29,"key":"SMITH"},{"floor":32,"key":"REST"},{"floor":41,"key":"REST"},{"floor":44,"key":"RECALL"},{"floor":49,"key":"REST"},{"floor":52,"key":"REST"}],"neow_cost":"PERCENT_DAMAGE","seed_source_timestamp":91841100819400,"circlet_count":0,"master_deck":["Defend_R+1","Bash+1","Rampage+1","Shrug It Off+1"],"relics":["Burning Blood","Regal Pillow","Bird Faced Urn","StoneCalendar","MawBank","White Beast Statue","Turnip","Potion Belt","Runic Dome","Toxic Egg 2","Unceasing Top","Thread and Needle","Nunchaku","Incense Burner"],"potions_floor_usage":[16,18,19,22,25,25,25,25,33,33,38,40,40,40,40,54],"damage_taken":[{"damage":2,"enemies":"Jaw Worm","floor":1,"turns":5},{"damage":0,"enemies":"2 Louse","floor":2,"turns":3},{"damage":1,"enemies":"Cultist","floor":4,"turns":3},{"damage":31,"enemies":"Lagavulin","floor":7,"turns":8},{"damage":6,"enemies":"Blue Slaver","floor":10,"turns":5},{"damage":0,"enemies":"Exordium Wildlife","floor":12,"turns":3},{"damage":31,"enemies":"3 Sentries","floor":14,"turns":7},{"damage":31,"enemies":"Hexaghost","floor":16,"turns":9},{"damage":14,"enemies":"2 Thieves","floor":18,"turns":5},{"damage":22,"enemies":"Chosen","floor":19,"turns":7},{"damage":14,"enemies":"Snake Plant","floor":22,"turns":5},{"damage":59,"enemies":"Book of Stabbing","floor":25,"turns":7},{"damage":13,"enemies":"Centurion and Healer","floor":30,"turns":5},{"damage":7,"enemies":"Chosen and Byrds","floor":31,"turns":7},{"damage":23,"enemies":"Champ","floor":33,"turns":9},{"damage":6,"enemies":"3 Darklings","floor":35,"turns":7},{"damage":0,"enemies":"Mind Bloom Boss Battle","floor":38,"turns":7},{"damage":9,"enemies":"Orb Walker","floor":39,"turns":4},{"damage":83,"enemies":"Nemesis","floor":40,"turns":9},{"damage":7,"enemies":"Giant Head","floor":47,"turns":6},{"damage":15,"enemies":"3 Darklings","floor":48,"turns":4},{"damage":26,"enemies":"Awakened One","floor":50,"turns":7},{"damage":91,"enemies":"Shield and Spear","floor":54,"turns":5}],"seed_played":"714586659080740545","potions_obtained":[{"floor":1,"key":"Regen Potion"},{"floor":7,"key":"Poison Potion"},{"floor":10,"key":"Block Potion"},{"floor":16,"key":"SteroidPotion"},{"floor":18,"key":"EntropicBrew"},{"floor":19,"key":"Regen Potion"},{"floor":22,"key":"SpeedPotion"},{"floor":25,"key":"AttackPotion"},{"floor":30,"key":"GamblersBrew"},{"floor":31,"key":"Strength Potion"},{"floor":33,"key":"Energy Potion"},{"floor":35,"key":"SpeedPotion"},{"floor":38,"key":"LiquidBronze"},{"floor":39,"key":"Regen Potion"},{"floor":40,"key":"Weak Potion"},{"floor":47,"key":"SneckoOil"},{"floor":48,"key":"FairyPotion"}],"is_trial":false,"path_per_floor":["M","M","?","M","?","R","E","?","T","M","R","M","$","E","R","B",null,"M","M","$","?","M","R","$","E","T","R","?","R","M","M","R","B",null,"M","T","$","?","M","E","R","$","T","R","$","?","E","M","R","B",null,"R","$","E"],"character_chosen":"IRONCLAD","items_purchased":["Shrug It Off","StoneCalendar","PowerPotion"],"campfire_rested":6,"item_purchase_floors":[13,13,53],"current_hp_per_floor":[60,66,66,71,64,64,39,39,39,39,78,80,80,55,55,30,80,72,68,68,68,74,74,74,21,21,60,60,60,53,52,80,63,80,80,80,80,80,77,40,79,79,79,79,79,76,75,66,76,56,76,76,76,0],"gold":8,"neow_bonus":"TWO_FIFTY_GOLD","is_prod":false,"is_daily":false,"chose_seed":false,"campfire_upgraded":4,"win_rate":0,"timestamp":1551202107,"path_taken":["M","M","?","M","?","R","E","?","T","M","R","?","$","E","R","BOSS","M","M","$","?","M","R","$","E","T","R","?","R","M","?","R","BOSS","M","?","$","?","M","E","R","$","T","R","$","?","E","M","R","BOSS","R","$","E"],"build_version":"2019-01-23","purchased_purges":6,"victory":false,"max_hp_per_floor":[80,80,80,80,80,80,80,80,80,80,80,80,80,80,80,80,80,80,80,80,80,80,80,80,80,80,80,80,80,80,80,80,80,80,80,80,80,80,80,80,80,80,80,80,80,76,76,76,76,76,76,76,76,76],"card_choices":[{"not_picked":["Infernal Blade","Ghostly Armor"],"picked":"Rampage","floor":1},{"not_picked":["Heavy Blade","Sword Boomerang","Pommel Strike"],"picked":"SKIP","floor":2},{"not_picked":["Carnage","Cleave","Headbutt"],"picked":"SKIP","floor":4},{"not_picked":["Iron Wave","Warcry","Second Wind"],"picked":"SKIP","floor":7},{"not_picked":["True Grit","Anger","Impervious"],"picked":"SKIP","floor":10},{"not_picked":["Iron Wave","Thunderclap","Inflame"],"picked":"SKIP","floor":12},{"not_picked":["Body Slam","Uppercut","Anger"],"picked":"SKIP","floor":14},{"not_picked":["Heavy Blade","Clothesline","Clash"],"picked":"SKIP","floor":18},{"not_picked":["Dual Wield","Shrug It Off","Inflame"],"picked":"SKIP","floor":19},{"not_picked":["Dual Wield","Burning Pact+1","Armaments"],"picked":"SKIP","floor":22},{"not_picked":["Pommel Strike","Impervious","Warcry+1"],"picked":"SKIP","floor":25},{"not_picked":["Clothesline","Iron Wave","Shrug It Off+1"],"picked":"SKIP","floor":30},{"not_picked":["Clash","Ghostly Armor","Twin Strike+1"],"picked":"SKIP","floor":31},{"not_picked":["True Grit","Thunderclap","Uppercut"],"picked":"SKIP","floor":35},{"not_picked":["Combust","Clothesline+1","Second Wind+1"],"picked":"SKIP","floor":39},{"not_picked":["Armaments+1","Sword Boomerang","Heavy Blade"],"picked":"SKIP","floor":40},{"not_picked":["Disarm+1","Fiend Fire","Seeing Red+1"],"picked":"SKIP","floor":47},{"not_picked":["Seeing Red+1","Uppercut","Body Slam"],"picked":"SKIP","floor":48}],"player_experience":1365483,"relics_obtained":[{"floor":7,"key":"Bird Faced Urn"},{"floor":14,"key":"MawBank"},{"floor":25,"key":"Turnip"},{"floor":26,"key":"Potion Belt"},{"floor":36,"key":"Toxic Egg 2"},{"floor":38,"key":"Unceasing Top"},{"floor":40,"key":"Thread and Needle"},{"floor":43,"key":"Nunchaku"},{"floor":47,"key":"Incense Burner"}],"event_choices":[{"cards_removed":["Strike_R"],"damage_healed":0,"gold_gain":0,"player_choice":"Forget","damage_taken":0,"max_hp_gain":0,"max_hp_loss":0,"event_name":"Living Wall","floor":3,"gold_loss":0},{"damage_healed":0,"gold_gain":0,"player_choice":"Success","damage_taken":7,"relics_obtained":["Regal Pillow"],"max_hp_gain":0,"max_hp_loss":0,"event_name":"Scrap Ooze","floor":5,"gold_loss":0},{"damage_healed":0,"gold_gain":0,"player_choice":"Forge","damage_taken":0,"max_hp_gain":0,"max_hp_loss":0,"event_name":"Accursed Blacksmith","floor":8,"gold_loss":0,"cards_upgraded":["Bash"]},{"damage_healed":0,"gold_gain":99,"player_choice":"Stole From Cult","damage_taken":0,"max_hp_gain":0,"max_hp_loss":0,"event_name":"Nest","floor":21,"gold_loss":0},{"cards_removed":["Strike_R"],"damage_healed":0,"gold_gain":0,"player_choice":"Gave Gold","damage_taken":0,"max_hp_gain":0,"max_hp_loss":0,"event_name":"Beggar","floor":28,"gold_loss":75},{"damage_healed":0,"gold_gain":0,"player_choice":"Fight","damage_taken":0,"max_hp_gain":0,"max_hp_loss":0,"event_name":"MindBloom","floor":38,"gold_loss":0},{"damage_healed":0,"gold_gain":0,"player_choice":"Max HP","damage_taken":0,"max_hp_gain":0,"max_hp_loss":4,"event_name":"Winding Halls","floor":46,"gold_loss":0}],"is_beta":false,"boss_relics":[{"not_picked":["Astrolabe","Runic Cube"],"picked":"White Beast Statue"},{"not_picked":["Velvet Choker","Cursed Key"],"picked":"Runic Dome"}],"items_purged_floors":[13,20,24,37,42,45],"is_endless":false,"potions_floor_spawned":[1,7,10,16,18,19,22,25,30,31,33,35,38,39,40,47,48],"killed_by":"Shield and Spear","ascension_level":0}