{"gold_per_floor":[109,124,140,140,151,151,131,131,158,191,201,201,201,214,214,311,311,321,9,27,0,0,0,0,0,0,0,19,37,37],"floor_reached":30,"playtime":2450,"items_purged":["Strike_G"],"score":357,"play_id":"10facff6-17ba-479b-bd27-888d8ec4f93a","local_time":"20190205132403","is_ascension_mode":true,"campfire_choices":[{"floor":6,"key":"REST"},{"floor":8,"key":"REST"},{"floor":15,"key":"REST"},{"floor":23,"key":"REST"},{"floor":27,"key":"REST"}],"neow_cost":"NONE","seed_source_timestamp":9121473169500,"circlet_count":0,"master_deck":["AscendersBane","Defend_G","Defend_G","Defend_G","Defend_G","Defend_G","Strike_G","Strike_G","Strike_G","Survivor","Neutralize","Deflect","Dagger Spray","Catalyst","Backflip","Leg Sweep","Dagger Spray","Deadly Poison","Setup","Deadly Poison","Envenom","Tools of the Trade","Blade Dance","Footwork","Footwork","Slice+1","Dodge and Roll+1","Concentrate","After Image","Endless Agony+1"],"relics":["WristBlade","Dream Catcher","Bronze Scales","Pen Nib","Runic Pyramid","Membership Card","Prayer Wheel"],"potions_floor_usage":[5,10,14,14,16,29],"damage_taken":[{"damage":4,"enemies":"Jaw Worm","floor":1,"turns":5},{"damage":6,"enemies":"Small Slimes","floor":2,"turns":4},{"damage":7,"enemies":"Cultist","floor":3,"turns":5},{"damage":15,"enemies":"Exordium Wildlife","floor":5,"turns":6},{"damage":21,"enemies":"3 Sentries","floor":10,"turns":8},{"damage":1,"enemies":"2 Fungi Beasts","floor":11,"turns":3},{"damage":8,"enemies":"3 Louse","floor":14,"turns":2},{"damage":16,"enemies":"Hexaghost","floor":16,"turns":9},{"damage":25,"enemies":"2 Thieves","floor":18,"turns":4},{"damage":5,"enemies":"3 Byrds","floor":20,"turns":4},{"damage":44,"enemies":"Colosseum Slavers","floor":24,"turns":7},{"damage":8,"enemies":"Cultist and Chosen","floor":28,"turns":7},{"damage":20,"enemies":"Snecko","floor":29,"turns":6},{"damage":18,"enemies":"Centurion and Healer","floor":30,"turns":2}],"seed_played":"-4899578820142030133","potions_obtained":[{"floor":1,"key":"Swift Potion"},{"floor":3,"key":"Poison Potion"},{"floor":7,"key":"Poison Potion"},{"floor":10,"key":"PowerPotion"},{"floor":14,"key":"Poison Potion"},{"floor":28,"key":"Regen Potion"}],"is_trial":false,"path_per_floor":["M","M","M","?","M","R","?","R","T","E","M","?","?","M","R","B",null,"M","$","M","?","$","R","?","?","T","R","M","M","M"],"character_chosen":"THE_SILENT","items_purchased":["Membership Card","Tools of the Trade","Blade Dance"],"campfire_rested":5,"item_purchase_floors":[19,19,19],"current_hp_per_floor":[59,53,46,39,24,45,45,66,66,45,44,44,44,36,57,41,63,38,38,33,33,33,54,10,10,10,31,23,17,0],"gold":37,"neow_bonus":"BOSS_RELIC","is_prod":false,"is_daily":false,"chose_seed":false,"campfire_upgraded":0,"win_rate":0,"timestamp":1549391043,"path_taken":["M","M","M","?","M","R","?","R","T","E","?","?","?","M","R","BOSS","M","$","M","?","$","R","?","?","T","R","M","M","M"],"build_version":"2019-01-23","purchased_purges":1,"victory":false,"max_hp_per_floor":[70,70,70,70,70,70,70,70,70,70,70,70,70,70,70,70,70,70,70,70,70,70,70,70,70,70,70,70,70,70],"card_choices":[{"not_picked":["Choke","Acrobatics"],"picked":"Deflect","floor":1},{"not_picked":["Dagger Throw","Outmaneuver"],"picked":"Dagger Spray","floor":2},{"not_picked":["Riddle With Holes","Flying Knee"],"picked":"Catalyst","floor":3},{"not_picked":["Sucker Punch","Quick Slash","Dagger Spray"],"picked":"SKIP","floor":5},{"not_picked":["Poisoned Stab","Phantasmal Killer"],"picked":"Backflip","floor":6},{"not_picked":["Prepared","Flying Knee"],"picked":"Leg Sweep","floor":8},{"not_picked":["Flying Knee","Outmaneuver"],"picked":"Dagger Spray","floor":10},{"not_picked":["Dagger Throw","Distraction"],"picked":"Deadly Poison","floor":11},{"not_picked":["Sucker Punch","Dagger Spray"],"picked":"Setup","floor":14},{"not_picked":["Predator","Quick Slash"],"picked":"Deadly Poison","floor":15},{"not_picked":["Adrenaline","Wraith Form v2"],"picked":"Envenom","floor":16},{"not_picked":["Riddle With Holes","Dagger Throw+1","Flying Knee"],"picked":"SKIP","floor":18},{"not_picked":["Bane","Choke","Outmaneuver"],"picked":"SKIP","floor":20},{"not_picked":["Concentrate+1","Outmaneuver"],"picked":"Footwork","floor":23},{"not_picked":["Dagger Throw+1","PiercingWail"],"picked":"Slice+1","floor":27},{"not_picked":["Wraith Form v2","Sucker Punch"],"picked":"Dodge and Roll+1","floor":28},{"not_picked":["Dagger Throw+1","Concentrate","Dagger Spray"],"picked":"SKIP","floor":28},{"not_picked":["Dagger Throw+1","Dagger Spray"],"picked":"Concentrate","floor":28},{"not_picked":["Flying Knee","Backflip"],"picked":"After Image","floor":29},{"not_picked":["Prepared","All Out Attack+1"],"picked":"Endless Agony+1","floor":29}],"player_experience":1117657,"relics_obtained":[{"floor":9,"key":"Bronze Scales"},{"floor":10,"key":"Pen Nib"},{"floor":26,"key":"Prayer Wheel"}],"event_choices":[{"damage_healed":0,"gold_gain":0,"player_choice":"Success","damage_taken":7,"relics_obtained":["Dream Catcher"],"max_hp_gain":0,"max_hp_loss":0,"event_name":"Scrap Ooze","floor":4,"gold_loss":0},{"damage_healed":0,"gold_gain":0,"player_choice":"Bought 1 Potion","damage_taken":0,"max_hp_gain":0,"max_hp_loss":0,"event_name":"The Woman in Blue","floor":7,"gold_loss":0},{"damage_healed":0,"gold_gain":0,"player_choice":"Ignored","damage_taken":0,"max_hp_gain":0,"max_hp_loss":0,"event_name":"Shining Light","floor":12,"gold_loss":0},{"cards_removed":["Strike_G"],"damage_healed":0,"gold_gain":0,"player_choice":"Forget","damage_taken":0,"max_hp_gain":0,"max_hp_loss":0,"event_name":"Living Wall","floor":13,"gold_loss":0},{"damage_healed":0,"gold_gain":0,"player_choice":"Paid Fearfully","damage_taken":0,"max_hp_gain":0,"max_hp_loss":0,"event_name":"Masked Bandits","floor":21,"gold_loss":27},{"damage_healed":0,"gold_gain":0,"player_choice":"Fight","damage_taken":0,"max_hp_gain":0,"max_hp_loss":0,"event_name":"Colosseum","floor":24,"gold_loss":0},{"damage_healed":0,"gold_gain":0,"player_choice":"Fled From Nobs","damage_taken":0,"max_hp_gain":0,"max_hp_loss":0,"event_name":"Colosseum","floor":24,"gold_loss":0},{"damage_healed":0,"gold_gain":0,"player_choice":"Copied","damage_taken":0,"max_hp_gain":0,"max_hp_loss":0,"event_name":"Duplicator","floor":25,"gold_loss":0,"cards_obtained":["Footwork"]}],"is_beta":false,"boss_relics":[{"not_picked":["Orrery","HoveringKite"],"picked":"Runic Pyramid"}],"items_purged_floors":[19],"is_endless":false,"potions_floor_spawned":[1,3,10,14,24,28],"killed_by":"Centurion and Healer","ascension_level":11}