{"gold_per_floor":[110,130,305,305,326,326,360,376,376,405,405,419,419,440,440,564,564,579,26,50,50,50],"floor_reached":22,"playtime":1282,"items_purged":[],"score":270,"play_id":"7f7b47bf-30ec-4995-ba51-a13a5d7909cc","local_time":"20181201200804","is_ascension_mode":true,"campfire_choices":[{"floor":13,"key":"REST"},{"floor":15,"key":"REST"}],"neow_cost":"NONE","seed_source_timestamp":1528478868421497,"circlet_count":0,"master_deck":["Defend_G","Defend_G","Defend_G","Defend_G","Defend_G","Strike_G","Strike_G+1","Strike_G","Strike_G","Strike_G+1","Survivor","Neutralize","Bullet Time","Bouncing Flask","Infinite Blades","Doubt","Injury","Deadly Poison","Backstab","Cloak And Dagger","Blade Dance","PiercingWail","Well Laid Plans","Cloak And Dagger","Accuracy","Storm of Steel","Leg Sweep","Adrenaline","Escape Plan","Caltrops"],"relics":["Ring of the Serpent","Golden Idol","Whetstone","Dream Catcher","Odd Mushroom","Singing Bowl","Bottled Tornado"],"potions_floor_usage":[7,16,16,16,22,22],"damage_taken":[{"damage":7,"enemies":"Jaw Worm","floor":1,"turns":4},{"damage":0,"enemies":"2 Louse","floor":2,"turns":3},{"damage":0,"enemies":"Small Slimes","floor":5,"turns":4},{"damage":12,"enemies":"Lagavulin","floor":7,"turns":6},{"damage":12,"enemies":"Gremlin Gang","floor":8,"turns":6},{"damage":19,"enemies":"The Mushroom Lair","floor":10,"turns":4},{"damage":7,"enemies":"2 Fungi Beasts","floor":12,"turns":4},{"damage":1,"enemies":"Exordium Thugs","floor":14,"turns":5},{"damage":48,"enemies":"Slime Boss","floor":16,"turns":12},{"damage":24,"enemies":"Spheric Guardian","floor":18,"turns":4},{"damage":28,"enemies":"Chosen","floor":20,"turns":5},{"damage":18,"enemies":"3 Cultists","floor":22,"turns":3}],"seed_played":"5588493809137574450","potions_obtained":[{"floor":1,"key":"Swift Potion"},{"floor":6,"key":"GhostInAJar"},{"floor":6,"key":"AttackPotion"},{"floor":6,"key":"AttackPotion"},{"floor":8,"key":"Dexterity Potion"},{"floor":10,"key":"Regen Potion"},{"floor":18,"key":"Regen Potion"},{"floor":20,"key":"Weak Potion"}],"is_trial":false,"path_per_floor":["M","M","?","?","M","?","E","M","T","?","?","M","R","M","R","B",null,"M","$","M","T","M"],"character_chosen":"THE_SILENT","items_purchased":["Adrenaline","Escape Plan","Caltrops","Singing Bowl"],"campfire_rested":2,"item_purchase_floors":[19,19,19,19],"current_hp_per_floor":[56,56,56,56,56,56,44,32,32,13,13,6,27,26,47,14,56,32,32,6,6,0],"gold":50,"neow_bonus":"ONE_RANDOM_RARE_CARD","is_prod":false,"is_daily":false,"chose_seed":false,"campfire_upgraded":0,"win_rate":0,"timestamp":1543712884,"path_taken":["M","M","?","?","M","?","E","?","T","?","?","?","R","M","R","BOSS","M","$","?","?","M"],"build_version":"2018-11-15","purchased_purges":0,"victory":false,"max_hp_per_floor":[70,70,70,70,70,70,70,70,70,70,70,70,70,70,70,70,70,70,70,72,72,72],"card_choices":[{"not_picked":["Riddle With Holes","Bane"],"picked":"Bouncing Flask","floor":1},{"not_picked":["Endless Agony","Eviscerate"],"picked":"Infinite Blades","floor":2},{"not_picked":["Prepared","Caltrops"],"picked":"Deadly Poison","floor":5},{"not_picked":["Backflip","Dagger Spray"],"picked":"Backstab","floor":7},{"not_picked":["Bouncing Flask","Predator"],"picked":"Cloak And Dagger","floor":8},{"not_picked":["Acrobatics","Riddle With Holes"],"picked":"Blade Dance","floor":10},{"not_picked":["Acrobatics","Underhanded Strike"],"picked":"Well Laid Plans","floor":12},{"not_picked":["Outmaneuver","Well Laid Plans"],"picked":"Cloak And Dagger","floor":13},{"not_picked":["Sucker Punch","Deadly Poison"],"picked":"Accuracy","floor":14},{"not_picked":["Phantasmal Killer","Bullet Time"],"picked":"Storm of Steel","floor":16},{"not_picked":["Crippling Poison+1","Dash+1"],"picked":"Leg Sweep","floor":18},{"not_picked":["Slice","Bane","Calculated Gamble"],"picked":"Singing Bowl","floor":20}],"player_experience":858053,"relics_obtained":[{"floor":7,"key":"Whetstone"},{"floor":9,"key":"Dream Catcher"},{"floor":10,"key":"Odd Mushroom"},{"floor":21,"key":"Bottled Tornado"}],"event_choices":[{"damage_healed":0,"gold_gain":175,"player_choice":"AGREE","damage_taken":0,"max_hp_gain":0,"max_hp_loss":0,"event_name":"Liars Game","floor":3,"gold_loss":0,"cards_obtained":["Doubt"]},{"damage_healed":0,"gold_gain":0,"player_choice":"Take Wound","damage_taken":0,"relics_obtained":["Golden Idol"],"max_hp_gain":0,"max_hp_loss":0,"event_name":"Golden Idol","floor":4,"gold_loss":0,"cards_obtained":["Injury"]},{"damage_healed":0,"gold_gain":0,"player_choice":"Got Potions","damage_taken":0,"max_hp_gain":0,"max_hp_loss":0,"event_name":"Lab","floor":6,"gold_loss":0},{"damage_healed":0,"gold_gain":0,"player_choice":"Fought Mushrooms","damage_taken":0,"max_hp_gain":0,"max_hp_loss":0,"event_name":"Mushrooms","floor":10,"gold_loss":0},{"damage_healed":0,"gold_gain":0,"player_choice":"1 cards matched","damage_taken":0,"max_hp_gain":0,"max_hp_loss":0,"event_name":"Match and Keep!","floor":11,"gold_loss":0,"cards_obtained":["PiercingWail"]}],"is_beta":false,"boss_relics":[{"not_picked":["Coffee Dripper","Runic Pyramid"],"picked":"Ring of the Serpent"}],"items_purged_floors":[],"is_endless":false,"potions_floor_spawned":[1,8,10,14,18,20],"killed_by":"3 Cultists","ascension_level":9}