{"gold_per_floor":[116,191,291,308,308,337,337,366,366,377,377,342,377,377,377,377],"floor_reached":16,"playtime":688,"items_purged":[],"score":219,"play_id":"9630c4fc-40a0-49c6-aabf-63989eb7e670","local_time":"20190113011232","is_ascension_mode":true,"campfire_choices":[{"floor":7.0,"key":"REST"},{"floor":11.0,"key":"REST"},{"floor":15,"key":"REST"}],"neow_cost":"NONE","seed_source_timestamp":45377818382027,"circlet_count":0,"master_deck":["AscendersBane","Defend_G","Defend_G","Defend_G+1","Defend_G+1","Defend_G","Strike_G","Strike_G","Strike_G","Strike_G","Strike_G","Survivor","Neutralize","PiercingWail","Backflip","Footwork","Adrenaline","Slice","Escape Plan"],"special_seed":0,"relics":["Ring of the Snake","NeowsBlessing","Gambling Chip","Bottled Lightning","Dodecahedron","Strawberry","Toxic Egg 2"],"potions_floor_usage":[13],"damage_taken":[{"damage":0.0,"enemies":"Jaw Worm","floor":1.0,"turns":1.0},{"damage":0.0,"enemies":"Cultist","floor":4.0,"turns":1.0},{"damage":0.0,"enemies":"3 Sentries","floor":6.0,"turns":2.0},{"damage":36.0,"enemies":"Lagavulin","floor":8.0,"turns":16.0},{"damage":0.0,"enemies":"Small Slimes","floor":10.0,"turns":5.0},{"damage":23,"enemies":"Gremlin Nob","floor":13,"turns":5},{"damage":62,"enemies":"Slime Boss","floor":16,"turns":13}],"seed_played":"8479681576372892469","potions_obtained":[{"floor":6.0,"key":"Dexterity Potion"},{"floor":10.0,"key":"SkillPotion"}],"is_trial":false,"path_per_floor":["M","?","?","M","?","E","R","E","T","M","R","?","E","T","R","B"],"character_chosen":"THE_SILENT","items_purchased":[],"campfire_rested":3,"item_purchase_floors":[],"current_hp_per_floor":[63,52,52,52,38,38,59,23,23,23,44,61,45,45,68,6],"gold":377,"neow_bonus":"THREE_ENEMY_KILL","is_prod":false,"is_daily":false,"chose_seed":false,"campfire_upgraded":0,"win_rate":0,"timestamp":1547334752,"path_taken":["M","?","?","?","?","E","R","E","T","M","R","?","E","?","R","BOSS"],"build_version":"2019-01-10","purchased_purges":0,"victory":false,"max_hp_per_floor":[70,70,70,70,70,70,70,70,70,70,70,70,77,77,77,77],"card_choices":[{"not_picked":["Bane","Expertise"],"picked":"PiercingWail","floor":1.0},{"not_picked":["Outmaneuver","PiercingWail"],"picked":"Backflip","floor":4.0},{"not_picked":["Phantasmal Killer","Sucker Punch"],"picked":"Footwork","floor":6.0},{"not_picked":["Outmaneuver","Adrenaline","Dodge and Roll"],"picked":"SKIP","floor":8.0},{"not_picked":["Outmaneuver","Dodge and Roll"],"picked":"Adrenaline","floor":8.0},{"not_picked":["Cloak And Dagger","Underhanded Strike"],"picked":"Slice","floor":10.0},{"not_picked":["Blur","Acrobatics"],"picked":"Escape Plan","floor":13}],"player_experience":262643,"relics_obtained":[{"floor":6.0,"key":"Gambling Chip"},{"floor":8.0,"key":"Bottled Lightning"},{"floor":9.0,"key":"Dodecahedron"},{"floor":13,"key":"Strawberry"},{"floor":14,"key":"Toxic Egg 2"}],"event_choices":[{"damage_healed":0.0,"max_hp_gain":0.0,"max_hp_loss":0.0,"gold_gain":75.0,"event_name":"World of Goop","player_choice":"Gather Gold","floor":2.0,"gold_loss":0.0,"damage_taken":11.0},{"damage_healed":0.0,"max_hp_gain":0.0,"max_hp_loss":0.0,"gold_gain":100.0,"event_name":"Golden Shrine","player_choice":"Pray","floor":3.0,"gold_loss":0.0,"damage_taken":0.0},{"damage_healed":0.0,"max_hp_gain":0.0,"max_hp_loss":0.0,"gold_gain":0.0,"event_name":"Shining Light","player_choice":"Entered Light","floor":5.0,"gold_loss":0.0,"damage_taken":14.0,"cards_upgraded":["Defend_G","Defend_G"]},{"damage_healed":17.0,"max_hp_gain":0.0,"max_hp_loss":0.0,"gold_gain":0.0,"event_name":"The Cleric","player_choice":"Healed","floor":12.0,"gold_loss":35.0,"damage_taken":0.0}],"is_beta":false,"boss_relics":[],"items_purged_floors":[],"is_endless":false,"potions_floor_spawned":[6,10],"killed_by":"Slime Boss","ascension_level":11}