{"path_per_floor":["M","M","?","$","?","R","E","R","T","R","$","E","?","M","R","B",null,"M","$","?","M","?","R","E","M","T","T","E","R","E","M","R"],"character_chosen":"DEFECT","items_purchased":["Orichalcum","Omamori"],"gold_per_floor":[117,128,203,57,57,57,90,90,90,90,15,50,77,88,88,191,191,191,42,42,42,42,42,42,42,42,42,42,42,42,42,42,42],"floor_reached":33,"campfire_rested":0,"playtime":1905,"item_purchase_floors":[4,19],"current_hp_per_floor":[75,70,59,59,52,52,37,37,37,37,37,29,29,23,23,3,75,64,64,64,64,50,50,37,33,33,33,22,22,11,23,23,0],"items_purged":["Defend_B"],"gold":42,"score":324,"play_id":"08251a26-2110-4a49-8864-741551e37aae","local_time":"20180602191740","is_prod":false,"is_daily":false,"chose_seed":false,"is_ascension_mode":true,"campfire_upgraded":7,"win_rate":0.0,"timestamp":1527934660,"campfire_choices":[{"data":"Zap","floor":6,"key":"SMITH"},{"data":"Electrodynamics","floor":8,"key":"SMITH"},{"data":"Redo","floor":10,"key":"SMITH"},{"data":"Tempest","floor":15,"key":"SMITH"},{"data":"Machine Learning","floor":23,"key":"SMITH"},{"data":"Seek","floor":29,"key":"SMITH"},{"data":"Dualcast","floor":32,"key":"SMITH"}],"path_taken":["M","M","?","$","?","R","E","R","T","R","$","E","?","?","R","BOSS","M","$","?","?","?","R","E","M","T","?","E","R","E","M","R","BOSS"],"build_version":"2018-05-31","seed_source_timestamp":855137288955306,"purchased_purges":1,"victory":false,"master_deck":["Strike_B","Strike_B","Strike_B","Strike_B","Defend_B","Defend_B","Zap+1","Dualcast+1","Electrodynamics+1","Redo+1","Machine Learning+1","Tempest+1","Reboot","FTL","Leap+1","Conserve Battery+1","Seek+1","FTL"],"max_hp_per_floor":[75,75,75,75,75,75,75,75,75,75,75,75,75,75,75,75,75,75,75,75,75,80,80,80,80,80,80,80,80,80,80,80,80],"relics":["Cracked Core","Orichalcum","Matryoshka","Happy Flower","Letter Opener","Bag of Marbles","Odd Mushroom","Ectoplasm","Omamori","Bag of Preparation","Smiling Mask","Dream Catcher","Dodecahedron","Old Coin","Mercury Hourglass","Meat on the Bone"],"card_choices":[{"not_picked":["Compile Driver","Steam"],"picked":"Redo","floor":1},{"not_picked":["Cold Snap","Redo","Conserve Battery"],"picked":"SKIP","floor":2},{"not_picked":["Gash","Beam Cell"],"picked":"Machine Learning","floor":7},{"not_picked":["Buffer","Beam Cell"],"picked":"Tempest","floor":12},{"not_picked":["Reprogram","Coolheaded","Gash"],"picked":"SKIP","floor":14},{"not_picked":["Seek","Creative AI"],"picked":"Reboot","floor":16},{"not_picked":["Ball Lightning","Steam"],"picked":"FTL","floor":18},{"not_picked":["Gash","Reprogram"],"picked":"Leap+1","floor":21},{"not_picked":["Genetic Algorithm","Stack"],"picked":"Conserve Battery+1","floor":24},{"not_picked":["Ball Lightning","Melter"],"picked":"Seek","floor":25},{"not_picked":["Tempest+1","Stack","Steam+1"],"picked":"SKIP","floor":28},{"not_picked":["Hello World+1","Cold Snap"],"picked":"FTL","floor":30},{"not_picked":["Compile Driver","Steam","Melter+1"],"picked":"SKIP","floor":31}],"player_experience":736118,"potions_floor_usage":[12,25,33,33],"damage_taken":[{"damage":0,"enemies":"2 Louse","floor":1,"turns":2},{"damage":5,"enemies":"Small Slimes","floor":2,"turns":3},{"damage":15,"enemies":"Lagavulin","floor":7,"turns":6},{"damage":8,"enemies":"Gremlin Nob","floor":12,"turns":3},{"damage":0,"enemies":"The Mushroom Lair","floor":13,"turns":2},{"damage":6,"enemies":"Jaw Worm","floor":14,"turns":2},{"damage":20,"enemies":"The Guardian","floor":16,"turns":8},{"damage":11,"enemies":"Shell Parasite","floor":18,"turns":3},{"damage":0,"enemies":"Spheric Guardian","floor":21,"turns":2},{"damage":13,"enemies":"Slavers","floor":24,"turns":2},{"damage":4,"enemies":"Snecko","floor":25,"turns":4},{"damage":11,"enemies":"Gremlin Leader","floor":28,"turns":5},{"damage":11,"enemies":"Slavers","floor":30,"turns":2},{"damage":0,"enemies":"Centurion and Healer","floor":31,"turns":2},{"damage":30,"enemies":"Automaton","floor":33,"turns":6}],"relics_obtained":[{"floor":7,"key":"Matryoshka"},{"floor":9,"key":"Happy Flower"},{"floor":9,"key":"Letter Opener"},{"floor":12,"key":"Bag of Marbles"},{"floor":13,"key":"Odd Mushroom"},{"floor":24,"key":"Smiling Mask"},{"floor":26,"key":"Dream Catcher"},{"floor":26,"key":"Dodecahedron"},{"floor":27,"key":"Old Coin"},{"floor":28,"key":"Mercury Hourglass"},{"floor":30,"key":"Meat on the Bone"}],"event_choices":[{"event_name":"World of Goop","player_choice":"Gather Gold","floor":3,"damage_taken":0},{"event_name":"Golden Wing","player_choice":"Card Removal","floor":5,"damage_taken":0},{"event_name":"Mushrooms","player_choice":"Fought Mushrooms","floor":13,"damage_taken":0},{"event_name":"Accursed Blacksmith","player_choice":"Rummage","floor":20,"damage_taken":0},{"event_name":"Forgotten Altar","player_choice":"Shed Blood","floor":22,"damage_taken":0}],"boss_relics":[{"not_picked":["Philosopher\u0027s Stone","Velvet Choker"],"picked":"Ectoplasm"}],"items_purged_floors":[11],"potions_floor_spawned":[2,7,13,18,28,30,31],"seed_played":"6283506726849780802","killed_by":"Automaton","ascension_level":1,"potions_obtained":[{"floor":2,"key":"FocusPotion"},{"floor":7,"key":"Strength Potion"},{"floor":13,"key":"Weak Potion"},{"floor":18,"key":"EssenceOfSteel"},{"floor":28,"key":"AttackPotion"},{"floor":30,"key":"Energy Potion"}],"is_trial":false}