{"gold_per_floor":[112,112,136,136,150,150,164,199,248,523,523,539,539,557,557,676,676,689,614,424,447,460,460,494,494,543,578,592,592,628,643,643,763,763,787,6,21,21,21],"floor_reached":39,"playtime":2408,"items_purged":["Writhe"],"score":463,"play_id":"a8d4bc5c-5224-4400-867b-e36292f493a0","local_time":"20190302230358","is_ascension_mode":true,"campfire_choices":[{"floor":6,"key":"REST"},{"floor":11,"key":"REST"},{"floor":13,"key":"RECALL"},{"data":"Calculated Gamble","floor":15,"key":"SMITH"},{"data":"Apotheosis","floor":23,"key":"SMITH"},{"floor":25,"key":"REST"},{"floor":32,"key":"REST"}],"neow_cost":"NONE","seed_source_timestamp":93845133062400,"circlet_count":0,"master_deck":["Survivor+1","Neutralize","Dagger Throw","Calculated Gamble+1","Cloak And Dagger","Bouncing Flask","Tools of the Trade","Finisher","Dodge and Roll+1","Adrenaline","Deadly Poison","All Out Attack","Reflex","Grand Finale","Skewer","Dodge and Roll","Tools of the Trade","Slice","Tactician","Apotheosis+1","Predator","Prepared+1","Choke","Venomology","Outmaneuver+1","Well Laid Plans","Concentrate","Doppelganger","Tactician+1","Acrobatics+1","Acrobatics+1","Purity+1"],"relics":["Ring of the Snake","Golden Idol","Meat on the Bone","Regal Pillow","Pandora\u0027s Box","War Paint","Snake Skull","The Courier","Pear","The Specimen","Sozu","Toxic Egg 2","Ice Cream"],"potions_floor_usage":[8,16,21,24,27,33,33,37],"damage_taken":[{"damage":4,"enemies":"Jaw Worm","floor":1,"turns":4},{"damage":0,"enemies":"Small Slimes","floor":3,"turns":4},{"damage":0,"enemies":"Cultist","floor":5,"turns":3},{"damage":4,"enemies":"Looter","floor":7,"turns":3},{"damage":34,"enemies":"Lagavulin","floor":8,"turns":10},{"damage":6,"enemies":"Red Slaver","floor":12,"turns":3},{"damage":0,"enemies":"Large Slime","floor":14,"turns":4},{"damage":26,"enemies":"The Guardian","floor":16,"turns":12},{"damage":20,"enemies":"Shell Parasite","floor":18,"turns":5},{"damage":17,"enemies":"3 Byrds","floor":21,"turns":5},{"damage":5,"enemies":"Snecko","floor":22,"turns":4},{"damage":3,"enemies":"Book of Stabbing","floor":24,"turns":4},{"damage":49,"enemies":"Slavers","floor":27,"turns":6},{"damage":14,"enemies":"Centurion and Healer","floor":28,"turns":6},{"damage":23,"enemies":"Book of Stabbing","floor":30,"turns":4},{"damage":19,"enemies":"Snake Plant","floor":31,"turns":4},{"damage":41,"enemies":"Automaton","floor":33,"turns":10},{"damage":10,"enemies":"3 Shapes","floor":35,"turns":4},{"damage":50,"enemies":"3 Darklings","floor":37,"turns":5},{"damage":44,"enemies":"Spire Growth","floor":39,"turns":3}],"seed_played":"-1451885754624438065","potions_obtained":[{"floor":5,"key":"SpeedPotion"},{"floor":8,"key":"GhostInAJar"},{"floor":12,"key":"GamblersBrew"},{"floor":21,"key":"AttackPotion"},{"floor":24,"key":"Block Potion"},{"floor":30,"key":"Dexterity Potion"},{"floor":31,"key":"Swift Potion"},{"floor":33,"key":"AttackPotion"}],"is_trial":false,"path_per_floor":["M","?","M","?","M","R","M","E","T","?","R","M","R","M","R","B",null,"M","?","$","M","M","R","E","R","T","E","M","?","E","M","R","B",null,"M","$","M","?","M"],"character_chosen":"THE_SILENT","items_purchased":["Apotheosis","Well Laid Plans","Concentrate","Doppelganger","Toxic Egg 2","Tactician+1","Acrobatics+1","Ice Cream"],"campfire_rested":4,"item_purchase_floors":[20,36,36,36,36,36,36,36],"current_hp_per_floor":[66,49,49,49,49,70,66,32,32,32,68,62,62,62,62,36,70,50,50,50,45,40,40,37,70,70,33,31,41,30,23,62,33,80,70,70,32,32,0],"gold":21,"neow_bonus":"THREE_CARDS","is_prod":false,"is_daily":false,"chose_seed":false,"campfire_upgraded":2,"win_rate":0,"timestamp":1551539038,"path_taken":["M","?","M","?","?","R","M","E","T","?","R","M","R","M","R","BOSS","M","?","$","M","M","R","E","R","T","E","M","?","E","M","R","BOSS","M","$","M","?","M"],"build_version":"2019-01-23","purchased_purges":1,"victory":false,"max_hp_per_floor":[70,70,70,70,70,70,70,70,70,70,70,70,70,70,70,70,70,70,70,70,70,70,70,70,70,70,70,70,80,80,80,80,80,80,80,80,80,80,80],"card_choices":[{"not_picked":["Bane","Outmaneuver"],"picked":"Dagger Throw","floor":0},{"not_picked":["PiercingWail","Underhanded Strike"],"picked":"Calculated Gamble","floor":1},{"not_picked":["Outmaneuver","Dagger Spray"],"picked":"Cloak And Dagger","floor":3},{"not_picked":["Acrobatics","Bane"],"picked":"Bouncing Flask","floor":5},{"not_picked":["Slice","Cloak And Dagger"],"picked":"Tools of the Trade","floor":7},{"not_picked":["Caltrops","Deflect","Dagger Throw"],"picked":"SKIP","floor":8},{"not_picked":["Concentrate","Backstab"],"picked":"Finisher","floor":12},{"not_picked":["Quick Slash","Prepared"],"picked":"Dodge and Roll","floor":14},{"not_picked":["Backstab+1","Dodge and Roll"],"picked":"Tactician","floor":18},{"not_picked":["Bouncing Flask","Deadly Poison+1"],"picked":"Predator","floor":21},{"not_picked":["PiercingWail+1","Noxious Fumes"],"picked":"Prepared+1","floor":22},{"not_picked":["Riddle With Holes","Skewer"],"picked":"Choke","floor":24},{"not_picked":["Slice","Deflect","Prepared+1"],"picked":"SKIP","floor":27},{"not_picked":["Dagger Throw","Cloak And Dagger+1","Slice"],"picked":"SKIP","floor":28},{"not_picked":["Deadly Poison+1","Calculated Gamble","Masterful Stab"],"picked":"SKIP","floor":30},{"not_picked":["Prepared","Flying Knee+1","Deflect"],"picked":"SKIP","floor":31},{"not_picked":["Doppelganger","Phantasmal Killer"],"picked":"Venomology","floor":33},{"not_picked":["Bane+1","Cloak And Dagger+1"],"picked":"Outmaneuver+1","floor":35},{"not_picked":["Bane+1","PiercingWail+1"],"picked":"Acrobatics+1","floor":37},{"not_picked":["Discovery+1","Apotheosis+1"],"picked":"Purity+1","floor":38}],"player_experience":309548,"relics_obtained":[{"floor":8,"key":"Meat on the Bone"},{"floor":9,"key":"Regal Pillow"},{"floor":24,"key":"War Paint"},{"floor":26,"key":"Snake Skull"},{"floor":27,"key":"The Courier"},{"floor":30,"key":"The Specimen"}],"event_choices":[{"damage_healed":0,"gold_gain":0,"player_choice":"Take Damage","damage_taken":17,"relics_obtained":["Golden Idol"],"max_hp_gain":0,"max_hp_loss":0,"event_name":"Golden Idol","floor":2,"gold_loss":0},{"cards_removed":["Strike_G"],"damage_healed":0,"gold_gain":0,"player_choice":"Card Removal","damage_taken":0,"max_hp_gain":0,"max_hp_loss":0,"event_name":"Wheel of Change","floor":4,"gold_loss":0},{"damage_healed":0,"gold_gain":275,"player_choice":"Desecrate","damage_taken":0,"max_hp_gain":0,"max_hp_loss":0,"event_name":"Golden Shrine","floor":10,"gold_loss":0,"cards_obtained":["Regret"]},{"cards_removed":["Regret"],"damage_healed":0,"gold_gain":0,"player_choice":"Gave Gold","damage_taken":0,"max_hp_gain":0,"max_hp_loss":0,"event_name":"Beggar","floor":19,"gold_loss":75},{"damage_healed":0,"gold_gain":0,"player_choice":"Opened","damage_taken":0,"relics_obtained":["Pear"],"max_hp_gain":0,"max_hp_loss":0,"event_name":"The Mausoleum","floor":29,"gold_loss":0,"cards_obtained":["Writhe"]},{"damage_healed":0,"gold_gain":0,"player_choice":"Memory 1","damage_taken":0,"max_hp_gain":0,"max_hp_loss":0,"event_name":"SensoryStone","floor":38,"gold_loss":0}],"is_beta":false,"boss_relics":[{"not_picked":["Ectoplasm","Tiny House"],"picked":"Pandora\u0027s Box"},{"not_picked":["Ring of the Serpent","Runic Dome"],"picked":"Sozu"}],"items_purged_floors":[36],"is_endless":false,"potions_floor_spawned":[5,8,12,21,24,30,31,33,35],"killed_by":"Spire Growth","ascension_level":1}