{"gold_per_floor":[361,361,436,436,150,150,160,189,262,293,293,308,333,349,349,452,452,466,200,219,219,219,219,244,244,326,326,343,359,359,377,377,475,475,488,488,428,528,239,239,255,7,7,7,17,17,34,52,52,52],"floor_reached":50,"playtime":3773,"items_purged":["Parasite","Writhe"],"score":671,"play_id":"a55153da-d049-455f-99cb-eff0368d3d98","local_time":"20181209201723","is_ascension_mode":true,"campfire_choices":[{"floor":6,"key":"REST"},{"data":"Noxious Fumes","floor":15,"key":"SMITH"},{"data":"Noxious Fumes","floor":23,"key":"SMITH"},{"data":"Footwork","floor":25,"key":"SMITH"},{"data":"Adrenaline","floor":30,"key":"SMITH"},{"data":"Poisoned Stab","floor":32,"key":"SMITH"},{"data":"Wraith Form v2","floor":40,"key":"SMITH"},{"data":"Acrobatics","floor":44,"key":"SMITH"},{"data":"Bouncing Flask","floor":49,"key":"SMITH"}],"neow_cost":"PERCENT_DAMAGE","seed_source_timestamp":1372769615302024,"circlet_count":0,"master_deck":["Defend_G","Defend_G","Defend_G","Defend_G","Survivor","Neutralize+1","Backflip","Well Laid Plans","Poisoned Stab+1","Noxious Fumes+1","Acrobatics+1","Backstab+1","Flechettes+1","Sucker Punch+1","Adrenaline+1","Caltrops+1","Noxious Fumes+1","Footwork+1","Bite+1","Bite+1","Bite+1","Bite+1","Bite+1","Dagger Spray+1","Dagger Spray+1","Sucker Punch+1","Wraith Form v2+1","Bouncing Flask+1","Madness","Madness","Backstab+1","Dash+1","Cloak And Dagger+1"],"relics":["Ring of the Snake","Mercury Hourglass","Centennial Puzzle","Molten Egg 2","Ancient Tea Set","Pen Nib","Eternal Feather","ClockworkSouvenir","The Courier","Meat on the Bone","Kunai","Blood Vial","Lizard Tail","TwistedFunnel","Thread and Needle","Dodecahedron"],"potions_floor_usage":[10,12,13,16,41,47,47,48],"damage_taken":[{"damage":10,"enemies":"Small Slimes","floor":1,"turns":4},{"damage":0,"enemies":"2 Louse","floor":7,"turns":2},{"damage":26,"enemies":"Gremlin Nob","floor":8,"turns":4},{"damage":1,"enemies":"3 Sentries","floor":10,"turns":6},{"damage":0,"enemies":"Jaw Worm","floor":12,"turns":3},{"damage":2,"enemies":"Gremlin Nob","floor":13,"turns":3},{"damage":1,"enemies":"Blue Slaver","floor":14,"turns":2},{"damage":6,"enemies":"The Guardian","floor":16,"turns":8},{"damage":27,"enemies":"2 Thieves","floor":18,"turns":3},{"damage":11,"enemies":"Shell Parasite","floor":20,"turns":4},{"damage":4,"enemies":"Gremlin Leader","floor":24,"turns":6},{"damage":13,"enemies":"Shelled Parasite and Fungi","floor":28,"turns":6},{"damage":9,"enemies":"Chosen and Byrds","floor":29,"turns":3},{"damage":11,"enemies":"Centurion and Healer","floor":31,"turns":4},{"damage":28,"enemies":"Automaton","floor":33,"turns":10},{"damage":3,"enemies":"Orb Walker","floor":35,"turns":4},{"damage":6,"enemies":"3 Shapes","floor":41,"turns":2},{"damage":0,"enemies":"Spire Growth","floor":45,"turns":5},{"damage":16,"enemies":"Jaw Worm Horde","floor":47,"turns":4},{"damage":2,"enemies":"Transient","floor":48,"turns":5},{"damage":111,"enemies":"Time Eater","floor":50,"turns":11}],"seed_played":"-2250779163506635966","potions_obtained":[{"floor":1,"key":"EssenceOfSteel"},{"floor":8,"key":"SneckoOil"},{"floor":10,"key":"Fire Potion"},{"floor":14,"key":"PowerPotion"},{"floor":28,"key":"Strength Potion"},{"floor":33,"key":"GamblersBrew"},{"floor":35,"key":"Regen Potion"},{"floor":45,"key":"LiquidBronze"}],"is_trial":false,"path_per_floor":["M","?","?","?","$","R","M","E","T","E","?","M","E","M","R","B",null,"M","$","M","?","?","R","E","R","T","T","M","M","R","M","R","B",null,"M","?","$","?","$","R","M","$","T","R","M","?","M","M","R","B"],"character_chosen":"THE_SILENT","items_purchased":["Well Laid Plans","Mercury Hourglass","ClockworkSouvenir","Noxious Fumes","TwistedFunnel","Backstab+1","Thread and Needle"],"campfire_rested":1,"item_purchase_floors":[5,5,19,19,39,39,42],"current_hp_per_floor":[35,35,24,24,24,45,45,19,19,18,35,35,33,32,32,26,59,32,32,21,21,21,36,49,49,49,49,45,41,49,41,49,36,46,47,41,41,41,41,46,40,40,40,46,46,46,34,46,46,0],"gold":52,"neow_bonus":"TWO_FIFTY_GOLD","is_prod":false,"is_daily":false,"chose_seed":false,"campfire_upgraded":8,"win_rate":0,"timestamp":1544404643,"path_taken":["M","?","?","?","$","R","M","E","T","E","?","M","E","?","R","BOSS","M","$","M","?","?","R","E","R","T","?","?","M","R","M","R","BOSS","M","?","?","?","$","R","M","$","T","R","?","?","M","M","R","BOSS"],"build_version":"2018-12-06","purchased_purges":2,"victory":false,"max_hp_per_floor":[70,70,70,70,70,70,70,70,70,70,70,70,70,70,70,70,70,70,70,70,70,49,49,49,49,49,49,49,49,49,49,49,49,49,49,49,46,46,46,46,46,46,46,46,46,46,46,46,46,46],"card_choices":[{"not_picked":["Crippling Poison","Calculated Gamble"],"picked":"Backflip","floor":1},{"not_picked":["Heel Hook","Underhanded Strike"],"picked":"Poisoned Stab","floor":7},{"not_picked":["Dodge and Roll","Acrobatics"],"picked":"Noxious Fumes","floor":8},{"not_picked":["Prepared","Deadly Poison"],"picked":"Acrobatics","floor":10},{"not_picked":["Blade Dance","Bouncing Flask"],"picked":"Backstab+1","floor":12},{"not_picked":["Underhanded Strike+1","Calculated Gamble"],"picked":"Flechettes+1","floor":13},{"not_picked":["Dodge and Roll","Leg Sweep"],"picked":"Sucker Punch+1","floor":14},{"not_picked":["Corpse Explosion","After Image"],"picked":"Adrenaline","floor":16},{"not_picked":["Outmaneuver","Choke+1"],"picked":"Caltrops+1","floor":18},{"not_picked":["Leg Sweep","Concentrate"],"picked":"Footwork","floor":20},{"not_picked":["Cloak And Dagger","Endless Agony+1"],"picked":"Dagger Spray+1","floor":24},{"not_picked":["Prepared","Tactician","Blade Dance"],"picked":"SKIP","floor":28},{"not_picked":["PiercingWail","Flying Knee+1"],"picked":"Dagger Spray+1","floor":29},{"not_picked":["Calculated Gamble","Setup+1"],"picked":"Sucker Punch+1","floor":31},{"not_picked":["Die Die Die+1","Night Terror"],"picked":"Wraith Form v2","floor":33},{"not_picked":["Quick Slash+1","Finisher+1"],"picked":"Bouncing Flask","floor":35},{"not_picked":["Eviscerate+1","Caltrops","Heel Hook+1"],"picked":"SKIP","floor":41},{"not_picked":["Blade Dance","Deflect","Caltrops"],"picked":"SKIP","floor":45},{"not_picked":["Bane+1","Slice+1"],"picked":"Dash+1","floor":47},{"not_picked":["Sucker Punch+1","Deflect+1"],"picked":"Cloak And Dagger+1","floor":48}],"player_experience":297495,"relics_obtained":[{"floor":8,"key":"Centennial Puzzle"},{"floor":9,"key":"Molten Egg 2"},{"floor":10,"key":"Ancient Tea Set"},{"floor":13,"key":"Pen Nib"},{"floor":24,"key":"Meat on the Bone"},{"floor":26,"key":"Kunai"},{"floor":27,"key":"Blood Vial"},{"floor":43,"key":"Dodecahedron"}],"event_choices":[{"damage_healed":0,"gold_gain":0,"player_choice":"Grow","damage_taken":0,"max_hp_gain":0,"max_hp_loss":0,"event_name":"Living Wall","floor":2,"gold_loss":0,"cards_upgraded":["Neutralize"]},{"damage_healed":0,"gold_gain":75,"player_choice":"Gather Gold","damage_taken":11,"max_hp_gain":0,"max_hp_loss":0,"event_name":"World of Goop","floor":3,"gold_loss":0},{"damage_healed":0,"gold_gain":0,"player_choice":"Ignored","damage_taken":0,"max_hp_gain":0,"max_hp_loss":0,"event_name":"Golden Wing","floor":4,"gold_loss":0},{"damage_healed":17,"gold_gain":0,"player_choice":"Healed and dodged fight","damage_taken":0,"max_hp_gain":0,"max_hp_loss":0,"event_name":"Mushrooms","floor":11,"gold_loss":0,"cards_obtained":["Parasite"]},{"damage_healed":0,"gold_gain":0,"player_choice":"Opened","damage_taken":0,"relics_obtained":["The Courier"],"max_hp_gain":0,"max_hp_loss":0,"event_name":"The Mausoleum","floor":21,"gold_loss":0,"cards_obtained":["Writhe"]},{"damage_healed":0,"gold_gain":0,"player_choice":"Became a vampire","damage_taken":0,"max_hp_gain":0,"max_hp_loss":21,"event_name":"Vampires","floor":22,"gold_loss":0,"cards_obtained":["Bite","Bite","Bite","Bite","Bite"]},{"damage_healed":0,"gold_gain":0,"player_choice":"Embrace Madness","damage_taken":6,"max_hp_gain":0,"max_hp_loss":0,"event_name":"Winding Halls","floor":36,"gold_loss":0,"cards_obtained":["Madness","Madness"]},{"damage_healed":0,"gold_gain":100,"player_choice":"Pray","damage_taken":0,"max_hp_gain":0,"max_hp_loss":0,"event_name":"Golden Shrine","floor":38,"gold_loss":0},{"cards_removed":["Defend_G"],"damage_healed":0,"gold_gain":0,"player_choice":"Removed Skill","damage_taken":0,"max_hp_gain":0,"max_hp_loss":0,"event_name":"Falling","floor":46,"gold_loss":0}],"is_beta":false,"boss_relics":[{"not_picked":["WristBlade","Snecko Eye"],"picked":"Eternal Feather"},{"not_picked":["Sozu","Tiny House"],"picked":"Lizard Tail"}],"items_purged_floors":[37,39],"is_endless":false,"potions_floor_spawned":[1,8,10,14,28,33,35,45],"killed_by":"Time Eater","ascension_level":6}