{"gold_per_floor":[109,32,32,50,50,50,85,85,85,124,124,143,161,194,194,320,320,338,278,296,296,296,296,310,310,390,414,434,468,448,228,228,358,358,377,404,431,52,68,68,102,102,102,102,115,115,140,21,21,21],"floor_reached":51,"playtime":1654,"items_purged":["Strike_R","Strike_R"],"score":979,"play_id":"3bf865a9-6880-4f58-a39f-28164afe2090","local_time":"20190222111259","is_ascension_mode":true,"campfire_choices":[{"data":"Metallicize","floor":6.0,"key":"SMITH"},{"data":"Searing Blow","floor":8.0,"key":"SMITH"},{"data":"Searing Blow+1","floor":11.0,"key":"SMITH"},{"data":"Searing Blow+2","floor":15.0,"key":"SMITH"},{"floor":23.0,"key":"REST"},{"data":"Searing Blow+3","floor":25.0,"key":"SMITH"},{"floor":32.0,"key":"REST"},{"data":"Searing Blow+4","floor":40.0,"key":"SMITH"},{"floor":42,"key":"REST"},{"data":"Searing Blow+5","floor":46,"key":"SMITH"},{"data":"Searing Blow+6","floor":49,"key":"SMITH"}],"neow_cost":"NONE","seed_source_timestamp":753003216380276,"circlet_count":0,"master_deck":["Strike_R","Defend_R","Defend_R","Defend_R","Bash","Metallicize+1","Searing Blow+7","Reaper","Dropkick","Reaper","Cleave+1","Heavy Blade","Pummel","Necronomicurse","Ghostly Armor+1","Spot Weakness+1","Double Tap","Impervious","Dramatic Entrance"],"special_seed":0,"relics":["Burning Blood","NeowsBlessing","Golden Idol","Ancient Tea Set","Bottled Lightning","Blood Vial","Mango","Astrolabe","Necronomicon","Dodecahedron","Frozen Egg 2","Bag of Marbles","Velvet Choker","MawBank","Membership Card","StoneCalendar","Ornamental Fan","Thread and Needle"],"potions_floor_usage":[41,41,41],"damage_taken":[{"damage":0.0,"enemies":"Jaw Worm","floor":1.0,"turns":1.0},{"damage":0.0,"enemies":"Cultist","floor":4.0,"turns":1.0},{"damage":0.0,"enemies":"Lagavulin","floor":7.0,"turns":2.0},{"damage":13.0,"enemies":"3 Sentries","floor":10.0,"turns":7.0},{"damage":0.0,"enemies":"2 Louse","floor":12.0,"turns":3.0},{"damage":4.0,"enemies":"Exordium Wildlife","floor":13.0,"turns":3.0},{"damage":11.0,"enemies":"Lagavulin","floor":14.0,"turns":5.0},{"damage":39.0,"enemies":"The Guardian","floor":16.0,"turns":10.0},{"damage":51.0,"enemies":"Shell Parasite","floor":18.0,"turns":8.0},{"damage":26.0,"enemies":"2 Thieves","floor":19.0,"turns":4.0},{"damage":47.0,"enemies":"Centurion and Healer","floor":20.0,"turns":9.0},{"damage":10.0,"enemies":"Snecko","floor":24.0,"turns":3.0},{"damage":13.0,"enemies":"Cultist and Chosen","floor":27.0,"turns":5.0},{"damage":16.0,"enemies":"Snake Plant","floor":28.0,"turns":4.0},{"damage":43.0,"enemies":"Book of Stabbing","floor":29.0,"turns":5.0},{"damage":53.0,"enemies":"Collector","floor":33.0,"turns":4.0},{"damage":3.0,"enemies":"Orb Walker","floor":35.0,"turns":2.0},{"damage":56.0,"enemies":"3 Shapes","floor":37.0,"turns":3.0},{"damage":17.0,"enemies":"3 Darklings","floor":39.0,"turns":3.0},{"damage":99,"enemies":"Nemesis","floor":41,"turns":7},{"damage":26,"enemies":"Sphere and 2 Shapes","floor":45,"turns":5},{"damage":32,"enemies":"Jaw Worm Horde","floor":47,"turns":3},{"damage":79,"enemies":"Awakened One","floor":50,"turns":9}],"seed_played":"4640889733810251981","potions_obtained":[{"floor":7.0,"key":"Explosive Potion"},{"floor":10.0,"key":"Fire Potion"},{"floor":14.0,"key":"Strength Potion"},{"floor":18.0,"key":"Dexterity Potion"},{"floor":20.0,"key":"Block Potion"},{"floor":29.0,"key":"Block Potion"},{"floor":30.0,"key":"Energy Potion"},{"floor":35.0,"key":"Strength Potion"}],"is_trial":false,"path_per_floor":["M","$","?","M","?","R","E","R","T","E","R","M","M","E","R","B",null,"M","M","M","?","?","R","M","R","T","M","M","E","?","$","R","B",null,"M","T","M","$","M","R","E","R","T","?","M","R","M","$","R","B",null],"character_chosen":"IRONCLAD","items_purchased":["Metallicize","Bag of Marbles","Membership Card","StoneCalendar","Impervious","Dramatic Entrance"],"campfire_rested":3,"item_purchase_floors":[2,31,38,38,48,48],"current_hp_per_floor":[78,78,78,80,60,60,66,66,66,59,59,71,75,86,86,59,85,48,46,23,23,7,35,51,51,51,76,73,46,46,46,74,65,87,92,92,73,73,93,93,19,47,47,47,69,69,64,64,64,25],"gold":21,"neow_bonus":"THREE_ENEMY_KILL","is_prod":false,"is_daily":false,"chose_seed":false,"campfire_upgraded":8,"win_rate":0,"timestamp":1550862779,"path_taken":["M","$","?","?","?","R","E","R","T","E","R","M","M","E","R","BOSS","M","M","M","?","?","R","M","R","T","M","M","E","?","$","R","BOSS","M","?","M","$","?","R","E","R","T","?","M","R","M","?","R","BOSS"],"build_version":"2019-01-23","purchased_purges":2,"victory":true,"max_hp_per_floor":[80,80,80,80,80,80,80,80,80,80,80,80,80,94,94,94,94,94,94,94,94,94,94,94,94,94,94,94,94,94,94,94,94,94,94,94,94,94,94,94,94,94,94,94,94,94,94,94,94,94],"card_choices":[{"not_picked":["Blood for Blood","Warcry"],"picked":"Clash","floor":1.0},{"not_picked":["Body Slam","Perfected Strike"],"picked":"Clash","floor":4.0},{"not_picked":["Shrug It Off","Fire Breathing"],"picked":"Searing Blow","floor":7.0},{"not_picked":["Flex","Body Slam"],"picked":"Reaper","floor":10.0},{"not_picked":["Pommel Strike","True Grit"],"picked":"Dropkick","floor":12.0},{"not_picked":["Combust","Havoc","Anger"],"picked":"SKIP","floor":13.0},{"not_picked":["Clothesline","True Grit","Corruption"],"picked":"SKIP","floor":14.0},{"not_picked":["Bludgeon","Limit Break"],"picked":"Reaper","floor":16.0},{"not_picked":["Blood for Blood","Whirlwind","Dual Wield"],"picked":"SKIP","floor":18.0},{"not_picked":["Headbutt","Armaments","Warcry"],"picked":"SKIP","floor":19.0},{"not_picked":["Clash","Heavy Blade","Thunderclap+1"],"picked":"SKIP","floor":20.0},{"not_picked":["Pommel Strike+1","Shockwave","Hemokinesis"],"picked":"SKIP","floor":24.0},{"not_picked":["Headbutt+1","Carnage"],"picked":"Ghostly Armor+1","floor":27.0},{"not_picked":["Seeing Red","Twin Strike","Armaments"],"picked":"SKIP","floor":28.0},{"not_picked":["Shrug It Off","Dropkick"],"picked":"Spot Weakness+1","floor":29.0},{"not_picked":["Immolate","Berserk+1"],"picked":"Double Tap","floor":33.0},{"not_picked":["Whirlwind+1","Second Wind","Heavy Blade"],"picked":"SKIP","floor":35.0},{"not_picked":["Heavy Blade","Anger","Twin Strike+1"],"picked":"SKIP","floor":37.0},{"not_picked":["Sword Boomerang","Reckless Charge+1","Anger+1"],"picked":"SKIP","floor":39.0},{"not_picked":["Spot Weakness","Shockwave+1","Disarm"],"picked":"SKIP","floor":41},{"not_picked":["Intimidate+1","Iron Wave","Blood for Blood+1"],"picked":"SKIP","floor":45},{"not_picked":["Heavy Blade","Evolve+1","Dropkick"],"picked":"SKIP","floor":47}],"player_experience":296470,"relics_obtained":[{"floor":7.0,"key":"Ancient Tea Set"},{"floor":9.0,"key":"Bottled Lightning"},{"floor":10.0,"key":"Blood Vial"},{"floor":14.0,"key":"Mango"},{"floor":22.0,"key":"Necronomicon"},{"floor":26.0,"key":"Dodecahedron"},{"floor":29.0,"key":"Frozen Egg 2"},{"floor":36.0,"key":"MawBank"},{"floor":41,"key":"Ornamental Fan"},{"floor":43,"key":"Thread and Needle"}],"event_choices":[{"cards_removed":["Strike_R"],"damage_healed":0.0,"max_hp_gain":0.0,"max_hp_loss":0.0,"gold_gain":0.0,"event_name":"Purifier","player_choice":"Purged","floor":3.0,"gold_loss":0.0,"damage_taken":0.0},{"damage_healed":0.0,"max_hp_gain":0.0,"max_hp_loss":0.0,"gold_gain":0.0,"event_name":"Golden Idol","player_choice":"Take Damage","floor":5.0,"gold_loss":0.0,"damage_taken":20.0,"relics_obtained":["Golden Idol"]},{"damage_healed":0.0,"max_hp_gain":0.0,"max_hp_loss":0.0,"gold_gain":0.0,"cards_transformed":["Second Wind","Feel No Pain"],"event_name":"Drug Dealer","player_choice":"Became Test Subject","floor":21.0,"gold_loss":0.0,"damage_taken":0.0,"cards_obtained":["Heavy Blade","Pummel"]},{"damage_healed":0.0,"max_hp_gain":0.0,"max_hp_loss":0.0,"gold_gain":0.0,"event_name":"Cursed Tome","player_choice":"Obtained Book","floor":22.0,"gold_loss":0.0,"damage_taken":16.0},{"damage_healed":0.0,"max_hp_gain":0.0,"max_hp_loss":0.0,"gold_gain":0.0,"event_name":"The Woman in Blue","player_choice":"Bought 1 Potion","floor":30.0,"gold_loss":0.0,"damage_taken":0.0},{"cards_removed":["Clash"],"damage_healed":0,"gold_gain":0,"player_choice":"Removed Attack","damage_taken":0,"max_hp_gain":0,"max_hp_loss":0,"event_name":"Falling","floor":44,"gold_loss":0}],"is_beta":false,"boss_relics":[{"not_picked":["Orrery","Lizard Tail"],"picked":"Astrolabe"},{"not_picked":["Mark of Pain","White Beast Statue"],"picked":"Velvet Choker"}],"items_purged_floors":[31,38],"is_endless":false,"potions_floor_spawned":[7,10,14,18,20,29,35,39],"ascension_level":7}