{"gold_per_floor":[117,117,137,237,251,285,285,301,357,127,137,151,151,179,179,277,277,293,17,17,31,46,46,46,63,90,117,137,87,87,87,87,184,184,197,1,50,50,68,68,68],"floor_reached":41,"playtime":2426,"items_purged":["Defend_B","Writhe"],"score":471,"play_id":"4726210f-556b-4d59-b3a7-98b2e2c61f41","local_time":"20181110124708","is_ascension_mode":false,"campfire_choices":[{"data":"Biased Cognition","floor":7,"key":"SMITH"},{"floor":15,"key":"REST"},{"data":"Biased Cognition","floor":23,"key":"SMITH"},{"floor":30,"key":"REST"},{"data":"Electrodynamics","floor":32,"key":"SMITH"},{"data":"Static Discharge","floor":40,"key":"SMITH"}],"neow_cost":"NONE","seed_source_timestamp":412379695281521,"circlet_count":0,"master_deck":["Strike_B","Strike_B","Strike_B","Strike_B","Defend_B","Defend_B","Defend_B","Zap","Dualcast","Defragment+1","Hello World","Static Discharge+1","Biased Cognition+1","Go for the Eyes","Doom and Gloom","Reprogram","Electrodynamics+1","Biased Cognition+1","Go for the Eyes","Lockon","Go for the Eyes+1","Beam Cell","Melter","Sweeping Beam","Seek","Biased Cognition","Gash+1","Ball Lightning","Compile Driver+1"],"relics":["Cracked Core","NeowsBlessing","Regal Pillow","Tiny Chest","Medical Kit","Dodecahedron","Bronze Scales","Lizard Tail","Meat on the Bone","Gambling Chip","Blood Vial","Smiling Mask","MutagenicStrength","Nuclear Battery","Pen Nib","FossilizedHelix"],"potions_floor_usage":[14,14,14,33,33],"damage_taken":[{"damage":0,"enemies":"Small Slimes","floor":1,"turns":1},{"damage":0,"enemies":"Jaw Worm","floor":3,"turns":1},{"damage":0,"enemies":"Cultist","floor":5,"turns":1},{"damage":20,"enemies":"Lagavulin","floor":6,"turns":5},{"damage":12,"enemies":"Exordium Wildlife","floor":8,"turns":3},{"damage":3,"enemies":"Large Slime","floor":11,"turns":4},{"damage":0,"enemies":"3 Louse","floor":12,"turns":2},{"damage":5,"enemies":"3 Sentries","floor":14,"turns":5},{"damage":0,"enemies":"Slime Boss","floor":16,"turns":4},{"damage":1,"enemies":"Chosen","floor":18,"turns":3},{"damage":27,"enemies":"2 Thieves","floor":21,"turns":4},{"damage":26,"enemies":"Centurion and Healer","floor":22,"turns":3},{"damage":17,"enemies":"Snecko","floor":25,"turns":4},{"damage":43,"enemies":"Slavers","floor":27,"turns":3},{"damage":26,"enemies":"3 Cultists","floor":28,"turns":4},{"damage":60,"enemies":"Collector","floor":33,"turns":6},{"damage":14,"enemies":"3 Darklings","floor":35,"turns":2},{"damage":26,"enemies":"2 Orb Walkers","floor":37,"turns":2},{"damage":8,"enemies":"3 Shapes","floor":39,"turns":2},{"damage":46,"enemies":"Nemesis","floor":41,"turns":3}],"seed_played":"-6353111985427473023","potions_obtained":[{"floor":3,"key":"Dexterity Potion"},{"floor":6,"key":"Ancient Potion"},{"floor":11,"key":"EssenceOfSteel"},{"floor":21,"key":"FearPotion"},{"floor":22,"key":"SteroidPotion"},{"floor":35,"key":"SteroidPotion"}],"is_trial":false,"path_per_floor":["M","?","M","?","M","E","R","M","T","$","M","M","T","E","R","B",null,"M","$","?","M","M","R","?","M","T","E","M","$","R","?","R","B",null,"M","$","?","?","M","R","E"],"character_chosen":"DEFECT","items_purchased":["Medical Kit","Doom and Gloom","Meat on the Bone","Lockon","Pen Nib"],"campfire_rested":2,"item_purchase_floors":[10,10,19,19,36],"current_hp_per_floor":[75,75,75,75,75,55,55,43,43,43,40,40,40,35,72,72,75,74,74,74,47,33,33,33,28,28,38,26,26,63,63,63,17,75,61,61,49,49,43,43,0],"gold":68,"neow_bonus":"THREE_ENEMY_KILL","is_prod":false,"is_daily":false,"chose_seed":false,"campfire_upgraded":4,"win_rate":0.0,"timestamp":1541872028,"path_taken":["M","?","M","?","M","E","R","M","T","$","?","M","?","E","R","BOSS","M","$","?","M","M","R","?","M","T","E","M","?","R","?","R","BOSS","M","$","?","?","M","R","E"],"build_version":"2018-11-08","purchased_purges":2,"victory":false,"max_hp_per_floor":[75,75,75,75,75,75,75,75,75,75,75,75,75,75,75,75,75,75,75,75,75,75,75,75,75,75,75,75,75,75,75,75,75,75,75,75,75,75,75,75,75],"card_choices":[{"not_picked":["Streamline","Melter"],"picked":"Defragment","floor":1},{"not_picked":["Streamline","Cold Snap"],"picked":"Hello World","floor":3},{"not_picked":["Ball Lightning","Cold Snap"],"picked":"Static Discharge","floor":5},{"not_picked":["Glacier","Compile Driver"],"picked":"Biased Cognition","floor":6},{"not_picked":["Reinforced Body","Hologram"],"picked":"Go for the Eyes","floor":8},{"not_picked":["Ball Lightning","Auto Shields"],"picked":"Cold Snap","floor":11},{"not_picked":["Beam Cell","Sweeping Beam"],"picked":"Reprogram","floor":12},{"not_picked":["Double Energy","Tempest"],"picked":"Electrodynamics","floor":14},{"not_picked":["Amplify","Multi-Cast"],"picked":"Biased Cognition","floor":16},{"not_picked":["Redo","Leap"],"picked":"Go for the Eyes","floor":18},{"not_picked":["Ball Lightning","Sweeping Beam"],"picked":"Go for the Eyes+1","floor":21},{"not_picked":["Gash","Auto Shields"],"picked":"Beam Cell","floor":22},{"not_picked":["Barrage+1","Leap+1"],"picked":"Melter","floor":25},{"not_picked":["Cold Snap","Blizzard"],"picked":"Sweeping Beam","floor":27},{"not_picked":["Gash","Aggregate"],"picked":"Seek","floor":28},{"not_picked":["Rainbow","Fission"],"picked":"Biased Cognition","floor":33},{"not_picked":["Coolheaded","Cold Snap"],"picked":"Gash+1","floor":35},{"not_picked":["Cold Snap","Stack+1"],"picked":"Ball Lightning","floor":37},{"not_picked":["Redo+1","Streamline"],"picked":"Compile Driver+1","floor":39}],"player_experience":140672,"relics_obtained":[{"floor":6,"key":"Regal Pillow"},{"floor":9,"key":"Tiny Chest"},{"floor":13,"key":"Dodecahedron"},{"floor":14,"key":"Bronze Scales"},{"floor":26,"key":"Blood Vial"},{"floor":27,"key":"Smiling Mask"},{"floor":37,"key":"FossilizedHelix"}],"event_choices":[{"damage_healed":0,"gold_gain":0,"player_choice":"Grow","damage_taken":0,"max_hp_gain":0,"max_hp_loss":0,"event_name":"Living Wall","floor":2,"gold_loss":0,"cards_upgraded":["Defragment"]},{"damage_healed":0,"gold_gain":100,"player_choice":"Pray","damage_taken":0,"max_hp_gain":0,"max_hp_loss":0,"event_name":"Golden Shrine","floor":4,"gold_loss":0},{"damage_healed":0,"gold_gain":0,"player_choice":"Ignored","damage_taken":0,"max_hp_gain":0,"max_hp_loss":0,"event_name":"Beggar","floor":20,"gold_loss":0},{"damage_healed":0,"gold_gain":0,"player_choice":"Opened","damage_taken":0,"relics_obtained":["Gambling Chip"],"max_hp_gain":0,"max_hp_loss":0,"event_name":"The Mausoleum","floor":24,"gold_loss":0,"cards_obtained":["Writhe"]},{"damage_healed":0,"gold_gain":0,"player_choice":"Inject Mutagens","damage_taken":0,"relics_obtained":["MutagenicStrength"],"max_hp_gain":0,"max_hp_loss":0,"event_name":"Drug Dealer","floor":31,"gold_loss":0},{"damage_healed":0,"gold_gain":0,"player_choice":"Fight","damage_taken":0,"max_hp_gain":0,"max_hp_loss":0,"event_name":"Mysterious Sphere","floor":37,"gold_loss":0},{"cards_removed":["Cold Snap"],"damage_healed":0,"gold_gain":0,"player_choice":"Removed Attack","damage_taken":0,"max_hp_gain":0,"max_hp_loss":0,"event_name":"Falling","floor":38,"gold_loss":0}],"is_beta":false,"boss_relics":[{"not_picked":["Coffee Dripper","Black Star"],"picked":"Lizard Tail"},{"not_picked":["Philosopher\u0027s Stone","FrozenCore"],"picked":"Nuclear Battery"}],"items_purged_floors":[29,36],"is_endless":false,"potions_floor_spawned":[3,6,11,12,21,22,35],"killed_by":"Nemesis","ascension_level":0}