{"path_per_floor":["M","?","$","M","M","R","M","R","T","M","R","M","M","M","R","B",null,"M","?","M","M","?","R","T","M","T","M","$","?","R","M","R","B",null,"M","?","M","$","?","R","M","M","T","E","M","?","M","M","R"],"character_chosen":"THE_SILENT","items_purchased":["Jack Of All Trades","Caltrops","After Image"],"gold_per_floor":[110,285,31,44,61,61,72,72,72,87,87,98,109,124,124,226,226,241,241,211,229,229,229,229,249,249,265,8,8,8,24,24,121,121,137,187,206,81,81,81,99,116,116,150,167,0,10,24,24],"floor_reached":50,"campfire_rested":3,"playtime":6813,"current_hp_per_floor":[70,70,70,70,67,67,67,67,81,81,81,81,81,81,81,75,84,70,70,67,49,33,59,59,38,38,2,2,2,20,17,35,1,62,62,62,57,57,68,68,67,68,68,60,68,68,63,68,68],"items_purged":["Doubt","Defend_G","Defend_G"],"gold":24,"score":498,"play_id":"69b3ab94-c1d5-47e8-b6d1-24474e71d8aa","local_time":"20180313225039","is_prod":false,"is_daily":false,"is_ascension_mode":false,"campfire_upgraded":6,"timestamp":1520981439,"path_taken":["M","?","$","M","M","R","M","R","T","M","R","M","M","M","R","BOSS","M","?","?","M","?","R","?","M","T","?","?","?","R","M","R","BOSS","M","?","M","$","?","R","M","M","T","E","M","?","M","M","R","BOSS"],"build_version":"2018-03-09","purchased_purges":3,"victory":false,"master_deck":["Defend_G","Defend_G","Defend_G","Survivor","Neutralize+1","Predator","Dodge and Roll","Jack Of All Trades+1","Caltrops","Blade Dance","Backflip+1","Footwork+1","Prepared","Glass Knife+1","Deflect","Bullet Time","Cloak And Dagger+1","Blur","Footwork+1","Setup","After Image","Bite","Bite","Bite","Bite","Bite","Backflip","Phantasmal Killer","Cloak And Dagger+1","Choke+1","Writhe","Terror","A Thousand Cuts","Flying Knee"],"max_hp_per_floor":[70,70,70,70,70,70,70,70,84,84,84,84,84,84,84,84,84,84,84,84,84,89,89,89,89,89,89,89,62,62,62,62,62,62,62,62,62,62,68,68,68,68,68,68,68,68,68,68,68],"relics":["Ring of the Snake","Mango","Lizard Tail","Darkstone Periapt","Lantern","Snecko Eye","Bird Faced Urn","Peace Pipe","Dodecahedron","Red Mask"],"card_choices":[{"not_picked":["Acrobatics","Sucker Punch"],"picked":"Dodge and Roll"},{"not_picked":["Finisher","Poisoned Stab"],"picked":"Blade Dance"},{"not_picked":["Wraith Form","Bane"],"picked":"Backflip"},{"not_picked":["Cloak And Dagger","Poisoned Stab"],"picked":"Footwork"},{"not_picked":["Deadly Poison","Flying Knee"],"picked":"Prepared"},{"not_picked":["Deadly Poison","Riddle With Holes"],"picked":"Glass Knife"},{"not_picked":["Dagger Throw","Malaise"],"picked":"Deflect"},{"not_picked":["Envenom","Unload"],"picked":"Bullet Time"},{"not_picked":["Riddle With Holes","Expertise"],"picked":"Cloak And Dagger"},{"not_picked":["Deflect","Burst"],"picked":"Footwork"},{"not_picked":["Dagger Spray","Bane"],"picked":"Setup"},{"not_picked":["Deflect","Blade Dance"],"picked":"Backflip"},{"not_picked":["Bullet Time","Night Terror"],"picked":"Phantasmal Killer"},{"not_picked":["Deadly Poison","Dagger Throw"],"picked":"Cloak And Dagger"},{"not_picked":["Slice","Cloak And Dagger"],"picked":"Choke"},{"not_picked":["Caltrops","Deadly Poison"],"picked":"Terror"},{"not_picked":["Deadly Poison","Backstab"],"picked":"A Thousand Cuts"},{"not_picked":["Quick Slash","Blade Dance"],"picked":"Flying Knee"}],"player_experience":108136,"potions_floor_usage":[18,20,31,33,33,44,50,50],"damage_taken":[{"damage":0,"enemies":"Cultist","floor":1,"turns":4},{"damage":0,"enemies":"Jaw Worm","floor":4,"turns":5},{"damage":3,"enemies":"Small Slimes","floor":5,"turns":3},{"damage":0,"enemies":"Looter","floor":7,"turns":3},{"damage":0,"enemies":"3 Louse","floor":10,"turns":4},{"damage":0,"enemies":"Lots of Slimes","floor":12,"turns":7},{"damage":0,"enemies":"2 Fungi Beasts","floor":13,"turns":3},{"damage":0,"enemies":"Blue Slaver","floor":14,"turns":4},{"damage":6,"enemies":"The Guardian","floor":16,"turns":14},{"damage":14,"enemies":"Chosen","floor":18,"turns":8},{"damage":3,"enemies":"2 Thieves","floor":20,"turns":5},{"damage":18,"enemies":"Snecko","floor":21,"turns":6},{"damage":21,"enemies":"Centurion and Healer","floor":25,"turns":8},{"damage":36,"enemies":"Cultist and Chosen","floor":27,"turns":14},{"damage":11,"enemies":"Snake Plant","floor":31,"turns":6},{"damage":76,"enemies":"Automaton","floor":33,"turns":28},{"damage":0,"enemies":"3 Shapes","floor":35,"turns":6},{"damage":1,"enemies":"Mysterious Sphere","floor":36,"turns":7},{"damage":25,"enemies":"3 Darklings","floor":37,"turns":7},{"damage":6,"enemies":"Sphere and 2 Shapes","floor":41,"turns":5},{"damage":13,"enemies":"Maw","floor":42,"turns":8},{"damage":22,"enemies":"2 Orb Walkers","floor":44,"turns":6},{"damage":5,"enemies":"4 Shapes","floor":45,"turns":8},{"damage":13,"enemies":"Sphere and 2 Shapes","floor":47,"turns":8},{"damage":1,"enemies":"Maw","floor":48,"turns":7},{"damage":148,"enemies":"Time Eater","floor":50,"turns":15}],"event_choices":[{"event_name":"Liars Game","player_choice":"agreed","floor":2,"damage_taken":0},{"event_name":"The Library","player_choice":"Read","floor":19,"damage_taken":0},{"event_name":"Forgotten Altar","player_choice":"Shed Blood","floor":22,"damage_taken":0},{"event_name":"Vampires","player_choice":"Became a vampire","floor":29,"damage_taken":0},{"event_name":"Mysterious Sphere","player_choice":"Fight","floor":36,"damage_taken":0},{"event_name":"Winding Halls","player_choice":"Writhe","floor":39,"damage_taken":0},{"event_name":"Tomb of Lord Red Mask","player_choice":"Paid","floor":46,"damage_taken":0}],"boss_relics":[{"not_picked":["Eternal Feather","Calling Bell"],"picked":"Lizard Tail"},{"not_picked":["Cursed Key","Runic Dome"],"picked":"Snecko Eye"}],"potions_floor_spawned":[4,5,10,13,14,18,20,21,37,47,48],"seed_played":"-1592611423230409524","killed_by":"Time Eater","ascension_level":0,"is_trial":false}