{"gold_per_floor":[115,133,83,158,83,83,102,102,102,127,302,302,320,337,337,337],"floor_reached":16,"playtime":1888,"items_purged":["Strike_R"],"score":110,"play_id":"1708d5fe-3961-4993-afe3-8e7e66f3da65","local_time":"20190303014633","is_ascension_mode":true,"campfire_choices":[{"data":"Uppercut","floor":6,"key":"SMITH"},{"data":"Body Slam","floor":8,"key":"SMITH"},{"data":"Shockwave","floor":12,"key":"SMITH"},{"data":"Thunderclap","floor":15,"key":"SMITH"}],"neow_cost":"NONE","seed_source_timestamp":717759618728206,"circlet_count":0,"master_deck":["Strike_R","Strike_R","Defend_R","Defend_R","Defend_R","Defend_R","Bash","Uppercut+1","Body Slam+1","Thunderclap+1","Shockwave+1","Doubt","Seeing Red","Reaper"],"relics":["Burning Blood","Juzu Bracelet","Sundial"],"potions_floor_usage":[16,16],"damage_taken":[{"damage":2,"enemies":"Jaw Worm","floor":1,"turns":3},{"damage":4,"enemies":"2 Louse","floor":2,"turns":3},{"damage":0,"enemies":"Small Slimes","floor":7,"turns":3},{"damage":30,"enemies":"3 Sentries","floor":10,"turns":11},{"damage":3,"enemies":"2 Fungi Beasts","floor":13,"turns":4},{"damage":6,"enemies":"Looter","floor":14,"turns":3},{"damage":56,"enemies":"Hexaghost","floor":16,"turns":14}],"seed_played":"-1771389425471644773","potions_obtained":[{"floor":13,"key":"Explosive Potion"},{"floor":14,"key":"GamblersBrew"}],"is_trial":false,"path_per_floor":["M","M","?","?","$","R","M","R","T","E","?","R","M","M","R","B"],"character_chosen":"IRONCLAD","items_purchased":[],"campfire_rested":0,"item_purchase_floors":[],"current_hp_per_floor":[80,80,80,69,69,69,75,75,75,51,51,51,54,54,54,0],"gold":337,"neow_bonus":"TRANSFORM_CARD","is_prod":false,"is_daily":false,"chose_seed":false,"campfire_upgraded":4,"win_rate":0,"timestamp":1551573993,"path_taken":["M","M","?","?","$","R","M","R","T","E","?","R","M","M","R","BOSS"],"build_version":"2019-01-23","purchased_purges":1,"victory":false,"max_hp_per_floor":[80,80,80,80,80,80,80,80,80,80,80,80,80,80,80,80],"card_choices":[{"not_picked":["Heavy Blade","Twin Strike"],"picked":"Body Slam","floor":1},{"not_picked":["Rage","Cleave"],"picked":"Thunderclap","floor":2},{"not_picked":["True Grit","Feel No Pain","Sword Boomerang"],"picked":"SKIP","floor":7},{"not_picked":["Headbutt","Clash"],"picked":"Shockwave","floor":10},{"not_picked":["Heavy Blade","Thunderclap"],"picked":"Seeing Red","floor":13},{"not_picked":["Rupture","Warcry"],"picked":"Reaper","floor":14}],"player_experience":422156,"relics_obtained":[{"floor":9,"key":"Juzu Bracelet"},{"floor":10,"key":"Sundial"}],"event_choices":[{"cards_removed":["Strike_R"],"damage_healed":0,"gold_gain":0,"player_choice":"Card Removal","damage_taken":0,"max_hp_gain":0,"max_hp_loss":0,"event_name":"The Cleric","floor":3,"gold_loss":50},{"damage_healed":0,"gold_gain":75,"player_choice":"Gather Gold","damage_taken":11,"max_hp_gain":0,"max_hp_loss":0,"event_name":"World of Goop","floor":4,"gold_loss":0},{"damage_healed":0,"gold_gain":175,"player_choice":"AGREE","damage_taken":0,"max_hp_gain":0,"max_hp_loss":0,"event_name":"Liars Game","floor":11,"gold_loss":0,"cards_obtained":["Doubt"]}],"is_beta":false,"boss_relics":[],"items_purged_floors":[5],"is_endless":false,"potions_floor_spawned":[13,14],"killed_by":"Hexaghost","ascension_level":2}