{"gold_per_floor":[119,134,84,84,94,94,119,139,164,164,164,164,89,122,122,196,196,215,227,238,238],"floor_reached":21,"playtime":1564,"items_purged":["Strike_R"],"score":321,"play_id":"1fbb8df9-701e-432d-a950-b56abdf17080","local_time":"20190226215147","is_ascension_mode":true,"campfire_choices":[{"data":"Armaments","floor":6,"key":"SMITH"},{"floor":10,"key":"REST"},{"data":"Rampage","floor":12,"key":"SMITH"},{"floor":15,"key":"REST"}],"neow_cost":"NONE","seed_source_timestamp":127438133789600,"circlet_count":0,"master_deck":["AscendersBane","Strike_R","Strike_R","Defend_R","Defend_R","Defend_R","Defend_R","Bash","Spot Weakness","Clothesline","Brutality","Armaments+1","Shockwave","Rampage+1","Disarm","Double Tap","Dropkick"],"relics":["Burning Blood","Vajra","Anchor","Lantern","Sozu"],"potions_floor_usage":[19],"damage_taken":[{"damage":0,"enemies":"2 Louse","floor":1,"turns":3},{"damage":4,"enemies":"Small Slimes","floor":2,"turns":5},{"damage":2,"enemies":"Cultist","floor":5,"turns":3},{"damage":37,"enemies":"3 Sentries","floor":7,"turns":9},{"damage":33,"enemies":"Gremlin Gang","floor":8,"turns":7},{"damage":24,"enemies":"Gremlin Nob","floor":14,"turns":4},{"damage":25,"enemies":"The Guardian","floor":16,"turns":13},{"damage":13,"enemies":"Spheric Guardian","floor":18,"turns":3},{"damage":15,"enemies":"3 Byrds","floor":19,"turns":4},{"damage":29,"enemies":"Cultist and Chosen","floor":20,"turns":7},{"damage":37,"enemies":"Sentry and Sphere","floor":21,"turns":5}],"seed_played":"1280283846846580777","potions_obtained":[{"floor":7,"key":"FearPotion"},{"floor":8,"key":"LiquidBronze"}],"is_trial":false,"path_per_floor":["M","M","?","?","M","R","E","M","T","R","?","R","$","E","R","B",null,"M","M","M","M"],"character_chosen":"IRONCLAD","items_purchased":[],"campfire_rested":2,"item_purchase_floors":[],"current_hp_per_floor":[81,82,82,82,82,82,51,24,24,48,48,48,48,30,54,35,70,63,54,31,0],"gold":238,"neow_bonus":"TEN_PERCENT_HP_BONUS","is_prod":false,"is_daily":false,"chose_seed":false,"campfire_upgraded":2,"win_rate":0,"timestamp":1551235907,"path_taken":["M","M","?","?","?","R","E","?","T","R","?","R","$","E","R","BOSS","M","M","M","M"],"build_version":"2019-01-23","purchased_purges":1,"victory":false,"max_hp_per_floor":[82,82,82,82,82,82,82,82,82,82,82,82,82,82,82,82,82,82,82,82,82],"card_choices":[{"not_picked":["Iron Wave","Heavy Blade"],"picked":"Spot Weakness","floor":1},{"not_picked":["Perfected Strike","Whirlwind"],"picked":"Clothesline","floor":2},{"not_picked":["Sentinel","Thunderclap"],"picked":"Armaments","floor":5},{"not_picked":["Disarm","Inflame"],"picked":"Shockwave","floor":7},{"not_picked":["Clash","Power Through"],"picked":"Rampage","floor":8},{"not_picked":["Wild Strike","Searing Blow"],"picked":"Disarm","floor":14},{"not_picked":["Reaper","Immolate"],"picked":"Double Tap","floor":16},{"not_picked":["Sword Boomerang","Pommel Strike","Carnage"],"picked":"SKIP","floor":18},{"not_picked":["Wild Strike","Clothesline","Perfected Strike"],"picked":"SKIP","floor":19},{"not_picked":["Havoc","True Grit"],"picked":"Dropkick","floor":20}],"player_experience":1370723,"relics_obtained":[{"floor":7,"key":"Vajra"},{"floor":9,"key":"Anchor"},{"floor":14,"key":"Lantern"}],"event_choices":[{"cards_removed":["Strike_R"],"damage_healed":0,"gold_gain":0,"player_choice":"Card Removal","damage_taken":0,"max_hp_gain":0,"max_hp_loss":0,"event_name":"The Cleric","floor":3,"gold_loss":50},{"damage_healed":0,"gold_gain":0,"player_choice":"1 cards matched","damage_taken":0,"max_hp_gain":0,"max_hp_loss":0,"event_name":"Match and Keep!","floor":4,"gold_loss":0,"cards_obtained":["Brutality"]},{"cards_removed":["Strike_R"],"damage_healed":0,"gold_gain":0,"player_choice":"Purged","damage_taken":0,"max_hp_gain":0,"max_hp_loss":0,"event_name":"Purifier","floor":11,"gold_loss":0}],"is_beta":false,"boss_relics":[{"not_picked":["Lizard Tail","Philosopher\u0027s Stone"],"picked":"Sozu"}],"items_purged_floors":[13],"is_endless":false,"potions_floor_spawned":[7,8,14,18],"killed_by":"Sentry and Sphere","ascension_level":14}