{"gold_per_floor":[110,124,124,299,317,350,60,79,79,79,79,98,132,150,150,251,251,271,31,34,34,52,77,93,111,111,111,111,111,140,154,154,252,252,271,91,109,121,141,171,181,210,236,31,48,58,158,174,174,174],"floor_reached":51,"playtime":6512,"items_purged":["Doubt","Decay"],"score":815,"play_id":"4acfa062-4cee-46b9-b13e-4c38f72b8cea","local_time":"20190302201035","is_ascension_mode":false,"campfire_choices":[{"data":"Poisoned Stab","floor":10.0,"key":"SMITH"},{"data":"Footwork","floor":15.0,"key":"SMITH"},{"floor":27.0,"key":"REST"},{"floor":32.0,"key":"REST"},{"data":"A Thousand Cuts","floor":49.0,"key":"SMITH"}],"neow_cost":"NONE","seed_source_timestamp":0,"circlet_count":0,"master_deck":["Defend_G","Defend_G","Defend_G","Defend_G","Defend_G","Survivor","Neutralize+1","Dagger Spray","Dodge and Roll","Poisoned Stab+1","Footwork+1","Dagger Throw","PiercingWail","A Thousand Cuts+1","Leg Sweep","Venomology","Infinite Blades+1","Accuracy+1","Dodge and Roll+1","A Thousand Cuts+1","Adrenaline+1","Footwork+1","Deflect+1","Accuracy+1","Footwork+1","Cloak And Dagger+1","Footwork+1","Backflip+1","After Image+1","Infinite Blades+1","Panache+1","Dodge and Roll+1"],"special_seed":0,"relics":["Ring of the Snake","Orichalcum","Happy Flower","Letter Opener","Nunchaku","Lizard Tail","Frozen Egg 2","Bag of Marbles","Toxic Egg 2","Bag of Preparation","Astrolabe","Ancient Tea Set","Pantograph","Centennial Puzzle","Gambling Chip"],"potions_floor_usage":[50,50,50,50],"damage_taken":[{"damage":0.0,"enemies":"Small Slimes","floor":1.0,"turns":4.0},{"damage":0.0,"enemies":"2 Louse","floor":2.0,"turns":2.0},{"damage":0.0,"enemies":"Cultist","floor":5.0,"turns":4.0},{"damage":25.0,"enemies":"Gremlin Nob","floor":6.0,"turns":6.0},{"damage":3.0,"enemies":"Lots of Slimes","floor":8.0,"turns":3.0},{"damage":0.0,"enemies":"2 Fungi Beasts","floor":12.0,"turns":4.0},{"damage":11.0,"enemies":"Lagavulin","floor":13.0,"turns":7.0},{"damage":0.0,"enemies":"Blue Slaver","floor":14.0,"turns":4.0},{"damage":0.0,"enemies":"The Guardian","floor":16.0,"turns":14.0},{"damage":0.0,"enemies":"3 Byrds","floor":18.0,"turns":5.0},{"damage":19.0,"enemies":"2 Thieves","floor":20.0,"turns":4.0},{"damage":12.0,"enemies":"Snake Plant","floor":22.0,"turns":6.0},{"damage":11.0,"enemies":"Gremlin Leader","floor":23.0,"turns":8.0},{"damage":5.0,"enemies":"3 Cultists","floor":24.0,"turns":8.0},{"damage":0.0,"enemies":"Shelled Parasite and Fungi","floor":25.0,"turns":13.0},{"damage":34.0,"enemies":"Slavers","floor":30.0,"turns":6.0},{"damage":0.0,"enemies":"Snake Plant","floor":31.0,"turns":6.0},{"damage":74.0,"enemies":"Champ","floor":33.0,"turns":22.0},{"damage":0.0,"enemies":"Orb Walker","floor":35.0,"turns":5.0},{"damage":2.0,"enemies":"3 Shapes","floor":37.0,"turns":5.0},{"damage":0.0,"enemies":"Maw","floor":38.0,"turns":8.0},{"damage":2.0,"enemies":"Spire Growth","floor":39.0,"turns":5.0},{"damage":7.0,"enemies":"Giant Head","floor":40.0,"turns":12.0},{"damage":17.0,"enemies":"4 Shapes","floor":41.0,"turns":7.0},{"damage":4.0,"enemies":"Reptomancer","floor":42.0,"turns":8.0},{"damage":0.0,"enemies":"Transient","floor":45.0,"turns":5.0},{"damage":0.0,"enemies":"Spire Growth","floor":46.0,"turns":7.0},{"damage":0.0,"enemies":"Mind Bloom Boss Battle","floor":47.0,"turns":7.0},{"damage":0.0,"enemies":"4 Shapes","floor":48.0,"turns":3.0},{"damage":29,"enemies":"Donu and Deca","floor":50,"turns":7}],"seed_played":"7859390923792607925","potions_obtained":[{"floor":1.0,"key":"Dexterity Potion"},{"floor":5.0,"key":"Block Potion"},{"floor":6.0,"key":"Regen Potion"},{"floor":14.0,"key":"EssenceOfSteel"},{"floor":23.0,"key":"Swift Potion"},{"floor":25.0,"key":"SpeedPotion"},{"floor":30.0,"key":"Ancient Potion"},{"floor":37.0,"key":"Fire Potion"},{"floor":39.0,"key":"SteroidPotion"},{"floor":42.0,"key":"Energy Potion"},{"floor":45.0,"key":"LiquidBronze"}],"is_trial":false,"path_per_floor":["M","M","$","?","M","E","$","M","T","R","?","M","E","M","R","B",null,"M","$","M","?","M","E","M","M","T","R","?","?","E","M","R","B",null,"M","$","M","M","M","E","M","E","T","$","M","M","?","M","R","B",null],"character_chosen":"THE_SILENT","items_purchased":["Footwork","Happy Flower","Frozen Egg 2","Accuracy+1","Infinite Blades+1","Panache+1"],"campfire_rested":2,"item_purchase_floors":[7,7,19,36,44,44],"current_hp_per_floor":[70,70,70,70,70,45,45,42,42,42,42,42,46,46,46,46,70,70,70,51,51,39,28,23,23,23,44,44,44,10,10,31,8,70,70,70,68,68,66,59,42,38,38,38,38,38,63,63,63,41],"gold":174,"neow_bonus":"UPGRADE_CARD","is_prod":false,"is_daily":false,"chose_seed":false,"campfire_upgraded":3,"win_rate":0,"timestamp":1551586235,"path_taken":["M","M","$","?","M","E","$","M","T","R","?","M","E","?","R","BOSS","M","?","M","?","M","E","M","M","T","R","?","?","E","?","R","BOSS","M","$","M","M","M","E","M","E","T","$","?","M","?","M","R","BOSS"],"build_version":"2019-01-23","purchased_purges":2,"victory":true,"max_hp_per_floor":[70,70,70,70,70,70,70,70,70,70,70,70,70,70,70,70,70,70,70,70,70,70,70,70,70,70,70,70,70,70,70,70,70,70,70,70,70,70,70,70,70,70,70,70,70,70,70,70,70,70],"card_choices":[{"not_picked":["Expertise","Distraction"],"picked":"Dagger Spray","floor":1.0},{"not_picked":["Eviscerate","PiercingWail"],"picked":"Dodge and Roll","floor":2.0},{"not_picked":["Acrobatics","Underhanded Strike","PiercingWail"],"picked":"SKIP","floor":5.0},{"not_picked":["Dodge and Roll","Slice"],"picked":"Poisoned Stab","floor":6.0},{"not_picked":["Venomology","Dagger Spray"],"picked":"Dagger Throw","floor":8.0},{"not_picked":["Bane","Dagger Spray","Deflect"],"picked":"SKIP","floor":12.0},{"not_picked":["Accuracy","Catalyst"],"picked":"PiercingWail","floor":13.0},{"not_picked":["Terror","Blade Dance","Prepared"],"picked":"SKIP","floor":14.0},{"not_picked":["Bullet Time","Tools of the Trade"],"picked":"A Thousand Cuts","floor":16.0},{"not_picked":["Terror","Dagger Spray","Deadly Poison+1"],"picked":"SKIP","floor":18.0},{"not_picked":["Underhanded Strike","Bane","Dagger Spray"],"picked":"SKIP","floor":20.0},{"not_picked":["Underhanded Strike","Bane","Dagger Spray"],"picked":"SKIP","floor":20.0},{"not_picked":["Bullet Time","Deadly Poison","Quick Slash"],"picked":"SKIP","floor":22.0},{"not_picked":["Quick Slash","Underhanded Strike","Eviscerate"],"picked":"SKIP","floor":23.0},{"not_picked":["Blade Dance","Masterful Stab+1","Quick Slash"],"picked":"SKIP","floor":24.0},{"not_picked":["Backflip+1","Cloak And Dagger"],"picked":"Infinite Blades+1","floor":25.0},{"not_picked":["Backflip+1","Distraction+1"],"picked":"Accuracy+1","floor":30.0},{"not_picked":["PiercingWail+1","Deadly Poison+1"],"picked":"Dodge and Roll+1","floor":31.0},{"not_picked":["Doppelganger+1","Phantasmal Killer+1"],"picked":"A Thousand Cuts+1","floor":33.0},{"not_picked":["Setup+1","Outmaneuver+1","Choke+1"],"picked":"SKIP","floor":35.0},{"not_picked":["Setup+1","Outmaneuver+1","Choke+1"],"picked":"SKIP","floor":35.0},{"not_picked":["Dagger Spray","Dodge and Roll+1"],"picked":"Footwork+1","floor":37.0},{"not_picked":["Dagger Spray","Bane"],"picked":"Cloak And Dagger+1","floor":38.0},{"not_picked":["Masterful Stab+1","Deadly Poison+1"],"picked":"Footwork+1","floor":39.0},{"not_picked":["Dagger Spray+1","Dodge and Roll+1"],"picked":"Backflip+1","floor":40.0},{"not_picked":["Flechettes","Riddle With Holes+1","Bane+1"],"picked":"SKIP","floor":41.0},{"not_picked":["Doppelganger+1","Well Laid Plans+1"],"picked":"After Image+1","floor":42.0},{"not_picked":["Bane","Expertise+1","Predator"],"picked":"SKIP","floor":45.0},{"not_picked":["Underhanded Strike+1","Acrobatics+1"],"picked":"Dodge and Roll+1","floor":46.0},{"not_picked":["Dagger Throw","Bane+1","Eviscerate+1"],"picked":"SKIP","floor":48.0}],"player_experience":106714,"relics_obtained":[{"floor":6.0,"key":"Orichalcum"},{"floor":9.0,"key":"Letter Opener"},{"floor":13.0,"key":"Nunchaku"},{"floor":23.0,"key":"Bag of Marbles"},{"floor":26.0,"key":"Toxic Egg 2"},{"floor":30.0,"key":"Bag of Preparation"},{"floor":40.0,"key":"Ancient Tea Set"},{"floor":42.0,"key":"Pantograph"},{"floor":43.0,"key":"Centennial Puzzle"},{"floor":47.0,"key":"Gambling Chip"}],"event_choices":[{"damage_healed":0.0,"max_hp_gain":0.0,"max_hp_loss":0.0,"gold_gain":175.0,"event_name":"Liars Game","player_choice":"AGREE","floor":4.0,"gold_loss":0.0,"damage_taken":0.0,"cards_obtained":["Doubt"]},{"damage_healed":0.0,"max_hp_gain":0.0,"max_hp_loss":0.0,"gold_gain":0.0,"event_name":"NoteForYourself","player_choice":"Ignored","floor":11.0,"gold_loss":0.0,"damage_taken":0.0},{"damage_healed":0.0,"max_hp_gain":0.0,"max_hp_loss":0.0,"gold_gain":0.0,"cards_transformed":["Strike_G","Strike_G"],"event_name":"Drug Dealer","player_choice":"Became Test Subject","floor":21.0,"gold_loss":0.0,"damage_taken":0.0,"cards_obtained":["Leg Sweep","Venomology"]},{"damage_healed":0.0,"max_hp_gain":0.0,"max_hp_loss":0.0,"gold_gain":0.0,"event_name":"Forgotten Altar","player_choice":"Smashed Altar","floor":28.0,"gold_loss":0.0,"damage_taken":0.0,"cards_obtained":["Decay"]},{"damage_healed":0.0,"max_hp_gain":0.0,"max_hp_loss":0.0,"gold_gain":0.0,"event_name":"Match and Keep!","player_choice":"0 cards matched","floor":29.0,"gold_loss":0.0,"damage_taken":0.0,"cards_obtained":[]},{"damage_healed":0.0,"max_hp_gain":0.0,"max_hp_loss":0.0,"gold_gain":0.0,"event_name":"MindBloom","player_choice":"Fight","floor":47.0,"gold_loss":0.0,"damage_taken":0.0}],"is_beta":false,"boss_relics":[{"not_picked":["Runic Dome","Pandora\u0027s Box"],"picked":"Lizard Tail"},{"not_picked":["HoveringKite","Busted Crown"],"picked":"Astrolabe"}],"items_purged_floors":[7,36],"is_endless":false,"potions_floor_spawned":[1,5,6,14,23,25,30,31,37,39,42,45,46,47],"ascension_level":0}