{"path_per_floor":["M","$","?","?","M","R","?","M","T","M","M","R","M","M","R","B",null,"M","?","?","M","?"],"character_chosen":"IRONCLAD","items_purchased":["Shrug It Off"],"gold_per_floor":[111,58,8,8,21,21,51,66,111,122,139,139,158,178,178,283,283,303,303,303,322,322],"floor_reached":23,"campfire_rested":0,"playtime":775,"current_hp_per_floor":[80,80,80,80,80,80,80,80,80,80,80,80,80,80,80,64,80,69,69,69,42,47],"items_purged":[],"gold":322,"score":220,"play_id":"979dc2ed-6cb0-45a0-890d-488845f363d2","local_time":"20180317191841","is_prod":false,"is_daily":false,"is_ascension_mode":true,"campfire_upgraded":3,"timestamp":1521328721,"path_taken":["M","$","?","?","M","R","?","M","T","M","M","R","M","M","R","BOSS","M","?","?","M","?","E"],"build_version":"2018-03-15v3","purchased_purges":0,"victory":false,"master_deck":["Strike_R","Strike_R","Defend_R","Defend_R","Defend_R","Bash+1","Sword Boomerang+1","Shrug It Off","Headbutt","Flex+1","True Grit+1","Demon Form","Rampage+1","Sword Boomerang+1","Heavy Blade","Heavy Blade","Heavy Blade"],"max_hp_per_floor":[80,80,80,80,80,80,80,80,80,80,80,80,80,80,80,80,80,80,80,80,80,80],"relics":["Burning Blood","Vajra","Bag of Preparation","Oddly Smooth Stone","Astrolabe"],"card_choices":[{"not_picked":["Cleave","Clash"],"picked":"Sword Boomerang"},{"not_picked":["Havoc","Wild Strike"],"picked":"Headbutt"},{"not_picked":["Clash","Body Slam"],"picked":"Flex"},{"not_picked":["Thunderclap","Combust"],"picked":"True Grit"},{"not_picked":["Offering","Juggernaut"],"picked":"Demon Form"},{"not_picked":["Cleave","Power Through"],"picked":"Heavy Blade"},{"not_picked":["Combust","Wild Strike"],"picked":"Heavy Blade"}],"player_experience":282806,"potions_floor_usage":[16,23,23],"damage_taken":[{"damage":0,"enemies":"Cultist","floor":1,"turns":2},{"damage":4,"enemies":"Jaw Worm","floor":5,"turns":4},{"damage":0,"enemies":"Small Slimes","floor":8,"turns":2},{"damage":5,"enemies":"Looter","floor":10,"turns":2},{"damage":6,"enemies":"Large Slime","floor":11,"turns":5},{"damage":0,"enemies":"Blue Slaver","floor":13,"turns":2},{"damage":6,"enemies":"2 Fungi Beasts","floor":14,"turns":3},{"damage":22,"enemies":"Slime Boss","floor":16,"turns":6},{"damage":17,"enemies":"Shell Parasite","floor":18,"turns":3},{"damage":33,"enemies":"2 Thieves","floor":21,"turns":4},{"damage":57,"enemies":"Slavers","floor":23,"turns":3}],"event_choices":[{"event_name":"The Cleric","player_choice":"Card Removal","floor":3,"damage_taken":0},{"event_name":"Living Wall","player_choice":"Grow","floor":4,"damage_taken":0},{"event_name":"Dead Adventurer","player_choice":"Searched \u00272\u0027 times","floor":7,"damage_taken":0},{"event_name":"The Library","player_choice":"Read","floor":19,"damage_taken":0},{"event_name":"Vampires","player_choice":"Ignored","floor":20,"damage_taken":0},{"event_name":"Bonfire Elementals","player_choice":"COMMON","floor":22,"damage_taken":0}],"boss_relics":[{"not_picked":["Question Card","Snecko Eye"],"picked":"Astrolabe"}],"potions_floor_spawned":[8,13,14],"seed_played":"5224253292415697350","killed_by":"Slavers","ascension_level":4,"is_trial":false}