{"gold_per_floor":[114,39,39,57,57,91,91,116,116,116,116,126,144,169,169,274,274,284,284,284,184,211,211,240,240,263,263,273,3,103,134,134,237,237,251,262,262,262,277,303,303,316,342,374,374,408,434,459,471,483],"floor_reached":51,"playtime":1903,"items_purged":["Strike_R","Writhe","Strike_R"],"score":864,"play_id":"779bfae4-4a3e-4d44-a930-be7bc68ddfdb","local_time":"20190224200234","is_ascension_mode":false,"campfire_choices":[{"data":"Feed","floor":7.0,"key":"SMITH"},{"data":"Bash","floor":11,"key":"SMITH"},{"data":"Whirlwind","floor":15,"key":"SMITH"},{"data":"Anger","floor":23,"key":"SMITH"},{"data":"Thunderclap","floor":25,"key":"SMITH"},{"data":"Cleave","floor":27,"key":"SMITH"},{"data":"Double Tap","floor":32,"key":"SMITH"},{"data":"Madness","floor":41,"key":"SMITH"},{"data":"Madness","floor":45,"key":"SMITH"},{"data":"Inflame","floor":49,"key":"SMITH"}],"neow_cost":"NONE","seed_source_timestamp":0,"circlet_count":0,"master_deck":["Strike_R","Strike_R","Defend_R","Defend_R","Defend_R","Defend_R","Bash+1","Feed+1","Cleave+1","Whirlwind+1","Anger+1","Thunderclap+1","Double Tap+1","Brutality","Heavy Blade+1","Madness+1","Madness+1","Warcry+1","Warcry+1","Inflame+1","Sword Boomerang+1","Blood for Blood+1"],"special_seed":0,"relics":["Burning Blood","Shuriken","Calipers","Bag of Preparation","Mercury Hourglass","Pear","Coffee Dripper","Ornamental Fan","Red Mask","Vajra","PreservedInsect","Bag of Marbles","Turnip","The Courier","Boot","Eternal Feather","Blood Vial","Centennial Puzzle","Gremlin Horn","MawBank"],"potions_floor_usage":[13,16,42,42,50,50,50],"damage_taken":[{"damage":0.0,"enemies":"2 Louse","floor":1.0,"turns":3.0},{"damage":5.0,"enemies":"Small Slimes","floor":4.0,"turns":3.0},{"damage":20.0,"enemies":"Gremlin Nob","floor":6.0,"turns":5.0},{"damage":49,"enemies":"Lagavulin","floor":8,"turns":7},{"damage":1,"enemies":"Cultist","floor":12,"turns":3},{"damage":2,"enemies":"Blue Slaver","floor":13,"turns":2},{"damage":9,"enemies":"3 Sentries","floor":14,"turns":4},{"damage":47,"enemies":"The Guardian","floor":16,"turns":7},{"damage":5,"enemies":"Spheric Guardian","floor":18,"turns":3},{"damage":0,"enemies":"Masked Bandits","floor":22,"turns":2},{"damage":31,"enemies":"Book of Stabbing","floor":24,"turns":4},{"damage":14,"enemies":"Shell Parasite","floor":28,"turns":3},{"damage":5,"enemies":"Colosseum Slavers","floor":30,"turns":2},{"damage":0,"enemies":"Colosseum Nobs","floor":30,"turns":2},{"damage":0,"enemies":"Gremlin Leader","floor":31,"turns":3},{"damage":60,"enemies":"Champ","floor":33,"turns":7},{"damage":0,"enemies":"3 Darklings","floor":35,"turns":1},{"damage":30,"enemies":"3 Shapes","floor":36,"turns":2},{"damage":1,"enemies":"Jaw Worm Horde","floor":39,"turns":2},{"damage":11,"enemies":"Giant Head","floor":40,"turns":4},{"damage":0,"enemies":"4 Shapes","floor":42,"turns":1},{"damage":12,"enemies":"Nemesis","floor":44,"turns":3},{"damage":11,"enemies":"Giant Head","floor":46,"turns":5},{"damage":10,"enemies":"Spire Growth","floor":47,"turns":3},{"damage":1,"enemies":"3 Darklings","floor":48,"turns":2},{"damage":66,"enemies":"Time Eater","floor":50,"turns":5}],"seed_played":"2491986270366967346","potions_obtained":[{"floor":6.0,"key":"Explosive Potion"},{"floor":8,"key":"AttackPotion"},{"floor":22,"key":"PowerPotion"},{"floor":28,"key":"Poison Potion"},{"floor":31,"key":"Regen Potion"},{"floor":33,"key":"Block Potion"},{"floor":40,"key":"BloodPotion"},{"floor":42,"key":"SteroidPotion"},{"floor":46,"key":"Energy Potion"}],"is_trial":false,"path_per_floor":["M","$","?","M","?","E","R","E","T","?","R","M","M","E","R","B",null,"M","?","?","$","?","R","E","R","T","R","M","$","?","E","R","B",null,"M","M","?","?","M","E","R","M","T","E","R","E","M","M","R","B",null],"character_chosen":"IRONCLAD","items_purchased":["Bag of Marbles"],"campfire_rested":0,"item_purchase_floors":[29],"current_hp_per_floor":[83,83,65,69,74,60,60,21,21,21,21,30,38,49,49,8,117,117,117,117,117,117,117,92,92,92,92,84,84,95,101,101,47,121,121,97,82,82,87,82,91,111,111,111,120,117,115,122,125,65],"gold":495,"neow_bonus":"ONE_RANDOM_RARE_CARD","is_prod":false,"is_daily":false,"chose_seed":false,"campfire_upgraded":10,"win_rate":0,"timestamp":1551006154,"path_taken":["M","$","?","M","?","E","R","E","T","?","R","M","M","E","R","BOSS","M","?","?","$","?","R","E","R","T","R","M","$","?","E","R","BOSS","M","M","?","?","M","E","R","?","T","E","R","E","M","M","R","BOSS"],"build_version":"2019-01-23","purchased_purges":3,"victory":true,"max_hp_per_floor":[83,83,83,86,91,91,91,95,95,95,95,99,103,117,117,117,117,117,117,117,117,117,117,117,117,117,117,117,117,121,121,121,121,121,121,121,121,121,121,121,121,121,121,125,125,125,125,125,125,125],"card_choices":[{"not_picked":["Havoc","Infernal Blade","Anger"],"picked":"SKIP","floor":1.0},{"not_picked":["Pommel Strike","Sword Boomerang"],"picked":"Cleave","floor":4.0},{"not_picked":["Iron Wave","Combust","Bloodletting"],"picked":"SKIP","floor":6.0},{"not_picked":["Rupture","Bloodletting","Immolate"],"picked":"SKIP","floor":8},{"not_picked":["Reckless Charge","Flame Barrier"],"picked":"Whirlwind","floor":12},{"not_picked":["Pommel Strike","Flex"],"picked":"Anger","floor":13},{"not_picked":["Carnage","Cleave","Brutality"],"picked":"SKIP","floor":14},{"not_picked":["Evolve","Rampage","Pommel Strike+1"],"picked":"SKIP","floor":18},{"not_picked":["Rupture+1","Rage"],"picked":"Thunderclap","floor":22},{"not_picked":["Bludgeon","Sever Soul+1","Clash"],"picked":"SKIP","floor":24},{"not_picked":["Feel No Pain","Armaments","Rupture"],"picked":"SKIP","floor":28},{"not_picked":["Flame Barrier+1","Entrench"],"picked":"Double Tap","floor":31},{"not_picked":["Juggernaut","Exhume"],"picked":"Brutality","floor":33},{"not_picked":["Headbutt","Iron Wave+1"],"picked":"Heavy Blade+1","floor":35},{"not_picked":["Body Slam+1","Twin Strike","Disarm"],"picked":"SKIP","floor":36},{"not_picked":["Thunderclap+1","Anger+1"],"picked":"Warcry+1","floor":39},{"not_picked":["Corruption+1","Cleave","Power Through"],"picked":"SKIP","floor":40},{"not_picked":["Feed","Twin Strike","Clothesline"],"picked":"SKIP","floor":42},{"not_picked":["Burning Pact+1","Flame Barrier+1"],"picked":"Warcry+1","floor":44},{"not_picked":["Headbutt","Combust"],"picked":"Inflame","floor":46},{"not_picked":["Iron Wave","Perfected Strike+1"],"picked":"Sword Boomerang+1","floor":47},{"not_picked":["Clash","True Grit"],"picked":"Blood for Blood+1","floor":48}],"player_experience":923003,"relics_obtained":[{"floor":6.0,"key":"Calipers"},{"floor":8,"key":"Bag of Preparation"},{"floor":9,"key":"Mercury Hourglass"},{"floor":14,"key":"Pear"},{"floor":22,"key":"Red Mask"},{"floor":24,"key":"Vajra"},{"floor":26,"key":"PreservedInsect"},{"floor":30,"key":"Turnip"},{"floor":30,"key":"The Courier"},{"floor":31,"key":"Boot"},{"floor":40,"key":"Blood Vial"},{"floor":43,"key":"Centennial Puzzle"},{"floor":44,"key":"Gremlin Horn"},{"floor":46,"key":"MawBank"}],"event_choices":[{"damage_healed":0.0,"max_hp_gain":0.0,"max_hp_loss":0.0,"gold_gain":0.0,"event_name":"Scrap Ooze","player_choice":"Success","floor":3.0,"gold_loss":0.0,"damage_taken":18.0,"relics_obtained":["Shuriken"]},{"damage_healed":0.0,"max_hp_gain":5.0,"max_hp_loss":0.0,"gold_gain":0.0,"event_name":"Big Fish","player_choice":"Donut","floor":5.0,"gold_loss":0.0,"damage_taken":0.0},{"cards_removed":["Strike_R"],"damage_healed":0,"gold_gain":0,"player_choice":"Offered Basic","damage_taken":0,"max_hp_gain":0,"max_hp_loss":0,"event_name":"Bonfire Elementals","floor":10,"gold_loss":0},{"damage_healed":0,"gold_gain":0,"player_choice":"Opened","damage_taken":0,"relics_obtained":["Ornamental Fan"],"max_hp_gain":0,"max_hp_loss":0,"event_name":"The Mausoleum","floor":19,"gold_loss":0,"cards_obtained":["Writhe"]},{"damage_healed":0,"gold_gain":0,"player_choice":"Ignored","damage_taken":0,"max_hp_gain":0,"max_hp_loss":0,"event_name":"Vampires","floor":20,"gold_loss":0},{"damage_healed":0,"gold_gain":0,"player_choice":"Fought Bandits","damage_taken":0,"max_hp_gain":0,"max_hp_loss":0,"event_name":"Masked Bandits","floor":22,"gold_loss":0},{"damage_healed":0,"gold_gain":0,"player_choice":"Fight","damage_taken":0,"max_hp_gain":0,"max_hp_loss":0,"event_name":"Colosseum","floor":30,"gold_loss":0},{"damage_healed":0,"gold_gain":0,"player_choice":"Fought Nobs","damage_taken":0,"max_hp_gain":0,"max_hp_loss":0,"event_name":"Colosseum","floor":30,"gold_loss":0},{"damage_healed":0,"gold_gain":0,"player_choice":"Embrace Madness","damage_taken":15,"max_hp_gain":0,"max_hp_loss":0,"event_name":"Winding Halls","floor":37,"gold_loss":0,"cards_obtained":["Madness","Madness"]},{"damage_healed":0,"gold_gain":0,"player_choice":"Bought 0 Potions","damage_taken":0,"max_hp_gain":0,"max_hp_loss":0,"event_name":"The Woman in Blue","floor":38,"gold_loss":0}],"is_beta":false,"boss_relics":[{"not_picked":["Runic Dome","Fusion Hammer"],"picked":"Coffee Dripper"},{"not_picked":["Calling Bell","Snecko Eye"],"picked":"Eternal Feather"}],"items_purged_floors":[2,21,29],"is_endless":false,"potions_floor_spawned":[6,8,22,28,31,33,39,40,42,46],"ascension_level":0}