{"gold_per_floor":[217,44,54,66,66,66,92,108,108,33,33,33,47,62,62,136,136,146,165,178,103,103],"floor_reached":22,"playtime":989,"items_purged":["Strike_R"],"score":357,"play_id":"cd04d574-c167-4c81-b454-10201ae7a60e","local_time":"20190228231807","is_ascension_mode":true,"campfire_choices":[{"data":"Bash","floor":6,"key":"SMITH"},{"data":"Flex","floor":11,"key":"SMITH"},{"data":"Battle Trance","floor":15,"key":"SMITH"}],"neow_cost":"NONE","seed_source_timestamp":98025396990095,"circlet_count":0,"master_deck":["AscendersBane","Strike_R","Strike_R+1","Strike_R+1","Defend_R+1","Defend_R+1","Bash+1","Battle Trance+1","Warcry","Flex+1","Metallicize","Limit Break","Flex+1"],"relics":["Burning Blood","PreservedInsect","War Paint","Red Skull","Empty Cage"],"potions_floor_usage":[7,19,22,22],"damage_taken":[{"damage":17,"enemies":"Small Slimes","floor":1,"turns":5},{"damage":7,"enemies":"Jaw Worm","floor":3,"turns":4},{"damage":2,"enemies":"Cultist","floor":4,"turns":4},{"damage":8,"enemies":"Gremlin Nob","floor":7,"turns":3},{"damage":12,"enemies":"Large Slime","floor":8,"turns":6},{"damage":0,"enemies":"2 Fungi Beasts","floor":13,"turns":2},{"damage":1,"enemies":"Exordium Thugs","floor":14,"turns":3},{"damage":31,"enemies":"The Guardian","floor":16,"turns":9},{"damage":43,"enemies":"3 Byrds","floor":18,"turns":7},{"damage":25,"enemies":"2 Thieves","floor":19,"turns":4},{"damage":16,"enemies":"Snake Plant","floor":20,"turns":2},{"damage":17,"enemies":"Cultist and Chosen","floor":22,"turns":3}],"seed_played":"8969397052369750387","potions_obtained":[{"floor":1,"key":"Energy Potion"},{"floor":7,"key":"SpeedPotion"},{"floor":14,"key":"EssenceOfSteel"},{"floor":18,"key":"Regen Potion"},{"floor":19,"key":"LiquidBronze"}],"is_trial":false,"path_per_floor":["M","$","M","M","?","R","E","M","T","?","R","?","M","M","R","B",null,"M","M","M","$","M"],"character_chosen":"IRONCLAD","items_purchased":["PreservedInsect"],"campfire_rested":0,"item_purchase_floors":[2],"current_hp_per_floor":[57,57,56,60,37,37,35,29,29,29,29,34,40,45,45,20,65,28,21,11,11,0],"gold":103,"neow_bonus":"HUNDRED_GOLD","is_prod":false,"is_daily":false,"chose_seed":false,"campfire_upgraded":3,"win_rate":0,"timestamp":1551363487,"path_taken":["M","$","M","M","?","R","E","M","T","?","R","?","M","M","R","BOSS","M","M","M","$","M"],"build_version":"2019-01-23","purchased_purges":1,"victory":false,"max_hp_per_floor":[75,75,75,75,75,75,75,75,75,75,75,80,80,80,80,80,80,80,80,80,80,80],"card_choices":[{"not_picked":["Rupture","Second Wind","Armaments"],"picked":"SKIP","floor":1},{"not_picked":["Headbutt","Power Through","Shrug It Off"],"picked":"SKIP","floor":3},{"not_picked":["Hemokinesis","Sentinel"],"picked":"Battle Trance","floor":4},{"not_picked":["Feed","Clothesline"],"picked":"Warcry","floor":7},{"not_picked":["Uppercut","Wild Strike"],"picked":"Flex","floor":8},{"not_picked":["Wild Strike","True Grit","Havoc"],"picked":"SKIP","floor":13},{"not_picked":["Cleave","Twin Strike"],"picked":"Metallicize","floor":14},{"not_picked":["Fiend Fire","Bludgeon"],"picked":"Limit Break","floor":16},{"not_picked":["Twin Strike","Headbutt","Anger"],"picked":"SKIP","floor":18},{"not_picked":["Flame Barrier","Wild Strike+1"],"picked":"Flex+1","floor":19},{"not_picked":["Shrug It Off","Carnage","Thunderclap"],"picked":"SKIP","floor":20}],"player_experience":958468,"relics_obtained":[{"floor":7,"key":"War Paint"},{"floor":9,"key":"Red Skull"}],"event_choices":[{"damage_healed":0,"gold_gain":0,"player_choice":"Entered Light","damage_taken":23,"max_hp_gain":0,"max_hp_loss":0,"event_name":"Shining Light","floor":5,"gold_loss":0,"cards_upgraded":["Strike_R","Strike_R"]},{"cards_removed":["Defend_R"],"damage_healed":0,"gold_gain":0,"player_choice":"Card Removal","damage_taken":0,"max_hp_gain":0,"max_hp_loss":0,"event_name":"The Cleric","floor":10,"gold_loss":75},{"damage_healed":0,"gold_gain":0,"player_choice":"Donut","damage_taken":0,"max_hp_gain":5,"max_hp_loss":0,"event_name":"Big Fish","floor":12,"gold_loss":0}],"is_beta":false,"boss_relics":[{"not_picked":["Orrery","Cursed Key"],"picked":"Empty Cage"}],"items_purged_floors":[21],"is_endless":false,"potions_floor_spawned":[1,7,14,18,19],"killed_by":"Cultist and Chosen","ascension_level":18}