{"gold_per_floor":[111,111,32,42,42,42,56,56,56,75,92,111,130,145,145,145],"floor_reached":16,"playtime":2210,"items_purged":[],"score":96,"play_id":"21c2cd97-de72-43d7-864a-05d3951595aa","local_time":"20190227013228","is_ascension_mode":false,"campfire_choices":[{"data":"Acrobatics","floor":6,"key":"SMITH"},{"data":"Backflip","floor":15,"key":"SMITH"}],"neow_cost":"NONE","seed_source_timestamp":44981802341800,"circlet_count":0,"master_deck":["Defend_G","Defend_G","Defend_G+1","Defend_G","Defend_G","Strike_G","Strike_G","Strike_G","Strike_G","Strike_G","Survivor","Neutralize+1","Acrobatics+1","Quick Slash","Backflip+1","Flying Knee","Underhanded Strike","Well Laid Plans","Prepared","Dodge and Roll"],"relics":["Ring of the Snake","NeowsBlessing","Centennial Puzzle"],"potions_floor_usage":[16,16,16],"damage_taken":[{"damage":0,"enemies":"Small Slimes","floor":1,"turns":1},{"damage":0,"enemies":"Jaw Worm","floor":4,"turns":1},{"damage":0,"enemies":"Cultist","floor":7,"turns":1},{"damage":0,"enemies":"Looter","floor":10,"turns":5},{"damage":2,"enemies":"Large Slime","floor":11,"turns":9},{"damage":5,"enemies":"3 Louse","floor":12,"turns":6},{"damage":2,"enemies":"Looter","floor":13,"turns":2},{"damage":12,"enemies":"Exordium Wildlife","floor":14,"turns":8},{"damage":56,"enemies":"Hexaghost","floor":16,"turns":17}],"seed_played":"2066159514377671493","potions_obtained":[{"floor":4,"key":"PowerPotion"},{"floor":12,"key":"LiquidBronze"},{"floor":13,"key":"Fire Potion"}],"is_trial":false,"path_per_floor":["M","?","$","M","?","R","M","?","T","M","M","M","M","M","R","B"],"character_chosen":"THE_SILENT","items_purchased":["Skewer"],"campfire_rested":0,"item_purchase_floors":[3],"current_hp_per_floor":[70,56,56,56,56,56,56,70,70,70,68,63,61,49,49,0],"gold":145,"neow_bonus":"THREE_ENEMY_KILL","is_prod":false,"is_daily":false,"chose_seed":false,"campfire_upgraded":2,"win_rate":0.0,"timestamp":1551259948,"path_taken":["M","?","$","M","?","R","M","?","T","M","?","M","M","M","R","BOSS"],"build_version":"2019-01-23","purchased_purges":0,"victory":false,"max_hp_per_floor":[70,70,70,70,70,70,70,70,70,70,70,70,70,70,70,70],"card_choices":[{"not_picked":["Prepared","Dagger Throw"],"picked":"Acrobatics","floor":1},{"not_picked":["Skewer","Riddle With Holes"],"picked":"Quick Slash","floor":4},{"not_picked":["Acrobatics","Deadly Poison"],"picked":"Backflip","floor":7},{"not_picked":["Riddle With Holes","Underhanded Strike"],"picked":"Flying Knee","floor":10},{"not_picked":["Wraith Form v2","Deadly Poison"],"picked":"Underhanded Strike","floor":11},{"not_picked":["Dash","All Out Attack"],"picked":"Well Laid Plans","floor":12},{"not_picked":["Dagger Throw","Poisoned Stab"],"picked":"Prepared","floor":13},{"not_picked":["Flying Knee","Reflex"],"picked":"Dodge and Roll","floor":14}],"player_experience":1579,"relics_obtained":[{"floor":9,"key":"Centennial Puzzle"}],"event_choices":[{"damage_healed":0,"gold_gain":0,"player_choice":"Entered Light","damage_taken":14,"max_hp_gain":0,"max_hp_loss":0,"event_name":"Shining Light","floor":2,"gold_loss":0,"cards_upgraded":["Neutralize","Defend_G"]},{"damage_healed":0,"gold_gain":0,"player_choice":"Ignored","damage_taken":0,"max_hp_gain":0,"max_hp_loss":0,"event_name":"Golden Wing","floor":5,"gold_loss":0},{"cards_removed":["Skewer"],"damage_healed":14,"gold_gain":0,"player_choice":"Offered Uncommon","damage_taken":0,"max_hp_gain":0,"max_hp_loss":0,"event_name":"Bonfire Elementals","floor":8,"gold_loss":0}],"is_beta":false,"boss_relics":[],"items_purged_floors":[],"is_endless":false,"potions_floor_spawned":[4,12,13],"killed_by":"Hexaghost","ascension_level":0}