{"gold_per_floor":[113,288,32,42,42,42,52,52,79,97,111,111,130,147,147,249,249,261,261,289,300,311,311,322,322,322,336,354,354,45,45,45,144,144,162,37,37,53,63,63,63,82,106,106,106,119,119,129,129,129],"floor_reached":51,"playtime":2592,"items_purged":["Doubt","Strike_B","Strike_B"],"score":668,"play_id":"8908e5a9-7ad7-47f9-b04e-5ce8e87d3548","local_time":"20190203233056","is_ascension_mode":false,"campfire_choices":[{"data":"Consume","floor":6.0,"key":"SMITH"},{"data":"Thunder Strike","floor":12.0,"key":"SMITH"},{"floor":15.0,"key":"REST"},{"floor":23,"key":"REST"},{"data":"Creative AI","floor":25,"key":"SMITH"},{"floor":32,"key":"REST"},{"data":"Madness","floor":41,"key":"SMITH"},{"floor":49,"key":"REST"}],"neow_cost":"NONE","seed_source_timestamp":259236686159184,"circlet_count":0,"master_deck":["Strike_B","Strike_B","Defend_B","Defend_B","Defend_B","Defend_B","Zap","Dualcast","Thunder Strike+1","Hologram","Capacitor","FTL","Leap","Consume+1","Ball Lightning","Ball Lightning","Hologram","Self Repair","Creative AI+1","Leap+1","Conserve Battery","Hologram","Genetic Algorithm","Hologram+1","Ball Lightning","Echo Form","Hologram+1","Flash of Steel","Madness","Hologram+1","Doubt","Leap","Undo"],"special_seed":0,"relics":["Cracked Core","Happy Flower","Strawberry","Sozu","Red Mask","Prayer Wheel","Enchiridion","Runic Capacitor","Busted Crown","Bag of Marbles"],"potions_floor_usage":[50,50,50],"damage_taken":[{"damage":6.0,"enemies":"Jaw Worm","floor":1.0,"turns":4.0},{"damage":8.0,"enemies":"Small Slimes","floor":4.0,"turns":2.0},{"damage":0.0,"enemies":"2 Louse","floor":7.0,"turns":2.0},{"damage":20.0,"enemies":"Looter","floor":10.0,"turns":3.0},{"damage":16.0,"enemies":"Large Slime","floor":11.0,"turns":3.0},{"damage":8.0,"enemies":"3 Louse","floor":13.0,"turns":3.0},{"damage":6.0,"enemies":"Looter","floor":14.0,"turns":3.0},{"damage":27.0,"enemies":"The Guardian","floor":16.0,"turns":7.0},{"damage":5.0,"enemies":"Spheric Guardian","floor":18.0,"turns":3.0},{"damage":15,"enemies":"Masked Bandits","floor":20,"turns":4},{"damage":15,"enemies":"2 Thieves","floor":21,"turns":4},{"damage":34,"enemies":"Snake Plant","floor":22,"turns":4},{"damage":25,"enemies":"Centurion and Healer","floor":24,"turns":7},{"damage":5,"enemies":"Chosen and Byrds","floor":27,"turns":5},{"damage":3,"enemies":"Snecko","floor":28,"turns":4},{"damage":24,"enemies":"Automaton","floor":33,"turns":7},{"damage":9,"enemies":"Orb Walker","floor":35,"turns":4},{"damage":23,"enemies":"3 Darklings","floor":38,"turns":5},{"damage":7,"enemies":"Maw","floor":39,"turns":6},{"damage":38,"enemies":"Sphere and 2 Shapes","floor":42,"turns":5},{"damage":14,"enemies":"4 Shapes","floor":46,"turns":3},{"damage":49,"enemies":"3 Darklings","floor":48,"turns":4},{"damage":63,"enemies":"Time Eater","floor":50,"turns":9}],"seed_played":"-7945265696498489112","potions_obtained":[{"floor":7.0,"key":"Energy Potion"},{"floor":11.0,"key":"Strength Potion"},{"floor":13.0,"key":"PowerPotion"},{"floor":14.0,"key":"Dexterity Potion"},{"floor":16.0,"key":"Weak Potion"}],"is_trial":false,"path_per_floor":["M","?","$","M","$","R","M","?","T","M","M","R","M","M","R","B",null,"M","?","?","M","M","R","M","R","T","M","M","?","$","$","R","B",null,"M","$","?","M","M","?","R","M","T","?","?","M","?","M","R","B",null],"character_chosen":"DEFECT","items_purchased":["Capacitor","FTL","Leap","Runic Capacitor"],"campfire_rested":4,"item_purchase_floors":[3,3,3,30],"current_hp_per_floor":[69,69,69,61,61,61,61,61,68,48,32,32,24,18,42,15,82,77,77,69,61,27,51,33,33,33,35,39,23,23,23,47,23,82,80,80,75,66,66,56,56,25,25,25,25,11,82,40,64,1],"gold":129,"neow_bonus":"ONE_RANDOM_RARE_CARD","is_prod":false,"is_daily":false,"chose_seed":false,"campfire_upgraded":4,"win_rate":0,"timestamp":1549254656,"path_taken":["M","?","$","M","$","R","M","?","T","M","?","R","M","M","R","BOSS","M","?","?","M","M","R","M","R","T","M","M","?","?","$","R","BOSS","M","$","?","M","M","?","R","M","T","?","?","M","?","M","R","BOSS"],"build_version":"2019-01-23","purchased_purges":3,"victory":true,"max_hp_per_floor":[75,75,75,75,75,75,75,75,82,82,82,82,82,82,82,82,82,82,82,82,82,82,82,82,82,82,82,82,82,82,82,82,82,82,82,82,82,82,82,82,82,82,82,82,82,82,82,82,82,82],"card_choices":[{"not_picked":["Go for the Eyes","Beam Cell"],"picked":"Hologram","floor":1.0},{"not_picked":["Reprogram","Leap"],"picked":"Consume","floor":4.0},{"not_picked":["Rip and Tear","Cold Snap","Beam Cell"],"picked":"SKIP","floor":7.0},{"not_picked":["Recycle","Steam"],"picked":"Ball Lightning","floor":10.0},{"not_picked":["Steam","Self Repair"],"picked":"Ball Lightning","floor":11.0},{"not_picked":["Redo","Scrape"],"picked":"Hologram","floor":13.0},{"not_picked":["Beam Cell","Lockon"],"picked":"Self Repair","floor":14.0},{"not_picked":["Reboot","Meteor Strike"],"picked":"Creative AI","floor":16.0},{"not_picked":["Scrape+1","Hologram"],"picked":"Leap+1","floor":18},{"not_picked":["Self Repair","Compile Driver"],"picked":"Hologram","floor":20},{"not_picked":["Sweeping Beam","Cold Snap"],"picked":"Genetic Algorithm","floor":21},{"not_picked":["Beam Cell","Coolheaded"],"picked":"Hologram+1","floor":22},{"not_picked":["Barrage","Hologram","Fission"],"picked":"SKIP","floor":24},{"not_picked":["Steam Power","Sweeping Beam"],"picked":"Ball Lightning","floor":27},{"not_picked":["Steam Power+1","Rip and Tear","Turbo"],"picked":"SKIP","floor":27},{"not_picked":["Cold Snap+1","Coolheaded","Go for the Eyes+1"],"picked":"SKIP","floor":28},{"not_picked":["Double Energy","Sweeping Beam+1","Rip and Tear"],"picked":"SKIP","floor":28},{"not_picked":["Creative AI","Fission"],"picked":"Echo Form","floor":33},{"not_picked":[],"picked":"Hologram+1","floor":35},{"not_picked":["Hologram"],"picked":"SKIP","floor":35},{"not_picked":[],"picked":"Flash of Steel","floor":37},{"not_picked":["Turbo+1"],"picked":"SKIP","floor":38},{"not_picked":["Streamline"],"picked":"SKIP","floor":38},{"not_picked":["Compile Driver+1"],"picked":"SKIP","floor":39},{"not_picked":["Leap"],"picked":"SKIP","floor":39},{"not_picked":[],"picked":"Hologram+1","floor":42},{"not_picked":["Sweeping Beam"],"picked":"SKIP","floor":42},{"not_picked":["Chaos+1"],"picked":"SKIP","floor":46},{"not_picked":["Streamline+1"],"picked":"SKIP","floor":46},{"not_picked":[],"picked":"Leap","floor":48},{"not_picked":[],"picked":"Undo","floor":48}],"player_experience":990561,"relics_obtained":[{"floor":9.0,"key":"Strawberry"},{"floor":20,"key":"Red Mask"},{"floor":26,"key":"Prayer Wheel"},{"floor":29,"key":"Enchiridion"},{"floor":43,"key":"Bag of Marbles"}],"event_choices":[{"damage_healed":0.0,"max_hp_gain":0.0,"max_hp_loss":0.0,"gold_gain":175.0,"event_name":"Liars Game","player_choice":"AGREE","floor":2.0,"gold_loss":0.0,"damage_taken":0.0,"cards_obtained":["Doubt"]},{"damage_healed":0.0,"max_hp_gain":0.0,"max_hp_loss":0.0,"gold_gain":0.0,"event_name":"Dead Adventurer","player_choice":"Searched \u00271\u0027 times","floor":8.0,"gold_loss":0.0,"damage_taken":0.0,"relics_obtained":["Happy Flower"]},{"damage_healed":0,"gold_gain":0,"player_choice":"Read","damage_taken":0,"max_hp_gain":0,"max_hp_loss":0,"event_name":"The Library","floor":19,"gold_loss":0,"cards_obtained":["Conserve Battery"]},{"damage_healed":0,"gold_gain":0,"player_choice":"Fought Bandits","damage_taken":0,"max_hp_gain":0,"max_hp_loss":0,"event_name":"Masked Bandits","floor":20,"gold_loss":0},{"damage_healed":0,"gold_gain":0,"player_choice":"Obtained Book","damage_taken":16,"max_hp_gain":0,"max_hp_loss":0,"event_name":"Cursed Tome","floor":29,"gold_loss":0},{"damage_healed":0,"gold_gain":0,"player_choice":"Memory 2","damage_taken":5,"max_hp_gain":0,"max_hp_loss":0,"event_name":"SensoryStone","floor":37,"gold_loss":0},{"damage_healed":0,"gold_gain":0,"player_choice":"Embrace Madness","damage_taken":10,"max_hp_gain":0,"max_hp_loss":0,"event_name":"Winding Halls","floor":40,"gold_loss":0,"cards_obtained":["Madness","Madness"]},{"cards_removed":["Madness"],"damage_healed":0,"gold_gain":0,"player_choice":"Removed Skill","damage_taken":0,"max_hp_gain":0,"max_hp_loss":0,"event_name":"Falling","floor":44,"gold_loss":0},{"damage_healed":0,"gold_gain":0,"player_choice":"Ignored","damage_taken":0,"max_hp_gain":0,"max_hp_loss":0,"event_name":"Mysterious Sphere","floor":45,"gold_loss":0},{"damage_healed":71,"gold_gain":0,"player_choice":"Heal","damage_taken":0,"max_hp_gain":0,"max_hp_loss":0,"event_name":"MindBloom","floor":47,"gold_loss":0,"cards_obtained":["Doubt"]}],"is_beta":false,"boss_relics":[{"not_picked":["Velvet Choker","FrozenCore"],"picked":"Sozu"},{"not_picked":["Nuclear Battery","Orrery"],"picked":"Busted Crown"}],"items_purged_floors":[3,30,36],"is_endless":false,"potions_floor_spawned":[7,11,13,14,16,18,27,33,38,46],"ascension_level":0}