{"path_per_floor":["M","M","$","M","M","R","?","E","T","M","M","E","R","?","R","B",null,"M","?","T","?","M","R","E","M","T","$","R","M","M","M","R","B",null,"M","$","?","?","M","R","M","$","T","M","M","M","R","E","R"],"character_chosen":"IRONCLAD","items_purchased":["Strength Potion","Girya","Fire Potion","Dual Wield","Feel No Pain"],"gold_per_floor":[118,134,9,25,44,44,100,130,130,150,161,223,223,373,373,447,447,461,411,411,411,424,424,449,460,460,15,15,25,37,56,56,130,130,143,32,32,32,50,50,63,63,89,101,116,136,136,168,168],"floor_reached":50,"campfire_rested":2,"playtime":4284,"current_hp_per_floor":[68,74,72,72,72,72,45,29,29,29,25,24,24,24,45,21,59,45,45,45,45,50,50,36,33,33,33,33,62,56,62,62,20,59,53,53,53,40,63,63,72,72,72,72,72,72,72,56,72],"items_purged":["Parasite","Doubt"],"gold":168,"score":798,"play_id":"5db7bccd-d5d2-49a9-8860-3fc262d53c5e","is_prod":false,"is_daily":false,"is_ascension_mode":true,"campfire_upgraded":4,"path_taken":["BOSS","M","M","$","M","M","R","?","E","T","M","M","E","R","?","R","BOSS","M","?","?","?","M","R","E","M","T","$","R","?","M","M","R","BOSS","M","?","?","?","?","R","M","$","T","?","M","M","R","E","R","BOSS"],"build_version":"2018-02-23-BETA1","purchased_purges":2,"victory":false,"master_deck":["Strike_R","Strike_R","Strike_R","Strike_R","Strike_R","Bash+1","Perfected Strike+1","Seeing Red","Armaments+1","Twin Strike","Twin Strike","Shrug It Off","Iron Wave","Reaper","Ghostly Armor+1","Limit Break+1","Pommel Strike","Reaper","Burning Pact+1","Flex+1","Heavy Blade+1","Dual Wield","Feel No Pain","Madness","Madness","Perfected Strike","Ghostly Armor","Double Tap"],"max_hp_per_floor":[75,75,72,72,72,72,72,72,72,72,72,72,72,72,72,72,72,72,72,72,72,72,72,72,72,72,72,72,72,72,72,72,72,72,72,72,72,72,72,72,72,72,72,72,72,72,72,72,72],"relics":["Burning Blood","Red Skull","Happy Flower","Tiny Chest","Mark of Pain","Pen Nib","Gambling Chip","Nloth\u0027s Gift","Ancient Tea Set","Ice Cream","Girya","Astrolabe","Lantern","Smiling Mask"],"card_choices":[{"not_picked":["Thunderclap","Twin Strike"],"picked":"Perfected Strike"},{"not_picked":["Clothesline","Clash"],"picked":"Seeing Red"},{"not_picked":["Body Slam","Reckless Charge"],"picked":"Armaments"},{"not_picked":["Burning Pact","Uppercut"],"picked":"Twin Strike"},{"not_picked":["Rampage","Anger"],"picked":"Twin Strike"},{"not_picked":["Twin Strike","Dropkick"],"picked":"Shrug It Off"},{"not_picked":["Headbutt","Heavy Blade"],"picked":"Iron Wave"},{"not_picked":["Barricade","Juggernaut"],"picked":"Reaper"},{"not_picked":["Bloodletting","Headbutt"],"picked":"Ghostly Armor"},{"not_picked":["Dual Wield","Thunderclap"],"picked":"Limit Break"},{"not_picked":["True Grit","Disarm"],"picked":"Pommel Strike"},{"not_picked":["Juggernaut","Fiend Fire"],"picked":"Reaper"},{"not_picked":["True Grit","Armaments"],"picked":"Perfected Strike"},{"not_picked":["Warcry","Bloodletting"],"picked":"Ghostly Armor"},{"not_picked":["Burning Pact","Anger"],"picked":"Double Tap"}],"player_experience":224014,"potions_floor_usage":[7,8,8,8,12,16,18,24,33,48,50,50],"damage_taken":[{"damage":6,"enemies":"2 Louse","floor":1,"turns":3},{"damage":0,"enemies":"Small Slimes","floor":2,"turns":3},{"damage":1,"enemies":"Cultist","floor":4,"turns":3},{"damage":6,"enemies":"Blue Slaver","floor":5,"turns":4},{"damage":33,"enemies":"Lagavulin Event","floor":7,"turns":5},{"damage":31,"enemies":"Gremlin Nob","floor":8,"turns":4},{"damage":6,"enemies":"Looter","floor":10,"turns":2},{"damage":10,"enemies":"Exordium Thugs","floor":11,"turns":3},{"damage":7,"enemies":"Lagavulin","floor":12,"turns":5},{"damage":30,"enemies":"Slime Boss","floor":16,"turns":7},{"damage":26,"enemies":"3 Byrds","floor":18,"turns":5},{"damage":7,"enemies":"Chosen","floor":22,"turns":4},{"damage":27,"enemies":"Book of Stabbing","floor":24,"turns":4},{"damage":24,"enemies":"Centurion and Healer","floor":25,"turns":4},{"damage":2,"enemies":"Chosen and Byrds","floor":29,"turns":5},{"damage":25,"enemies":"3 Cultists","floor":30,"turns":6},{"damage":0,"enemies":"Snake Plant","floor":31,"turns":2},{"damage":48,"enemies":"Collector","floor":33,"turns":9},{"damage":12,"enemies":"Orb Walker","floor":35,"turns":3},{"damage":21,"enemies":"3 Shapes","floor":39,"turns":7},{"damage":12,"enemies":"3 Darklings","floor":41,"turns":5},{"damage":0,"enemies":"Maw","floor":44,"turns":4},{"damage":4,"enemies":"Flame Bruiser 2 Orb","floor":45,"turns":3},{"damage":33,"enemies":"3 Darklings","floor":46,"turns":6},{"damage":22,"enemies":"2 Orb Walkers","floor":48,"turns":3},{"damage":94,"enemies":"Donu and Deca","floor":50,"turns":4}],"event_choices":[{"event_name":"Dead Adventurer","player_choice":"Searched \u00271\u0027 times","floor":7,"damage_taken":0},{"event_name":"Liars Game","player_choice":"agreed","floor":14,"damage_taken":0},{"event_name":"The Joust","player_choice":"Bet on Murderer","floor":19,"damage_taken":0},{"event_name":"N\u0027loth","player_choice":"Traded a Matryoshka","floor":21,"damage_taken":0},{"event_name":"Winding Halls","player_choice":"Embrace Madness","floor":38,"damage_taken":0}],"boss_relics":[{"not_picked":["Pandora\u0027s Box","Lizard Tail"],"picked":"Mark of Pain"},{"not_picked":["Philosopher\u0027s Stone","Tiny House"],"picked":"Astrolabe"}],"potions_floor_spawned":[5,7,7,10,11,12,18,22,33,39,41,44,46,48],"seed_played":"-1421900565229560924","killed_by":"Donu and Deca","ascension_level":15,"is_trial":false}