{"gold_per_floor":[112,128,128,303,34,62,62,62,62,62,62,62,62,77,77,207,207,225,215,135,135,159,159,159,179,179,202,202],"floor_reached":28,"playtime":2003,"items_purged":["Regret","Strike_G"],"score":241,"play_id":"bb1f8f97-3c80-4c63-90de-0f09e493cc2b","local_time":"20181025231941","is_ascension_mode":false,"campfire_choices":[{"data":"Neutralize","floor":7,"key":"SMITH"},{"data":"Backflip","floor":10,"key":"SMITH"},{"floor":12,"key":"REST"},{"data":"Survivor","floor":15,"key":"SMITH"},{"floor":23,"key":"REST"}],"neow_cost":"NONE","seed_source_timestamp":1047877323344393,"circlet_count":0,"master_deck":["Defend_G","Defend_G","Defend_G","Defend_G","Defend_G","Strike_G","Strike_G","Strike_G","Strike_G+1","Survivor+1","Neutralize+1","Backflip+1","Armaments+1","Limit Break+1","Entrench+1","Bandage Up+1","Apotheosis+1"],"relics":["Ring of the Snake","NeowsBlessing","Kunai","PrismaticShard","The Courier","Golden Idol","Vajra","Toxic Egg 2","White Beast Statue","Gremlin Horn","Pantograph"],"potions_floor_usage":[1,16,19,22,27,28,28,28],"damage_taken":[{"damage":0,"enemies":"2 Louse","floor":1,"turns":1},{"damage":0,"enemies":"Jaw Worm","floor":2,"turns":1},{"damage":0,"enemies":"Lagavulin","floor":6,"turns":1},{"damage":0,"enemies":"Small Slimes","floor":14,"turns":3},{"damage":25,"enemies":"The Guardian","floor":16,"turns":13},{"damage":16,"enemies":"Spheric Guardian","floor":18,"turns":10},{"damage":8,"enemies":"2 Thieves","floor":19,"turns":4},{"damage":22,"enemies":"Shelled Parasite and Fungi","floor":22,"turns":9},{"damage":1,"enemies":"Centurion and Healer","floor":25,"turns":13},{"damage":44,"enemies":"Sentry and Sphere","floor":27,"turns":14},{"damage":34,"enemies":"Chosen and Byrds","floor":28,"turns":8}],"seed_played":"8746044082731818089","potions_obtained":[{"floor":1,"key":"Fruit Juice"},{"floor":14,"key":"PowerPotion"},{"floor":16,"key":"Regen Potion"},{"floor":18,"key":"PowerPotion"},{"floor":19,"key":"Weak Potion"},{"floor":22,"key":"Explosive Potion"},{"floor":25,"key":"GamblersBrew"},{"floor":27,"key":"Explosive Potion"}],"is_trial":false,"path_per_floor":["M","M","?","?","$","E","R","?","T","R","?","R","T","M","R","B",null,"M","M","$","?","M","R","?","M","T","M"],"character_chosen":"THE_SILENT","items_purchased":["PrismaticShard"],"campfire_rested":2,"item_purchase_floors":[5],"current_hp_per_floor":[75,75,75,75,75,75,75,57,57,57,50,72,72,72,72,47,75,59,51,51,51,44,66,66,65,65,27,0],"gold":202,"neow_bonus":"THREE_ENEMY_KILL","is_prod":false,"is_daily":false,"chose_seed":false,"campfire_upgraded":3,"win_rate":0,"timestamp":1540505981,"path_taken":["M","M","?","?","$","E","R","?","T","R","?","R","?","M","R","BOSS","M","M","$","?","M","R","?","M","T","?","M"],"build_version":"2018-10-18","purchased_purges":2,"victory":false,"max_hp_per_floor":[75,75,75,75,75,75,75,75,75,75,75,75,75,75,75,75,75,75,75,75,75,75,75,75,75,75,75,75],"card_choices":[{"not_picked":["Accuracy","Poisoned Stab"],"picked":"Backflip","floor":1},{"not_picked":["Sucker Punch","Underhanded Strike","Prepared"],"picked":"SKIP","floor":2},{"not_picked":["Heel Hook","Capacitor","Well Laid Plans"],"picked":"SKIP","floor":6},{"not_picked":["Acrobatics+1","Blade Dance+1"],"picked":"Armaments+1","floor":14},{"not_picked":["Meteor Strike","Venomology+1"],"picked":"Limit Break+1","floor":16},{"not_picked":["Bane","PiercingWail+1","Scrape"],"picked":"SKIP","floor":18},{"not_picked":["Headbutt+1","Coolheaded+1"],"picked":"Entrench+1","floor":19},{"not_picked":["Prepared+1","Havoc+1","Havoc+1"],"picked":"SKIP","floor":22},{"not_picked":["Heavy Blade","Barrage"],"picked":"Bandage Up+1","floor":25},{"not_picked":["Dagger Spray","Heavy Blade+1"],"picked":"Apotheosis+1","floor":27}],"player_experience":239361,"relics_obtained":[{"floor":6,"key":"The Courier"},{"floor":9,"key":"Vajra"},{"floor":13,"key":"Toxic Egg 2"},{"floor":26,"key":"Pantograph"}],"event_choices":[{"damage_healed":0,"gold_gain":0,"player_choice":"Box","damage_taken":0,"relics_obtained":["Kunai"],"max_hp_gain":0,"max_hp_loss":0,"event_name":"Big Fish","floor":3,"gold_loss":0,"cards_obtained":["Regret"]},{"damage_healed":0,"gold_gain":175,"player_choice":"AGREE","damage_taken":0,"max_hp_gain":0,"max_hp_loss":0,"event_name":"Liars Game","floor":4,"gold_loss":0,"cards_obtained":["Doubt"]},{"damage_healed":0,"gold_gain":0,"player_choice":"Take Damage","damage_taken":18,"relics_obtained":["Golden Idol"],"max_hp_gain":0,"max_hp_loss":0,"event_name":"Golden Idol","floor":8,"gold_loss":0},{"cards_removed":["Doubt"],"damage_healed":0,"gold_gain":0,"player_choice":"Card Removal","damage_taken":7,"max_hp_gain":0,"max_hp_loss":0,"event_name":"Golden Wing","floor":11,"gold_loss":0},{"damage_healed":0,"gold_gain":0,"player_choice":"Opened","damage_taken":0,"relics_obtained":["Gremlin Horn"],"max_hp_gain":0,"max_hp_loss":0,"event_name":"The Mausoleum","floor":21,"gold_loss":0},{"damage_healed":0,"gold_gain":0,"player_choice":"Upgraded","damage_taken":0,"max_hp_gain":0,"max_hp_loss":0,"event_name":"Upgrade Shrine","floor":24,"gold_loss":0,"cards_upgraded":["Strike_G"]}],"is_beta":false,"boss_relics":[{"not_picked":["Coffee Dripper","Runic Pyramid"],"picked":"White Beast Statue"}],"items_purged_floors":[5,20],"is_endless":false,"potions_floor_spawned":[1,14,16,18,19,22,25,27],"killed_by":"Chosen and Byrds","ascension_level":0}