{"path_per_floor":["M","$","?","$","?","E","M","?","T","M","M","E","?","?","R","B",null,"M","?","?","M","$","R","E","R","T","M","R","E","R","$","R"],"character_chosen":"IRONCLAD","items_purchased":["Pommel Strike","Clothesline"],"gold_per_floor":[116,116,116,41,41,69,82,82,107,120,133,165,187,187,187,289,289,299,299,299,311,185,185,220,220,244,255,255,288,288,239,239],"floor_reached":33,"campfire_rested":2,"playtime":970,"current_hp_per_floor":[78,78,66,66,66,72,78,62,62,68,74,75,74,74,74,63,76,77,77,77,80,80,80,77,77,77,63,63,32,59,59,86],"items_purged":["Bash","Decay"],"gold":239,"score":424,"play_id":"cd248a65-1546-4ab3-ab2f-7e9a22132c7f","local_time":"20180307015729","is_prod":false,"is_daily":false,"is_ascension_mode":true,"campfire_upgraded":4,"timestamp":1520409449,"path_taken":["M","$","?","$","?","E","M","?","T","?","M","E","?","?","R","BOSS","M","?","?","M","$","R","E","R","T","M","R","E","R","?","R","BOSS"],"build_version":"2018-03-01-PROD1","purchased_purges":3,"victory":false,"master_deck":["Strike_R","Strike_R+1","Strike_R+1","Strike_R+1","Strike_R","Defend_R","Defend_R","Defend_R","Defend_R+1","Rampage+1","Pommel Strike+1","Clash","Thunderclap","Flex+1","Impervious","Iron Wave+1","Pommel Strike+1","Iron Wave","Clothesline"],"max_hp_per_floor":[80,80,80,80,80,80,80,80,80,80,80,80,80,80,80,80,80,80,80,80,80,80,80,90,90,90,90,90,90,90,90,90],"relics":["Black Blood","NeowsBlessing","Bird Faced Urn","Whetstone","Art of War","Orichalcum","Odd Mushroom","Pear","Bronze Scales","Oddly Smooth Stone"],"card_choices":[{"not_picked":["Uppercut","Havoc"],"picked":"Rampage"},{"not_picked":["Evolve","Dual Wield"],"picked":"Pommel Strike"},{"not_picked":["Disarm","Body Slam"],"picked":"Clash"},{"not_picked":["Shockwave","Iron Wave"],"picked":"Thunderclap"},{"not_picked":["Body Slam","Havoc"],"picked":"Flex"},{"not_picked":["Dark Embrace","Demon Form"],"picked":"Impervious"},{"not_picked":["Spot Weakness","Clash"],"picked":"Iron Wave"},{"not_picked":["Clothesline","Heavy Blade"],"picked":"Iron Wave"}],"player_experience":296273,"potions_floor_usage":[13,13,16,18,21,24,24,27],"damage_taken":[{"damage":0,"enemies":"Small Slimes","floor":1,"turns":1},{"damage":0,"enemies":"Lagavulin","floor":6,"turns":1},{"damage":0,"enemies":"2 Louse","floor":7,"turns":1},{"damage":0,"enemies":"Jaw Worm","floor":10,"turns":2},{"damage":0,"enemies":"Large Slime","floor":11,"turns":4},{"damage":5,"enemies":"3 Sentries","floor":12,"turns":6},{"damage":7,"enemies":"The Mushroom Lair","floor":13,"turns":3},{"damage":17,"enemies":"The Guardian","floor":16,"turns":9},{"damage":9,"enemies":"2 Thieves","floor":18,"turns":4},{"damage":1,"enemies":"Spheric Guardian","floor":21,"turns":3},{"damage":23,"enemies":"Slavers","floor":24,"turns":7},{"damage":24,"enemies":"Snake Plant","floor":27,"turns":4},{"damage":41,"enemies":"Book of Stabbing","floor":29,"turns":5},{"damage":103,"enemies":"Collector","floor":33,"turns":11}],"event_choices":[{"event_name":"Scrap Ooze","player_choice":"success","floor":3,"damage_taken":12},{"event_name":"Accursed Blacksmith","player_choice":"Forge","floor":5,"damage_taken":0},{"event_name":"Shining Light","player_choice":"Entered Light","floor":8,"damage_taken":0},{"event_name":"Mushrooms","player_choice":"Fought Mushrooms","floor":13,"damage_taken":0},{"event_name":"The Lab","player_choice":"Got Potions","floor":14,"damage_taken":0},{"event_name":"Forgotten Altar","player_choice":"Smashed Altar","floor":19,"damage_taken":0},{"event_name":"Vampires","player_choice":"Ignored","floor":20,"damage_taken":0}],"boss_relics":[{"not_picked":["Runic Dome","Mark of Pain"],"picked":"Black Blood"}],"potions_floor_spawned":[1,7,10,12,13,18,21,24],"seed_played":"-2220018740532816877","killed_by":"Collector","ascension_level":7,"is_trial":false}