{"gold_per_floor":[119,24,44,44,64,64,97,97,97,49,124,135,100,113,113,208,208,221,221,234,90,110,110,10,10,10,10],"floor_reached":27,"playtime":2262,"items_purged":["Normality","Pain"],"score":278,"play_id":"d5ce3206-1dca-4bfa-a583-b53a1e81134c","local_time":"20190205155100","is_ascension_mode":true,"campfire_choices":[{"data":"Bash","floor":6,"key":"SMITH"},{"data":"Inflame","floor":8,"key":"SMITH"},{"data":"Heavy Blade","floor":15,"key":"SMITH"},{"data":"Shame","floor":23,"key":"PURGE"},{"data":"Fiend Fire","floor":25,"key":"SMITH"}],"neow_cost":"NONE","seed_source_timestamp":1105284705424899,"circlet_count":0,"master_deck":["Defend_R","Defend_R","Defend_R","Defend_R","Bash+1","Cleave","Inflame+1","Heavy Blade","Sword Boomerang","Heavy Blade+1","Fiend Fire+1","Metallicize+1","Bite","Bite","Bite","Bite","Bite","Battle Trance"],"relics":["Burning Blood","Peace Pipe","Centennial Puzzle","Champion Belt","Calling Bell","Regal Pillow","Sundial","Thread and Needle","Matryoshka"],"potions_floor_usage":[7,16,22,27],"damage_taken":[{"damage":1,"enemies":"Cultist","floor":1,"turns":3},{"damage":0,"enemies":"2 Louse","floor":3,"turns":2},{"damage":7,"enemies":"Small Slimes","floor":5,"turns":3},{"damage":20,"enemies":"3 Sentries","floor":7,"turns":6},{"damage":1,"enemies":"2 Fungi Beasts","floor":12,"turns":3},{"damage":8,"enemies":"Large Slime","floor":14,"turns":4},{"damage":43,"enemies":"The Guardian","floor":16,"turns":7},{"damage":2,"enemies":"Chosen","floor":18,"turns":4},{"damage":41,"enemies":"Spheric Guardian","floor":20,"turns":6},{"damage":17,"enemies":"Centurion and Healer","floor":22,"turns":5},{"damage":60,"enemies":"Gremlin Leader","floor":27,"turns":5}],"seed_played":"-207156467384666331","potions_obtained":[{"floor":1,"key":"AttackPotion"},{"floor":12,"key":"Weak Potion"},{"floor":22,"key":"BloodPotion"}],"is_trial":false,"path_per_floor":["M","?","M","$","M","R","E","R","T","$","?","M","?","M","R","B",null,"M","?","M","$","M","R","$","R","T","E"],"character_chosen":"IRONCLAD","items_purchased":["Strength Potion","Battle Trance"],"campfire_rested":0,"item_purchase_floors":[10,21],"current_hp_per_floor":[88,88,88,88,87,87,73,73,73,73,62,67,88,86,86,49,88,88,61,34,34,31,31,31,31,31,0],"gold":10,"neow_bonus":"TEN_PERCENT_HP_BONUS","is_prod":false,"is_daily":false,"chose_seed":false,"campfire_upgraded":4,"win_rate":0,"timestamp":1549399860,"path_taken":["M","?","?","?","M","R","E","R","T","$","?","M","?","M","R","BOSS","M","?","M","$","M","R","$","R","T","E"],"build_version":"2019-01-23","purchased_purges":2,"victory":false,"max_hp_per_floor":[88,88,88,88,88,88,88,88,88,88,88,88,88,88,88,88,88,88,61,61,61,61,61,61,61,61,61],"card_choices":[{"not_picked":["Uppercut","Perfected Strike"],"picked":"Cleave","floor":1},{"not_picked":["Clash","Heavy Blade"],"picked":"Inflame","floor":3},{"not_picked":["Anger","Body Slam"],"picked":"Heavy Blade","floor":5},{"not_picked":["Dropkick","Searing Blow","Wild Strike"],"picked":"SKIP","floor":7},{"not_picked":["Wild Strike","Warcry"],"picked":"Sword Boomerang","floor":12},{"not_picked":["True Grit","Shockwave"],"picked":"Heavy Blade","floor":14},{"not_picked":["Berserk","Dark Embrace"],"picked":"Fiend Fire","floor":16},{"not_picked":["Pommel Strike","Seeing Red"],"picked":"Metallicize+1","floor":18},{"not_picked":["Pommel Strike","Clothesline+1","Blood for Blood"],"picked":"SKIP","floor":20},{"not_picked":["Heavy Blade","Sword Boomerang","Warcry"],"picked":"SKIP","floor":22}],"player_experience":439423,"relics_obtained":[{"floor":7,"key":"Centennial Puzzle"},{"floor":9,"key":"Champion Belt"},{"floor":17,"key":"Regal Pillow"},{"floor":17,"key":"Sundial"},{"floor":17,"key":"Thread and Needle"},{"floor":26,"key":"Matryoshka"}],"event_choices":[{"damage_healed":0,"gold_gain":0,"player_choice":"Paid Gold","damage_taken":0,"relics_obtained":["Peace Pipe"],"max_hp_gain":0,"max_hp_loss":0,"event_name":"WeMeetAgain","floor":2,"gold_loss":95},{"damage_healed":0,"gold_gain":75,"player_choice":"Gather Gold","damage_taken":11,"max_hp_gain":0,"max_hp_loss":0,"event_name":"World of Goop","floor":11,"gold_loss":0},{"damage_healed":22,"gold_gain":0,"player_choice":"Healed","damage_taken":0,"max_hp_gain":0,"max_hp_loss":0,"event_name":"The Cleric","floor":13,"gold_loss":35},{"damage_healed":0,"gold_gain":0,"player_choice":"Became a vampire","damage_taken":0,"max_hp_gain":0,"max_hp_loss":27,"event_name":"Vampires","floor":19,"gold_loss":0,"cards_obtained":["Bite","Bite","Bite","Bite","Bite"]}],"is_beta":false,"boss_relics":[{"not_picked":["Tiny House","Astrolabe"],"picked":"Calling Bell"}],"items_purged_floors":[21,24],"is_endless":false,"potions_floor_spawned":[1,12,22],"killed_by":"Gremlin Leader","ascension_level":4}