{"gold_per_floor":[113,131,148,73,88,88,117,117,117,128,146,159,234,307,307,404,454,468,468,483,9,22,22,22],"floor_reached":24,"playtime":1686,"items_purged":["Strike_R","Strike_R"],"score":210,"play_id":"73ff1783-2cc4-4345-b507-7773ab9058d6","local_time":"20181029221223","is_ascension_mode":true,"campfire_choices":[{"data":"Entrench","floor":6,"key":"SMITH"},{"data":"Barricade","floor":8,"key":"SMITH"},{"floor":15,"key":"REST"},{"floor":23,"key":"REST"}],"neow_cost":"NONE","seed_source_timestamp":1708480018379785,"circlet_count":0,"master_deck":["Strike_R","Strike_R+1","Strike_R","Defend_R+1","Defend_R","Defend_R+1","Defend_R","Bash","Entrench+1","Entrench","Metallicize","Barricade+1","Metallicize","Bludgeon","Armaments","Body Slam","True Grit+1","Shrug It Off","Body Slam","Body Slam"],"relics":["Burning Blood","Omamori","War Paint","Blue Candle","Tiny House","Ice Cream"],"potions_floor_usage":[16,16,20,22,24],"damage_taken":[{"damage":6,"enemies":"Cultist","floor":1,"turns":3},{"damage":10,"enemies":"Small Slimes","floor":2,"turns":3},{"damage":9,"enemies":"2 Louse","floor":3,"turns":3},{"damage":7,"enemies":"Large Slime","floor":5,"turns":7},{"damage":43,"enemies":"Gremlin Nob","floor":7,"turns":6},{"damage":6,"enemies":"Exordium Wildlife","floor":10,"turns":6},{"damage":2,"enemies":"Blue Slaver","floor":11,"turns":9},{"damage":18,"enemies":"Lots of Slimes","floor":12,"turns":12},{"damage":13,"enemies":"The Guardian","floor":16,"turns":22},{"damage":34,"enemies":"3 Byrds","floor":18,"turns":12},{"damage":0,"enemies":"Chosen","floor":20,"turns":6},{"damage":28,"enemies":"Shelled Parasite and Fungi","floor":22,"turns":7},{"damage":70,"enemies":"Gremlin Leader","floor":24,"turns":6}],"seed_played":"5573489646028287683","potions_obtained":[{"floor":5,"key":"Weak Potion"},{"floor":10,"key":"FearPotion"},{"floor":11,"key":"Poison Potion"},{"floor":16,"key":"LiquidBronze"},{"floor":17,"key":"Poison Potion"},{"floor":20,"key":"Block Potion"}],"is_trial":false,"path_per_floor":["M","M","M","$","M","R","E","R","T","M","M","M","?","T","R","B",null,"M","?","M","$","M","R"],"character_chosen":"IRONCLAD","items_purchased":["Shrug It Off","Body Slam","Ice Cream"],"campfire_rested":2,"item_purchase_floors":[21,21,21],"current_hp_per_floor":[80,76,73,73,72,72,35,35,35,35,39,27,16,16,40,33,85,57,57,63,63,41,66,0],"gold":22,"neow_bonus":"THREE_CARDS","is_prod":false,"is_daily":false,"chose_seed":false,"campfire_upgraded":2,"win_rate":0,"timestamp":1540865543,"path_taken":["M","?","M","$","M","R","E","R","T","M","M","M","?","?","R","BOSS","M","?","?","$","M","R","E"],"build_version":"2018-10-25v2","purchased_purges":2,"victory":false,"max_hp_per_floor":[80,80,80,80,80,80,80,80,80,80,80,80,80,80,80,80,85,85,85,85,85,85,85,85],"card_choices":[{"not_picked":["Clothesline","Wild Strike"],"picked":"Entrench","floor":0},{"not_picked":["Twin Strike","Pommel Strike","Dropkick"],"picked":"SKIP","floor":1},{"not_picked":["Sever Soul","Spot Weakness"],"picked":"Entrench","floor":2},{"not_picked":["Perfected Strike","Inflame","Anger"],"picked":"SKIP","floor":3},{"not_picked":["True Grit","Armaments"],"picked":"Metallicize","floor":5},{"not_picked":["Infernal Blade","Spot Weakness"],"picked":"Barricade","floor":7},{"not_picked":["Wild Strike","Sever Soul"],"picked":"Metallicize","floor":10},{"not_picked":["Second Wind","Armaments","Hemokinesis"],"picked":"SKIP","floor":11},{"not_picked":["Rampage","Pommel Strike","Clothesline"],"picked":"SKIP","floor":12},{"not_picked":["Barricade","Limit Break"],"picked":"Bludgeon","floor":16},{"not_picked":["Heavy Blade","Feel No Pain"],"picked":"Armaments","floor":17},{"not_picked":["Wild Strike","Evolve"],"picked":"Body Slam","floor":18},{"not_picked":["Pummel","Corruption"],"picked":"True Grit+1","floor":20},{"not_picked":["Warcry","Fire Breathing"],"picked":"Body Slam","floor":22}],"player_experience":700262,"relics_obtained":[{"floor":7,"key":"Omamori"},{"floor":9,"key":"War Paint"},{"floor":14,"key":"Blue Candle"}],"event_choices":[{"damage_healed":0,"gold_gain":75,"player_choice":"Gather Gold","damage_taken":11,"max_hp_gain":0,"max_hp_loss":0,"event_name":"World of Goop","floor":13,"gold_loss":0},{"damage_healed":0,"gold_gain":0,"player_choice":"0 cards matched","damage_taken":0,"max_hp_gain":0,"max_hp_loss":0,"event_name":"Match and Keep!","floor":19,"gold_loss":0,"cards_obtained":[]}],"is_beta":false,"boss_relics":[{"not_picked":["Pandora\u0027s Box","Runic Pyramid"],"picked":"Tiny House"}],"items_purged_floors":[4,21],"is_endless":false,"potions_floor_spawned":[5,10,11,12,16,20],"killed_by":"Gremlin Leader","ascension_level":1}