{"gold_per_floor":[109,126,146,221,396,396,396,429,429,456,456,456],"floor_reached":12,"playtime":697,"items_purged":[],"score":138,"play_id":"9871d578-79e8-4de4-a5d9-c12d64847ae3","local_time":"20190114142505","is_ascension_mode":true,"campfire_choices":[{"floor":6,"key":"REST"},{"floor":11,"key":"REST"}],"neow_cost":"NONE","seed_source_timestamp":4550274854804,"circlet_count":0,"master_deck":["AscendersBane","Defend_G","Defend_G","Defend_G","Defend_G+1","Defend_G","Strike_G","Strike_G","Strike_G","Strike_G","Strike_G+1","Survivor+1","Neutralize","Infinite Blades","Leg Sweep","Skewer","Doubt","Blade Dance"],"relics":["Ring of the Snake","Sundial","Omamori","Bottled Tornado"],"potions_floor_usage":[8],"damage_taken":[{"damage":0,"enemies":"Small Slimes","floor":1,"turns":6},{"damage":0,"enemies":"2 Louse","floor":2,"turns":3},{"damage":0,"enemies":"Jaw Worm","floor":3,"turns":6},{"damage":16,"enemies":"Lagavulin","floor":8,"turns":9},{"damage":36,"enemies":"Gremlin Nob","floor":10,"turns":6},{"damage":32,"enemies":"3 Sentries","floor":12,"turns":6}],"seed_played":"-2598665336602637075","potions_obtained":[{"floor":1,"key":"AttackPotion"}],"is_trial":false,"path_per_floor":["M","M","M","?","?","R","?","E","T","E","R","E"],"character_chosen":"THE_SILENT","items_purchased":[],"campfire_rested":2,"item_purchase_floors":[],"current_hp_per_floor":[63,63,63,52,52,70,56,40,40,4,25,0],"gold":456,"neow_bonus":"UPGRADE_CARD","is_prod":false,"is_daily":false,"chose_seed":false,"campfire_upgraded":0,"win_rate":0,"timestamp":1547468705,"path_taken":["M","M","M","?","?","R","?","E","T","E","R","E"],"build_version":"2019-01-10","purchased_purges":0,"victory":false,"max_hp_per_floor":[70,70,70,70,70,70,70,70,70,70,70,70],"card_choices":[{"not_picked":["Poisoned Stab","Eviscerate"],"picked":"Infinite Blades","floor":1},{"not_picked":["Prepared","Dagger Spray"],"picked":"Leg Sweep","floor":2},{"not_picked":["Deflect","Underhanded Strike"],"picked":"Skewer","floor":3},{"not_picked":["PiercingWail","Noxious Fumes"],"picked":"Blade Dance","floor":8},{"not_picked":["Flechettes","Bouncing Flask","Grand Finale"],"picked":"SKIP","floor":10},{"not_picked":["Flechettes","Bouncing Flask","Grand Finale"],"picked":"SKIP","floor":10}],"player_experience":271816,"relics_obtained":[{"floor":8,"key":"Sundial"},{"floor":9,"key":"Omamori"},{"floor":10,"key":"Bottled Tornado"}],"event_choices":[{"damage_healed":0,"gold_gain":75,"player_choice":"Gather Gold","damage_taken":11,"max_hp_gain":0,"max_hp_loss":0,"event_name":"World of Goop","floor":4,"gold_loss":0},{"damage_healed":0,"gold_gain":175,"player_choice":"AGREE","damage_taken":0,"max_hp_gain":0,"max_hp_loss":0,"event_name":"Liars Game","floor":5,"gold_loss":0,"cards_obtained":["Doubt"]},{"damage_healed":0,"gold_gain":0,"player_choice":"Entered Light","damage_taken":14,"max_hp_gain":0,"max_hp_loss":0,"event_name":"Shining Light","floor":7,"gold_loss":0,"cards_upgraded":["Strike_G","Defend_G"]}],"is_beta":false,"boss_relics":[],"items_purged_floors":[],"is_endless":false,"potions_floor_spawned":[1],"killed_by":"3 Sentries","ascension_level":12}