{"gold_per_floor":[117,44,219,74,74,74,84,84,84,112,131,150,165,179,179,281,281,298,124,124,138,153,153,173,173,199,199,210,210,221,232,232,232],"floor_reached":33,"playtime":2563,"items_purged":["Doubt","Regret"],"score":251,"play_id":"49ed3d10-aca7-4e3b-8a2a-15db75a5a7c8","local_time":"20181011222906","is_ascension_mode":false,"campfire_choices":[{"data":"Genetic Algorithm","floor":6,"key":"SMITH"},{"data":"Redo","floor":15,"key":"SMITH"},{"floor":23,"key":"REST"},{"floor":27,"key":"REST"},{"data":"Dualcast","floor":29,"key":"SMITH"},{"data":"Fusion","floor":32,"key":"SMITH"}],"neow_cost":"","seed_source_timestamp":101268420136745,"circlet_count":0,"master_deck":["Strike_B","Strike_B","Strike_B","Defend_B","Defend_B","Defend_B","Defend_B","Zap","Dualcast+1","Genetic Algorithm+1","Gash","Leap","Self Repair","Go for the Eyes","Defragment+1","Self Repair","Redo+1","Conserve Battery","Reboot","Gash","Coolheaded","Sweeping Beam","Double Energy","FTL","Go for the Eyes","Chill+1","Fusion+1"],"relics":["Cracked Core","Centennial Puzzle","Letter Opener","Vajra","Orrery","Oddly Smooth Stone"],"potions_floor_usage":[10,10,13,16,33,33],"damage_taken":[{"damage":0,"enemies":"2 Louse","floor":1,"turns":2},{"damage":3,"enemies":"Jaw Worm","floor":7,"turns":4},{"damage":15,"enemies":"Gremlin Nob","floor":10,"turns":5},{"damage":2,"enemies":"Cultist","floor":11,"turns":4},{"damage":12,"enemies":"Looter","floor":12,"turns":3},{"damage":30,"enemies":"Gremlin Gang","floor":13,"turns":6},{"damage":4,"enemies":"2 Fungi Beasts","floor":14,"turns":3},{"damage":27,"enemies":"Slime Boss","floor":16,"turns":8},{"damage":11,"enemies":"Chosen","floor":18,"turns":5},{"damage":25,"enemies":"2 Thieves","floor":21,"turns":4},{"damage":50,"enemies":"Shelled Parasite and Fungi","floor":22,"turns":7},{"damage":22,"enemies":"Centurion and Healer","floor":24,"turns":8},{"damage":0,"enemies":"Cultist and Chosen","floor":28,"turns":8},{"damage":25,"enemies":"Shelled Parasite and Fungi","floor":30,"turns":7},{"damage":3,"enemies":"3 Cultists","floor":31,"turns":6},{"damage":74,"enemies":"Champ","floor":33,"turns":12}],"seed_played":"6087946251424972351","potions_obtained":[{"floor":1,"key":"Block Potion"},{"floor":7,"key":"FocusPotion"},{"floor":10,"key":"Block Potion"},{"floor":12,"key":"Strength Potion"},{"floor":21,"key":"Ancient Potion"},{"floor":24,"key":"Strength Potion"},{"floor":28,"key":"Dexterity Potion"}],"is_trial":false,"path_per_floor":["M","$","?","$","?","R","M","?","T","E","M","M","M","M","R","B",null,"M","$","?","M","M","R","M","?","T","R","M","R","M","M","R"],"character_chosen":"DEFECT","items_purchased":["Gash","Leap","Self Repair","FTL"],"campfire_rested":2,"item_purchase_floors":[2,2,4,19],"current_hp_per_floor":[75,75,75,75,75,75,75,75,75,67,72,74,58,68,68,55,75,71,71,71,53,17,39,31,31,31,53,67,67,56,67,67,0],"gold":232,"neow_bonus":"","is_prod":false,"is_daily":false,"chose_seed":false,"campfire_upgraded":4,"win_rate":0,"timestamp":1539293346,"path_taken":["M","$","?","?","?","R","M","?","T","E","M","M","?","M","R","BOSS","M","$","?","?","M","R","M","?","T","R","M","R","M","M","R","BOSS"],"build_version":"2018-10-04v2","purchased_purges":2,"victory":false,"max_hp_per_floor":[75,75,75,75,75,75,75,75,75,75,75,75,75,75,75,75,75,75,75,75,75,75,75,75,75,75,75,75,75,75,75,75,75],"card_choices":[{"not_picked":["Rebound","Aggregate"],"picked":"Genetic Algorithm","floor":1},{"not_picked":["Turbo","Ball Lightning"],"picked":"Go for the Eyes","floor":7},{"not_picked":["Static Discharge","Auto Shields"],"picked":"Defragment","floor":10},{"not_picked":["Compile Driver","Turbo"],"picked":"Self Repair","floor":11},{"not_picked":["Hello World","Hologram","Consume"],"picked":"SKIP","floor":12},{"not_picked":["Ball Lightning","Leap"],"picked":"Redo","floor":13},{"not_picked":["Fission","Barrage"],"picked":"Conserve Battery","floor":14},{"not_picked":["Meteor Strike","Rainbow"],"picked":"Reboot","floor":16},{"not_picked":["Go for the Eyes","Turbo"],"picked":"Gash","floor":17},{"not_picked":["Compile Driver","Conserve Battery"],"picked":"Coolheaded","floor":17},{"not_picked":["Consume","Melter"],"picked":"Sweeping Beam","floor":17},{"not_picked":["Ball Lightning","Barrage"],"picked":"Double Energy","floor":17},{"not_picked":["Streamline+1","Steam","Double Energy+1"],"picked":"SKIP","floor":18},{"not_picked":["Self Repair","Storm","Aggregate+1"],"picked":"SKIP","floor":21},{"not_picked":["Cold Snap","Turbo","Aggregate"],"picked":"SKIP","floor":22},{"not_picked":["Glacier","Steam"],"picked":"Go for the Eyes","floor":24},{"not_picked":["Thunder Strike","Steam","Go for the Eyes"],"picked":"SKIP","floor":28},{"not_picked":["Doom and Gloom+1","Heatsinks"],"picked":"Chill+1","floor":30},{"not_picked":["Go for the Eyes","Genetic Algorithm"],"picked":"Fusion","floor":31}],"player_experience":205516,"relics_obtained":[{"floor":9,"key":"Letter Opener"},{"floor":10,"key":"Vajra"},{"floor":26,"key":"Oddly Smooth Stone"}],"event_choices":[{"event_name":"Liars Game","player_choice":"agreed","floor":3,"damage_taken":0},{"event_name":"Purifier","player_choice":"One Purge","floor":5,"damage_taken":0},{"event_name":"Big Fish","player_choice":"Box","floor":8,"damage_taken":0},{"event_name":"Ghosts","player_choice":"Ignored","floor":20,"damage_taken":0},{"event_name":"Upgrade Shrine","player_choice":"Upgraded","floor":25,"damage_taken":0}],"is_beta":false,"boss_relics":[{"not_picked":["Empty Cage","Black Star"],"picked":"Orrery"}],"items_purged_floors":[4,19],"is_endless":false,"potions_floor_spawned":[1,7,10,12,21,24,28],"killed_by":"Champ","ascension_level":0}