{"gold_per_floor":[119,394,15,27,46,46,76,76,76,111,129,159,234,252,252,347,347,362,8,24,24,38,69,69,98,178,178,29,29,46,0,0,0],"floor_reached":33,"playtime":1022,"items_purged":["Regret"],"score":377,"play_id":"dc2c9732-6f24-47b5-be70-39d62d057a1a","local_time":"20190128175951","is_ascension_mode":true,"campfire_choices":[{"data":"Bash","floor":6.0,"key":"SMITH"},{"data":"Anger","floor":8.0,"key":"SMITH"},{"floor":15.0,"key":"REST"},{"data":"Shrug It Off","floor":24.0,"key":"SMITH"},{"floor":32,"key":"REST"}],"neow_cost":"NONE","seed_source_timestamp":0,"circlet_count":0,"master_deck":["Strike_R+1","Strike_R+1","Strike_R+1","Strike_R+1","Strike_R+1","Defend_R+1","Defend_R+1","Defend_R+1","Defend_R+1","Bash+1","Shrug It Off+1","Sword Boomerang","Anger+1","Wild Strike","Shrug It Off","Limit Break+1","Clothesline+1","Evolve","Reckless Charge","Infernal Blade+1","Wild Strike","Rampage","Ghostly","Ghostly","Ghostly","Ghostly","Ghostly","Secret Technique"],"special_seed":0,"relics":["Burning Blood","NeowsBlessing","Mercury Hourglass","Singing Bowl","Paper Frog","Bottled Lightning","Mark of Pain","Sling","Frozen Egg 2","War Paint","The Courier","Toxic Egg 2"],"potions_floor_usage":[],"damage_taken":[{"damage":0.0,"enemies":"Cultist","floor":1.0,"turns":1.0},{"damage":0.0,"enemies":"Small Slimes","floor":4.0,"turns":1.0},{"damage":0.0,"enemies":"2 Louse","floor":5.0,"turns":1.0},{"damage":20.0,"enemies":"3 Sentries","floor":7.0,"turns":6.0},{"damage":16.0,"enemies":"Gremlin Nob","floor":10.0,"turns":3.0},{"damage":0.0,"enemies":"Exordium Wildlife","floor":11.0,"turns":3.0},{"damage":6.0,"enemies":"Red Slaver","floor":14.0,"turns":2.0},{"damage":52.0,"enemies":"Hexaghost","floor":16.0,"turns":8.0},{"damage":14.0,"enemies":"3 Byrds","floor":18.0,"turns":5.0},{"damage":22.0,"enemies":"Spheric Guardian","floor":20.0,"turns":4.0},{"damage":0.0,"enemies":"Cultist and Chosen","floor":22.0,"turns":5.0},{"damage":21.0,"enemies":"Book of Stabbing","floor":23.0,"turns":4.0},{"damage":34.0,"enemies":"Slavers","floor":25.0,"turns":4.0},{"damage":11.0,"enemies":"Snecko","floor":30.0,"turns":4.0},{"damage":53,"enemies":"Collector","floor":33,"turns":8}],"seed_played":"-3338796009992876729","potions_obtained":[{"floor":5.0,"key":"SpeedPotion"},{"floor":7.0,"key":"Ancient Potion"},{"floor":11.0,"key":"LiquidBronze"},{"floor":16.0,"key":"AttackPotion"},{"floor":18.0,"key":"GamblersBrew"},{"floor":22.0,"key":"SpeedPotion"}],"is_trial":false,"path_per_floor":["M","?","$","M","M","R","E","R","T","E","M","?","?","M","R","B",null,"M","$","M","?","M","E","R","E","T","?","$","T","M","?","R","B"],"character_chosen":"IRONCLAD","items_purchased":["Mercury Hourglass","Sword Boomerang","Sling","Evolve","Reckless Charge","Secret Technique"],"campfire_rested":2,"item_purchase_floors":[3,3,19,19,19,28],"current_hp_per_floor":[80,80,80,80,80,80,68,68,68,58,66,66,55,57,82,36,86,78,78,64,64,70,55,55,27,27,27,27,27,24,24,37,0],"gold":0,"neow_bonus":"THREE_ENEMY_KILL","is_prod":false,"is_daily":false,"chose_seed":false,"campfire_upgraded":3,"win_rate":0,"timestamp":1548727191,"path_taken":["M","?","$","M","?","R","E","R","T","E","M","?","?","M","R","BOSS","M","$","M","?","M","E","R","E","T","?","$","?","?","?","R","BOSS"],"build_version":"2019-01-23","purchased_purges":1,"victory":false,"max_hp_per_floor":[80,80,80,80,80,80,82,82,82,82,84,84,84,86,86,86,86,86,86,88,88,88,88,88,88,88,44,44,44,46,46,46,46],"card_choices":[{"not_picked":["Flex","Iron Wave"],"picked":"Shrug It Off","floor":1.0},{"not_picked":["Twin Strike","Cleave"],"picked":"Anger","floor":4.0},{"not_picked":["Hemokinesis","Twin Strike"],"picked":"Wild Strike","floor":5.0},{"not_picked":["Twin Strike","Anger","Heavy Blade"],"picked":"Singing Bowl","floor":7.0},{"not_picked":["Twin Strike","Second Wind"],"picked":"Shrug It Off","floor":10.0},{"not_picked":["Battle Trance","Clash","Cleave"],"picked":"Singing Bowl","floor":11.0},{"not_picked":["Headbutt","Dual Wield","Clash"],"picked":"Singing Bowl","floor":14.0},{"not_picked":["Dark Embrace","Fiend Fire"],"picked":"Limit Break","floor":16.0},{"not_picked":["Flame Barrier","Perfected Strike"],"picked":"Clothesline+1","floor":18.0},{"not_picked":["Shockwave","Body Slam","Flex"],"picked":"Singing Bowl","floor":20.0},{"not_picked":["Thunderclap","Fire Breathing"],"picked":"Infernal Blade","floor":22.0},{"not_picked":["Pummel","Ghostly Armor"],"picked":"Wild Strike","floor":23.0},{"not_picked":["Demon Form+1","Perfected Strike"],"picked":"Rampage","floor":25.0},{"not_picked":["Pummel","Havoc+1","Pommel Strike"],"picked":"Singing Bowl","floor":30.0}],"player_experience":214700,"relics_obtained":[{"floor":7.0,"key":"Singing Bowl"},{"floor":9.0,"key":"Paper Frog"},{"floor":10.0,"key":"Bottled Lightning"},{"floor":23.0,"key":"Frozen Egg 2"},{"floor":25.0,"key":"War Paint"},{"floor":26.0,"key":"The Courier"},{"floor":29.0,"key":"Toxic Egg 2"}],"event_choices":[{"damage_healed":0.0,"max_hp_gain":0.0,"max_hp_loss":0.0,"gold_gain":275.0,"event_name":"Golden Shrine","player_choice":"Desecrate","floor":2.0,"gold_loss":0.0,"damage_taken":0.0,"cards_obtained":["Regret"]},{"damage_healed":0.0,"max_hp_gain":0.0,"max_hp_loss":0.0,"gold_gain":30.0,"event_name":"Dead Adventurer","player_choice":"Searched \u00272\u0027 times","floor":12.0,"gold_loss":0.0,"damage_taken":0.0},{"damage_healed":0.0,"max_hp_gain":0.0,"max_hp_loss":0.0,"gold_gain":75.0,"event_name":"World of Goop","player_choice":"Gather Gold","floor":13.0,"gold_loss":0.0,"damage_taken":11.0},{"damage_healed":0.0,"max_hp_gain":0.0,"max_hp_loss":0.0,"gold_gain":0.0,"event_name":"Back to Basics","player_choice":"Simplicity","floor":21.0,"gold_loss":0.0,"damage_taken":0.0,"cards_upgraded":["Strike_R","Strike_R","Strike_R","Strike_R","Strike_R","Defend_R","Defend_R","Defend_R","Defend_R"]},{"damage_healed":0.0,"max_hp_gain":0.0,"max_hp_loss":44.0,"gold_gain":0.0,"event_name":"Ghosts","player_choice":"Became a Ghost","floor":27.0,"gold_loss":0.0,"damage_taken":0.0,"cards_obtained":["Ghostly","Ghostly","Ghostly","Ghostly","Ghostly"]},{"damage_healed":0.0,"max_hp_gain":0.0,"max_hp_loss":0.0,"gold_gain":0.0,"event_name":"Masked Bandits","player_choice":"Paid Fearfully","floor":31.0,"gold_loss":46.0,"damage_taken":0.0}],"is_beta":false,"boss_relics":[{"not_picked":["White Beast Statue","Runic Dome"],"picked":"Mark of Pain"}],"items_purged_floors":[3],"is_endless":false,"potions_floor_spawned":[5,7,11,16,18,22],"killed_by":"Collector","ascension_level":4}