{"gold_per_floor":[110,110,110,129,140,140,166,166,166,193,204,219,68,68,68,172,172,192,217,142],"floor_reached":20,"playtime":1118,"items_purged":[],"score":246,"play_id":"a4aa42f6-7a4c-4b6f-9daa-63aba1653626","local_time":"20190209082148","is_ascension_mode":true,"campfire_choices":[{"floor":6,"key":"REST"},{"floor":8,"key":"REST"},{"floor":15,"key":"REST"}],"neow_cost":"NONE","seed_source_timestamp":1425085459977600,"circlet_count":0,"master_deck":["Strike_R","Strike_R","Strike_R","Strike_R","Defend_R","Defend_R","Defend_R","Defend_R","Bash","Shrug It Off","Iron Wave","Entrench","Shockwave","Shrug It Off","Body Slam","Pommel Strike+1","Armaments","Carnage+1","Body Slam+1","Barricade","Ghostly Armor+1","Body Slam+1"],"relics":["Burning Blood","Dream Catcher","Mercury Hourglass","Molten Egg 2","Question Card","Juzu Bracelet","Runic Pyramid","Red Mask"],"potions_floor_usage":[18,20],"damage_taken":[{"damage":2,"enemies":"Jaw Worm","floor":1,"turns":3},{"damage":0,"enemies":"Cultist","floor":4,"turns":4},{"damage":4,"enemies":"Small Slimes","floor":5,"turns":4},{"damage":44,"enemies":"3 Sentries","floor":7,"turns":14},{"damage":48,"enemies":"Lagavulin","floor":10,"turns":9},{"damage":5,"enemies":"Exordium Wildlife","floor":11,"turns":3},{"damage":5,"enemies":"2 Fungi Beasts","floor":12,"turns":4},{"damage":42,"enemies":"The Guardian","floor":16,"turns":11},{"damage":6,"enemies":"Spheric Guardian","floor":18,"turns":3},{"damage":59,"enemies":"Masked Bandits","floor":19,"turns":6},{"damage":25,"enemies":"2 Thieves","floor":20,"turns":3}],"seed_played":"5124277645831221958","potions_obtained":[{"floor":7,"key":"Strength Potion"},{"floor":10,"key":"Explosive Potion"},{"floor":11,"key":"LiquidBronze"},{"floor":19,"key":"Dexterity Potion"}],"is_trial":false,"path_per_floor":["M","?","$","M","M","R","E","R","T","E","M","M","$","?","R","B",null,"M","?","M"],"character_chosen":"IRONCLAD","items_purchased":["Juzu Bracelet"],"campfire_rested":3,"item_purchase_floors":[13],"current_hp_per_floor":[76,76,76,80,80,80,42,66,66,24,25,26,26,26,50,14,64,64,11,0],"gold":142,"neow_bonus":"RANDOM_COMMON_RELIC","is_prod":false,"is_daily":false,"chose_seed":false,"campfire_upgraded":0,"win_rate":0,"timestamp":1549718508,"path_taken":["M","?","$","M","M","R","E","R","T","E","?","?","?","?","R","BOSS","M","?","M"],"build_version":"2019-01-23","purchased_purges":0,"victory":false,"max_hp_per_floor":[80,80,80,80,80,80,80,80,80,80,80,80,80,80,80,80,80,80,80,80],"card_choices":[{"not_picked":["True Grit","Clothesline"],"picked":"Shrug It Off","floor":1},{"not_picked":["Searing Blow","Pommel Strike"],"picked":"Entrench","floor":4},{"not_picked":["Flex","Feel No Pain"],"picked":"Shockwave","floor":5},{"not_picked":["Sword Boomerang","Flex"],"picked":"Shrug It Off","floor":6},{"not_picked":["Power Through","Ghostly Armor"],"picked":"Body Slam","floor":7},{"not_picked":["Burning Pact","Thunderclap+1"],"picked":"Pommel Strike+1","floor":10},{"not_picked":["Clash+1","Flex","Pommel Strike+1"],"picked":"Armaments","floor":11},{"not_picked":["Sword Boomerang+1","Sever Soul+1","Perfected Strike+1"],"picked":"Carnage+1","floor":12},{"not_picked":["Shrug It Off","Intimidate","Pommel Strike+1"],"picked":"Body Slam+1","floor":15},{"not_picked":["Immolate+1","Juggernaut","Berserk"],"picked":"Barricade","floor":16},{"not_picked":["Dropkick+1","Shrug It Off","Armaments"],"picked":"Ghostly Armor+1","floor":18},{"not_picked":["Rampage+1","Wild Strike+1","Spot Weakness"],"picked":"Body Slam+1","floor":19}],"player_experience":457359,"relics_obtained":[{"floor":7,"key":"Mercury Hourglass"},{"floor":9,"key":"Molten Egg 2"},{"floor":10,"key":"Question Card"},{"floor":19,"key":"Red Mask"}],"event_choices":[{"damage_healed":0,"gold_gain":0,"player_choice":"1 cards matched","damage_taken":0,"max_hp_gain":0,"max_hp_loss":0,"event_name":"Match and Keep!","floor":2,"gold_loss":0,"cards_obtained":["Iron Wave"]},{"cards_removed":["Strike_R"],"damage_healed":0,"gold_gain":0,"player_choice":"Purged","damage_taken":0,"max_hp_gain":0,"max_hp_loss":0,"event_name":"Purifier","floor":14,"gold_loss":0},{"damage_healed":0,"gold_gain":0,"player_choice":"Fought Bandits","damage_taken":0,"max_hp_gain":0,"max_hp_loss":0,"event_name":"Masked Bandits","floor":19,"gold_loss":0}],"is_beta":false,"boss_relics":[{"not_picked":["Astrolabe","Coffee Dripper"],"picked":"Runic Pyramid"}],"items_purged_floors":[],"is_endless":false,"potions_floor_spawned":[7,10,11,19],"killed_by":"2 Thieves","ascension_level":7}