{"gold_per_floor":[18,18,29,49,64,64,92,92,392,409,423,442,442,476,476,547,547,557,557,568,568,568,568,568],"floor_reached":24,"playtime":1340,"items_purged":[],"score":441,"play_id":"9b62ef47-9c64-480a-a2c2-e472976a9653","local_time":"20181225212204","is_ascension_mode":true,"campfire_choices":[{"data":"Uppercut","floor":6,"key":"SMITH"},{"data":"Bash","floor":8,"key":"SMITH"},{"data":"Anger","floor":15,"key":"SMITH"},{"data":"Rage","floor":23,"key":"SMITH"}],"neow_cost":"NO_GOLD","seed_source_timestamp":353312188456652,"circlet_count":0,"master_deck":["AscendersBane","Defend_R","Defend_R","Defend_R","Defend_R","Bash+1","Clothesline","Shrug It Off","Headbutt+1","Uppercut+1","Anger+1","Spot Weakness","Rage+1","Feed","Body Slam+1","Bite","Bite","Bite","Bite","Bite"],"relics":["Burning Blood","Ice Cream","Meat on the Bone","Old Coin","Mango","Velvet Choker","Nilry\u0027s Codex"],"potions_floor_usage":[11,14,16],"damage_taken":[{"damage":6,"enemies":"2 Louse","floor":1,"turns":3},{"damage":7,"enemies":"Jaw Worm","floor":3,"turns":4},{"damage":4,"enemies":"Cultist","floor":4,"turns":3},{"damage":1,"enemies":"2 Fungi Beasts","floor":5,"turns":4},{"damage":24,"enemies":"Gremlin Nob","floor":7,"turns":4},{"damage":5,"enemies":"Red Slaver","floor":10,"turns":3},{"damage":2,"enemies":"3 Louse","floor":11,"turns":4},{"damage":16,"enemies":"Exordium Thugs","floor":12,"turns":4},{"damage":22,"enemies":"3 Sentries","floor":14,"turns":5},{"damage":28,"enemies":"Hexaghost","floor":16,"turns":9},{"damage":27,"enemies":"Chosen","floor":18,"turns":4},{"damage":22,"enemies":"2 Thieves","floor":20,"turns":3},{"damage":44,"enemies":"Book of Stabbing","floor":24,"turns":3}],"seed_played":"8646080029074046660","potions_obtained":[{"floor":3,"key":"SmokeBomb"},{"floor":7,"key":"SteroidPotion"},{"floor":10,"key":"Energy Potion"},{"floor":14,"key":"FearPotion"}],"is_trial":false,"path_per_floor":["M","?","M","M","M","R","E","R","T","M","M","M","?","E","R","B",null,"M","?","M","?","?","R","E"],"character_chosen":"IRONCLAD","items_purchased":[],"campfire_rested":0,"item_purchase_floors":[],"current_hp_per_floor":[68,68,67,69,74,74,56,56,56,57,61,51,28,38,38,28,74,53,53,52,31,31,31,0],"gold":568,"neow_bonus":"ONE_RARE_RELIC","is_prod":false,"is_daily":false,"chose_seed":false,"campfire_upgraded":4,"win_rate":0,"timestamp":1545801724,"path_taken":["M","?","M","M","M","R","E","R","T","M","M","M","?","E","R","BOSS","M","?","M","?","?","R","E"],"build_version":"2018-12-20","purchased_purges":0,"victory":false,"max_hp_per_floor":[75,75,75,75,75,75,75,75,75,75,75,75,75,89,89,89,89,89,89,92,92,64,64,64],"card_choices":[{"not_picked":["Wild Strike","Thunderclap"],"picked":"Clothesline","floor":1},{"not_picked":["Clash","Second Wind"],"picked":"Shrug It Off","floor":3},{"not_picked":["Dropkick","Heavy Blade"],"picked":"Headbutt","floor":4},{"not_picked":["Clash","Wild Strike"],"picked":"Uppercut","floor":5},{"not_picked":["Heavy Blade","Dark Embrace","Body Slam"],"picked":"SKIP","floor":7},{"not_picked":["Wild Strike","Iron Wave"],"picked":"Anger","floor":10},{"not_picked":["Rupture","Clothesline","Heavy Blade"],"picked":"SKIP","floor":11},{"not_picked":["Iron Wave","True Grit"],"picked":"Spot Weakness","floor":12},{"not_picked":["Flex","Perfected Strike"],"picked":"Rage","floor":14},{"not_picked":["Barricade","Demon Form"],"picked":"Feed","floor":16},{"not_picked":["Iron Wave","Cleave","Rupture"],"picked":"SKIP","floor":18},{"not_picked":["Shockwave+1","Twin Strike"],"picked":"Body Slam+1","floor":20}],"player_experience":4060020,"relics_obtained":[{"floor":7,"key":"Meat on the Bone"},{"floor":9,"key":"Old Coin"},{"floor":14,"key":"Mango"},{"floor":21,"key":"Nilry\u0027s Codex"}],"event_choices":[{"damage_healed":0,"gold_gain":0,"player_choice":"Leave","damage_taken":0,"max_hp_gain":0,"max_hp_loss":0,"event_name":"The Cleric","floor":2,"gold_loss":0},{"damage_healed":0,"gold_gain":0,"player_choice":"Entered Light","damage_taken":23,"max_hp_gain":0,"max_hp_loss":0,"event_name":"Shining Light","floor":13,"gold_loss":0,"cards_upgraded":["Headbutt","Strike_R"]},{"damage_healed":0,"gold_gain":0,"player_choice":"Ignored","damage_taken":0,"max_hp_gain":0,"max_hp_loss":0,"event_name":"The Mausoleum","floor":19,"gold_loss":0},{"damage_healed":0,"gold_gain":0,"player_choice":"Obtained Book","damage_taken":21,"max_hp_gain":0,"max_hp_loss":0,"event_name":"Cursed Tome","floor":21,"gold_loss":0},{"damage_healed":0,"gold_gain":0,"player_choice":"Became a vampire","damage_taken":0,"max_hp_gain":0,"max_hp_loss":28,"event_name":"Vampires","floor":22,"gold_loss":0,"cards_obtained":["Bite","Bite","Bite","Bite","Bite"]}],"is_beta":true,"boss_relics":[{"not_picked":["Mark of Pain","Calling Bell"],"picked":"Velvet Choker"}],"items_purged_floors":[],"is_endless":false,"potions_floor_spawned":[3,7,10,14],"killed_by":"Book of Stabbing","ascension_level":20}