{"gold_per_floor":[116,116,71,71,87,87,100,100,100,114,114,129,148,4,4,128,128,143,167,92,7,30,30,51,51,51,51,1,1,19,19,19,19],"floor_reached":33,"playtime":1176,"items_purged":["Strike_B","Pain"],"score":284,"play_id":"b185bccb-7f82-4dfd-adb9-15001f859022","local_time":"20181102002615","is_ascension_mode":true,"campfire_choices":[{"data":"Zap","floor":6,"key":"SMITH"},{"floor":15,"key":"REST"},{"data":"Stack","floor":23,"key":"SMITH"},{"floor":25,"key":"REST"},{"data":"Scrape","floor":29,"key":"SMITH"},{"floor":32,"key":"REST"}],"neow_cost":"NONE","seed_source_timestamp":1976222110096952,"circlet_count":0,"master_deck":["Strike_B+1","Strike_B","Defend_B","Defend_B","Defend_B","Defend_B","Zap+1","Dualcast+1","Gash","Ball Lightning","Stack+1","Multi-Cast","Stack","Go for the Eyes","Injury","Beam Cell","Beam Cell","Scrape+1","All For One","All For One","Gash+1","Turbo","Stack+1","White Noise","RitualDagger"],"relics":["Cracked Core","Golden Idol","Mercury Hourglass","Cursed Key","Darkstone Periapt","Smiling Mask"],"potions_floor_usage":[16,16],"damage_taken":[{"damage":7,"enemies":"Jaw Worm","floor":1,"turns":3},{"damage":9,"enemies":"2 Louse","floor":5,"turns":2},{"damage":0,"enemies":"Cultist","floor":7,"turns":2},{"damage":0,"enemies":"3 Louse","floor":10,"turns":2},{"damage":12,"enemies":"2 Fungi Beasts","floor":12,"turns":2},{"damage":1,"enemies":"Exordium Wildlife","floor":13,"turns":2},{"damage":51,"enemies":"The Guardian","floor":16,"turns":11},{"damage":12,"enemies":"Chosen","floor":18,"turns":4},{"damage":1,"enemies":"Spheric Guardian","floor":19,"turns":3},{"damage":22,"enemies":"Snecko","floor":22,"turns":4},{"damage":20,"enemies":"3 Cultists","floor":24,"turns":4},{"damage":23,"enemies":"Centurion and Healer","floor":30,"turns":3},{"damage":55,"enemies":"Champ","floor":33,"turns":6}],"seed_played":"6360109516911658962","potions_obtained":[{"floor":1,"key":"EssenceOfSteel"},{"floor":5,"key":"PowerPotion"},{"floor":24,"key":"SpeedPotion"},{"floor":30,"key":"SpeedPotion"}],"is_trial":false,"path_per_floor":["M","?","$","?","M","R","M","?","T","M","?","M","M","$","R","B",null,"M","M","$","?","M","R","M","R","T","?","$","R","M","?","R","B"],"character_chosen":"DEFECT","items_purchased":["Stack","All For One"],"campfire_rested":3,"item_purchase_floors":[3,14],"current_hp_per_floor":[68,53,53,53,44,44,44,44,44,44,49,37,36,36,60,9,80,68,67,67,67,45,45,25,49,55,55,55,55,32,26,51,0],"gold":19,"neow_bonus":"THREE_CARDS","is_prod":false,"is_daily":false,"chose_seed":false,"campfire_upgraded":3,"win_rate":0,"timestamp":1541132775,"path_taken":["M","?","$","?","?","R","M","?","T","M","?","M","M","?","R","BOSS","M","?","$","?","M","R","M","R","T","?","?","R","M","?","R","BOSS"],"build_version":"2018-11-01","purchased_purges":2,"victory":false,"max_hp_per_floor":[75,75,75,75,75,75,75,75,75,75,80,80,80,80,80,80,80,80,80,80,80,80,80,80,80,86,86,86,86,86,86,86,86],"card_choices":[{"not_picked":["Coolheaded","Darkness"],"picked":"Gash","floor":0},{"not_picked":["Lockon","Auto Shields"],"picked":"Ball Lightning","floor":1},{"not_picked":["Leap","Cold Snap"],"picked":"Stack","floor":5},{"not_picked":["Stack","Glacier"],"picked":"Go for the Eyes","floor":7},{"not_picked":["Hologram","Storm"],"picked":"Beam Cell","floor":10},{"not_picked":["Reinforced Body","Glacier"],"picked":"Beam Cell","floor":12},{"not_picked":["Redo","Chaos"],"picked":"Scrape","floor":13},{"not_picked":["Seek","Creative AI"],"picked":"All For One","floor":16},{"not_picked":["Turbo","Hologram"],"picked":"Gash+1","floor":18},{"not_picked":["Undo","Ball Lightning"],"picked":"Turbo","floor":19},{"not_picked":["Scrape","Biased Cognition"],"picked":"Stack+1","floor":22},{"not_picked":["Auto Shields","Turbo+1","Force Field"],"picked":"SKIP","floor":24},{"not_picked":["Aggregate","Conserve Battery"],"picked":"White Noise","floor":30}],"player_experience":722172,"relics_obtained":[{"floor":9,"key":"Mercury Hourglass"},{"floor":26,"key":"Smiling Mask"}],"event_choices":[{"damage_healed":0,"gold_gain":0,"player_choice":"Entered Light","damage_taken":15,"max_hp_gain":0,"max_hp_loss":0,"event_name":"Shining Light","floor":2,"gold_loss":0,"cards_upgraded":["Strike_B","Dualcast"]},{"damage_healed":0,"gold_gain":0,"cards_transformed":["Strike_B"],"player_choice":"Transformed","damage_taken":0,"max_hp_gain":0,"max_hp_loss":0,"event_name":"Transmorgrifier","floor":4,"gold_loss":0,"cards_obtained":["Multi-Cast"]},{"damage_healed":0,"gold_gain":0,"player_choice":"Take Wound","damage_taken":0,"relics_obtained":["Golden Idol"],"max_hp_gain":0,"max_hp_loss":0,"event_name":"Golden Idol","floor":8,"gold_loss":0,"cards_obtained":["Injury"]},{"damage_healed":0,"gold_gain":0,"player_choice":"Donut","damage_taken":0,"max_hp_gain":5,"max_hp_loss":0,"event_name":"Big Fish","floor":11,"gold_loss":0},{"damage_healed":0,"gold_gain":0,"player_choice":"Obtained Relic","damage_taken":0,"relics_obtained":["Darkstone Periapt"],"max_hp_gain":0,"max_hp_loss":0,"event_name":"Addict","floor":21,"gold_loss":85},{"damage_healed":0,"gold_gain":0,"player_choice":"Ignored","damage_taken":0,"max_hp_gain":0,"max_hp_loss":0,"event_name":"Vampires","floor":27,"gold_loss":0},{"damage_healed":0,"gold_gain":0,"player_choice":"Joined the Cult","damage_taken":6,"max_hp_gain":0,"max_hp_loss":0,"event_name":"Nest","floor":31,"gold_loss":0,"cards_obtained":["RitualDagger"]}],"is_beta":false,"boss_relics":[{"not_picked":["Runic Dome","Lizard Tail"],"picked":"Cursed Key"}],"items_purged_floors":[20,28],"is_endless":false,"potions_floor_spawned":[1,5,24,30],"killed_by":"Champ","ascension_level":4}