{"path_per_floor":["M","$","$","M","?","E","$","E","T","R","M","?","M","M","R","B",null,"M","?","M","?","?","E","?","R","T","$","M","M","M","M","R","B",null,"M","?","M","?","?","R","M","R","T","M","M","$","?","M","R","B"],"character_chosen":"IRONCLAD","items_purchased":["Metallicize","Whirlwind","Shrug It Off","Bag of Marbles","Fiend Fire"],"gold_per_floor":[213,174,23,38,3,30,30,65,65,65,79,79,89,107,107,204,204,220,220,233,158,158,191,191,191,215,38,53,71,91,105,105,204,234,252,252,264,264,318,318,337,337,337,349,369,118,118,131,131,131],"floor_reached":51,"campfire_rested":1,"playtime":2764,"current_hp_per_floor":[73,73,73,69,80,61,61,69,69,69,69,69,64,63,63,37,80,69,54,68,68,68,55,55,55,62,62,66,54,69,69,69,44,74,74,74,74,80,80,80,78,78,78,72,81,81,81,66,83,28],"items_purged":["Strike_R","Writhe"],"gold":131,"play_id":"f1832e23-2392-462f-a8ee-075621f61542","is_prod":false,"is_daily":false,"is_ascension_mode":true,"campfire_upgraded":2,"path_taken":["M","?","$","M","?","E","$","E","T","R","M","?","?","M","R","BOSS","M","?","?","?","?","E","?","R","T","$","?","M","M","M","R","BOSS","M","?","M","?","?","R","?","R","T","M","M","$","?","M","R","BOSS"],"build_version":"2018-01-25-PROD3","purchased_purges":2,"victory":true,"master_deck":["Defend_R+1","Defend_R+1","Defend_R+1","Defend_R+1","Bash","Metallicize","Whirlwind+1","Pommel Strike","Demon Form+1","Pummel","Iron Wave","True Grit","Limit Break","Infernal Blade+1","Heavy Blade+1","Bite_R","Bite_R","Bite_R","Bite_R","Shrug It Off","Flex+1","Offering","Dropkick","Evolve+1","Fiend Fire","Offering","Warcry+1"],"max_hp_per_floor":[80,80,80,80,80,80,80,80,80,80,80,80,80,80,80,80,80,80,85,85,85,85,85,59,59,66,66,66,66,69,69,69,69,74,74,74,74,80,80,80,80,80,80,83,83,83,83,83,83,83],"relics":["Burning Blood","Dodecahedron","Dream Catcher","Shovel","Gremlin Horn","Mercury Hourglass","Velvet Choker","Darkstone Periapt","Strawberry","Bag of Marbles","Tiny House","Calipers","Vajra","Toolbox","Omamori"],"card_choices":[{"not_picked":["Fire Breathing","Sword Boomerang"],"picked":"Pommel Strike"},{"not_picked":["Pommel Strike","Carnage"],"picked":"Demon Form"},{"not_picked":["Flex","Disarm"],"picked":"Pummel"},{"not_picked":["Armaments","Thunderclap"],"picked":"Iron Wave"},{"not_picked":["Warcry","Bloodletting"],"picked":"True Grit"},{"not_picked":["Impervious","Fiend Fire"],"picked":"Limit Break"},{"not_picked":["Inflame","Evolve"],"picked":"Infernal Blade"},{"not_picked":["Corruption","Rupture"],"picked":"Heavy Blade"},{"not_picked":["Whirlwind","Warcry"],"picked":"Flex"},{"not_picked":["Brutality","Barricade"],"picked":"Offering"},{"not_picked":["Power Through","Wild Strike"],"picked":"Dropkick"},{"not_picked":["Searing Blow","Clash"],"picked":"Evolve"},{"not_picked":["Pummel","Shrug It Off"],"picked":"Warcry"}],"player_experience":178720,"potions_floor_usage":[8,16,23,23,28,30,33,41,50],"damage_taken":[{"damage":13,"enemies":"Blue Slaver","floor":1,"turns":6},{"damage":10,"enemies":"Small Slimes","floor":4,"turns":2},{"damage":25,"enemies":"Gremlin Nob","floor":6,"turns":5},{"damage":10,"enemies":"Lagavulin","floor":8,"turns":7},{"damage":6,"enemies":"Jaw Worm","floor":11,"turns":3},{"damage":11,"enemies":"Exordium Thugs","floor":13,"turns":5},{"damage":7,"enemies":"3 Louse","floor":14,"turns":3},{"damage":32,"enemies":"Slime Boss","floor":16,"turns":7},{"damage":17,"enemies":"2 Thieves","floor":18,"turns":3},{"damage":0,"enemies":"3 Byrds","floor":20,"turns":3},{"damage":31,"enemies":"Slavers","floor":23,"turns":5},{"damage":10,"enemies":"Centurion and Healer","floor":28,"turns":5},{"damage":26,"enemies":"Snecko","floor":29,"turns":5},{"damage":0,"enemies":"3 Cultists","floor":30,"turns":3},{"damage":7,"enemies":"Snake Plant","floor":31,"turns":4},{"damage":35,"enemies":"Champ","floor":33,"turns":6},{"damage":0,"enemies":"3 Darklings","floor":35,"turns":1},{"damage":2,"enemies":"Orb Walker","floor":37,"turns":3},{"damage":0,"enemies":"Mysterious Sphere","floor":39,"turns":2},{"damage":10,"enemies":"Sphere and 2 Shapes","floor":41,"turns":1},{"damage":21,"enemies":"4 Shapes","floor":44,"turns":4},{"damage":9,"enemies":"Maw","floor":45,"turns":6},{"damage":25,"enemies":"Sphere and 2 Shapes","floor":48,"turns":4},{"damage":71,"enemies":"Donu and Deca","floor":50,"turns":7}],"event_choices":[{"event_name":"The Cleric","player_choice":"Healed","floor":5,"damage_taken":0},{"event_name":"Upgrade Shrine","player_choice":"Upgraded","floor":12,"damage_taken":0},{"event_name":"Forgotten Altar","player_choice":"Shed Blood","floor":19,"damage_taken":0},{"event_name":"Beggar","player_choice":"Gave Gold","floor":21,"damage_taken":0},{"event_name":"Back to Basics","player_choice":"Simplicity","floor":22,"damage_taken":0},{"event_name":"Vampires","player_choice":"Became a vampire","floor":24,"damage_taken":0},{"event_name":"Winding Halls","player_choice":"Writhe","floor":38,"damage_taken":0},{"event_name":"Mysterious Sphere","player_choice":"Fight","floor":39,"damage_taken":0},{"event_name":"Duplicator","player_choice":"One dupe","floor":47,"damage_taken":0}],"boss_relics":[{"not_picked":["Runic Pyramid","Orrery"],"picked":"Velvet Choker"},{"not_picked":["Runic Cube","Question Card"],"picked":"Tiny House"}],"potions_floor_spawned":[6,11,16,20,23,29,31,35],"seed_played":"3521465216042930426","ascension_level":1,"is_trial":false}