{"gold_per_floor":[216,216,391,404,424,424,424,468,468,243,243,243,257,40,40,170,170,185,205,205],"floor_reached":20,"playtime":1236,"items_purged":[],"score":276,"play_id":"848f49fd-12c5-4884-b5a2-625ab8b74321","local_time":"20190213201002","is_ascension_mode":true,"campfire_choices":[{"data":"Bash","floor":6,"key":"SMITH"},{"floor":11,"key":"REST"},{"floor":15,"key":"REST"}],"neow_cost":"NONE","seed_source_timestamp":1813076732719400,"circlet_count":0,"master_deck":["Strike_R","Strike_R","Strike_R","Strike_R","Strike_R","Defend_R","Defend_R","Defend_R","Defend_R","Bash+1","Iron Wave","Shockwave","Ghostly Armor","Offering","Demon Form","Perfected Strike","Limit Break","Offering","Dual Wield+1","Metallicize"],"relics":["Burning Blood","Golden Idol","Bottled Lightning","Centennial Puzzle","Strawberry","Pen Nib","Sozu"],"potions_floor_usage":[16,20],"damage_taken":[{"damage":1,"enemies":"Cultist","floor":1,"turns":4},{"damage":4,"enemies":"2 Louse","floor":4,"turns":3},{"damage":2,"enemies":"Small Slimes","floor":5,"turns":5},{"damage":54,"enemies":"Lagavulin","floor":8,"turns":8},{"damage":7,"enemies":"Exordium Wildlife","floor":13,"turns":4},{"damage":22,"enemies":"The Guardian","floor":16,"turns":6},{"damage":36,"enemies":"Shell Parasite","floor":18,"turns":5},{"damage":30,"enemies":"3 Byrds","floor":19,"turns":4},{"damage":38,"enemies":"3 Cultists","floor":20,"turns":5}],"seed_played":"3455855070053164123","potions_obtained":[{"floor":8,"key":"AttackPotion"},{"floor":16,"key":"SteroidPotion"}],"is_trial":false,"path_per_floor":["M","?","?","M","M","R","?","E","T","$","R","?","M","$","R","B",null,"M","M","M"],"character_chosen":"IRONCLAD","items_purchased":["Offering","Demon Form","Limit Break","Pen Nib"],"campfire_rested":2,"item_purchase_floors":[10,10,14,14],"current_hp_per_floor":[77,57,57,59,63,63,63,15,15,15,39,43,42,42,68,52,78,48,24,0],"gold":205,"neow_bonus":"HUNDRED_GOLD","is_prod":false,"is_daily":false,"chose_seed":false,"campfire_upgraded":1,"win_rate":0,"timestamp":1550106602,"path_taken":["M","?","?","M","M","R","?","E","T","$","R","?","?","?","R","BOSS","M","M","M"],"build_version":"2019-01-23","purchased_purges":0,"victory":false,"max_hp_per_floor":[80,80,80,80,80,80,80,80,80,80,80,87,87,87,87,87,87,87,87,87],"card_choices":[{"not_picked":["Wild Strike","Power Through"],"picked":"Iron Wave","floor":1},{"not_picked":["Clash","Anger","Warcry"],"picked":"SKIP","floor":4},{"not_picked":["Perfected Strike","Havoc"],"picked":"Shockwave","floor":5},{"not_picked":["Headbutt","Battle Trance"],"picked":"Ghostly Armor","floor":8},{"not_picked":["True Grit","Second Wind"],"picked":"Perfected Strike","floor":13},{"not_picked":["Brutality","Limit Break"],"picked":"Offering","floor":16},{"not_picked":["Intimidate","Body Slam"],"picked":"Dual Wield+1","floor":18},{"not_picked":["Warcry","Pommel Strike+1"],"picked":"Metallicize","floor":19}],"player_experience":487371,"relics_obtained":[{"floor":8,"key":"Bottled Lightning"},{"floor":9,"key":"Centennial Puzzle"}],"event_choices":[{"damage_healed":0,"gold_gain":0,"player_choice":"Take Damage","damage_taken":20,"relics_obtained":["Golden Idol"],"max_hp_gain":0,"max_hp_loss":0,"event_name":"Golden Idol","floor":2,"gold_loss":0},{"damage_healed":0,"gold_gain":175,"player_choice":"AGREE","damage_taken":0,"max_hp_gain":0,"max_hp_loss":0,"event_name":"Liars Game","floor":3,"gold_loss":0,"cards_obtained":["Doubt"]},{"cards_removed":["Doubt"],"damage_healed":0,"gold_gain":0,"player_choice":"Forget","damage_taken":0,"max_hp_gain":0,"max_hp_loss":0,"event_name":"Living Wall","floor":7,"gold_loss":0},{"damage_healed":0,"gold_gain":0,"player_choice":"Success","damage_taken":3,"relics_obtained":["Strawberry"],"max_hp_gain":0,"max_hp_loss":0,"event_name":"Scrap Ooze","floor":12,"gold_loss":0}],"is_beta":false,"boss_relics":[{"not_picked":["Ectoplasm","Empty Cage"],"picked":"Sozu"}],"items_purged_floors":[],"is_endless":false,"potions_floor_spawned":[8,16],"killed_by":"3 Cultists","ascension_level":8}