{"gold_per_floor":[109,21,39,39,39,39,39,49,49,66,66,80,98,98,98,217,217,238,23,23,23,47,47,60,60,84,84,102,34,34,52,52,52],"floor_reached":33,"playtime":1646,"items_purged":[],"score":237,"play_id":"706c5736-2c7a-49ff-ad42-7432c73b6b6a","local_time":"20181015144641","is_ascension_mode":false,"campfire_choices":[{"data":"Mind Blast","floor":6,"key":"SMITH"},{"data":"Gash","floor":11,"key":"SMITH"},{"floor":15,"key":"REST"},{"data":"Hello World","floor":23,"key":"SMITH"},{"floor":25,"key":"REST"},{"data":"Hello World","floor":27,"key":"SMITH"},{"floor":30,"key":"REST"},{"floor":32,"key":"REST"}],"neow_cost":"NONE","seed_source_timestamp":472180169934423,"circlet_count":0,"master_deck":["Strike_B","Strike_B","Strike_B","Defend_B","Defend_B","Defend_B","Zap+1","Dualcast","Steam","Mind Blast+1","Gash+1","Seek","White Noise","Aggregate","Injury","Creative AI","Aggregate","White Noise","Hello World+1","Sweeping Beam","Steam Power","Go for the Eyes","Hello World+1","Leap","RitualDagger","Double Energy","All For One","Steam","Self Repair","Skim"],"relics":["Cracked Core","Dodecahedron","Golden Idol","Orrery","Pen Nib","Happy Flower"],"potions_floor_usage":[16,16,33,33],"damage_taken":[{"damage":0,"enemies":"Small Slimes","floor":1,"turns":3},{"damage":9,"enemies":"2 Louse","floor":3,"turns":3},{"damage":0,"enemies":"Jaw Worm","floor":8,"turns":3},{"damage":13,"enemies":"Exordium Wildlife","floor":10,"turns":3},{"damage":8,"enemies":"Gremlin Gang","floor":12,"turns":5},{"damage":8,"enemies":"Blue Slaver","floor":13,"turns":3},{"damage":37,"enemies":"The Guardian","floor":16,"turns":11},{"damage":29,"enemies":"Shell Parasite","floor":18,"turns":5},{"damage":9,"enemies":"Chosen","floor":22,"turns":7},{"damage":6,"enemies":"Snecko","floor":24,"turns":3},{"damage":30,"enemies":"Shelled Parasite and Fungi","floor":28,"turns":6},{"damage":27,"enemies":"Snake Plant","floor":31,"turns":3},{"damage":36,"enemies":"Collector","floor":33,"turns":6}],"seed_played":"-8553157218388772247","potions_obtained":[{"floor":8,"key":"Strength Potion"},{"floor":10,"key":"PowerPotion"},{"floor":22,"key":"PowerPotion"},{"floor":31,"key":"LiquidBronze"}],"is_trial":false,"path_per_floor":["M","$","M","?","$","R","?","M","T","M","R","M","M","?","R","B",null,"M","$","?","?","M","R","M","R","T","R","M","$","R","M","R"],"character_chosen":"DEFECT","items_purchased":["Mind Blast","Hello World","Leap","Flash of Steel","Self Repair"],"campfire_rested":4,"item_purchase_floors":[2,19,19,19,29],"current_hp_per_floor":[75,75,66,59,59,59,59,59,59,46,46,38,30,30,52,15,75,46,46,46,40,31,31,25,47,47,47,17,17,39,12,34,0],"gold":52,"neow_bonus":"TRANSFORM_CARD","is_prod":false,"is_daily":false,"chose_seed":false,"campfire_upgraded":4,"win_rate":0,"timestamp":1539629201,"path_taken":["M","$","M","?","$","R","?","M","T","M","R","?","M","?","R","BOSS","M","$","?","?","?","R","M","R","T","R","M","$","R","M","R","BOSS"],"build_version":"2018-10-11","purchased_purges":0,"victory":false,"max_hp_per_floor":[75,75,75,75,75,75,75,75,75,75,75,75,75,75,75,75,75,75,75,75,75,75,75,75,75,75,75,75,75,75,75,75,75],"card_choices":[{"not_picked":["Turbo","Streamline","Hologram"],"picked":"SKIP","floor":1},{"not_picked":["Hologram","Rebound","Compile Driver"],"picked":"SKIP","floor":3},{"not_picked":["Sweeping Beam","Rebound"],"picked":"Gash","floor":8},{"not_picked":["Leap","Chaos"],"picked":"Seek","floor":10},{"not_picked":["Go for the Eyes","Beam Cell"],"picked":"White Noise","floor":12},{"not_picked":["Leap","Chill"],"picked":"Aggregate","floor":13},{"not_picked":["Rainbow","Biased Cognition"],"picked":"Creative AI","floor":16},{"not_picked":["Ball Lightning","Leap"],"picked":"Aggregate","floor":17},{"not_picked":["Redo","Genetic Algorithm"],"picked":"White Noise","floor":17},{"not_picked":["Sweeping Beam","Ball Lightning"],"picked":"Hello World","floor":17},{"not_picked":["Barrage","Conserve Battery"],"picked":"Sweeping Beam","floor":17},{"not_picked":["Redo","Thunder Strike"],"picked":"Steam Power","floor":17},{"not_picked":["Steam","Rip and Tear"],"picked":"Go for the Eyes","floor":18},{"not_picked":["Chaos","Steam"],"picked":"Double Energy","floor":22},{"not_picked":["Melter+1","Force Field"],"picked":"All For One","floor":24},{"not_picked":["Tempest","Reinforced Body"],"picked":"Steam","floor":28},{"not_picked":["Chill","Reprogram"],"picked":"Skim","floor":31}],"player_experience":611329,"relics_obtained":[{"floor":9,"key":"Dodecahedron"},{"floor":26,"key":"Happy Flower"}],"event_choices":[{"event_name":"Golden Wing","player_choice":"Card Removal","floor":4,"damage_taken":0},{"event_name":"Upgrade Shrine","player_choice":"Upgraded","floor":7,"damage_taken":0},{"event_name":"Golden Idol","player_choice":"Take Wound","floor":14,"damage_taken":0},{"event_name":"WeMeetAgain","player_choice":"Card","floor":20,"damage_taken":0},{"event_name":"Nest","player_choice":"Joined the Cult","floor":21,"damage_taken":0}],"is_beta":false,"boss_relics":[{"not_picked":["Nuclear Battery","Inserter"],"picked":"Orrery"}],"items_purged_floors":[],"is_endless":false,"potions_floor_spawned":[8,10,22,31],"killed_by":"Collector","ascension_level":0}