{"path_per_floor":["M","M","?","?","M","M","R","M","T","M","M","R","$","?","R","B",null,"M","?","M","?","M","R","M","?","T","?","R","$","?","M","R"],"character_chosen":"THE_SILENT","items_purchased":["Envenom","Molten Egg 2"],"gold_per_floor":[114,126,126,126,145,161,161,179,179,189,209,209,132,132,132,230,230,240,240,224,224,237,237,247,247,270,270,270,8,8,26,26],"floor_reached":33,"campfire_rested":2,"playtime":2308,"current_hp_per_floor":[61,61,47,47,47,34,55,51,51,51,51,51,51,51,51,49,70,66,66,59,59,55,55,48,48,48,48,48,48,39,30,52],"items_purged":[],"gold":26,"play_id":"8c10a9da-7339-4e5a-9ce1-8d597b8d8d7d","is_prod":false,"is_daily":false,"is_ascension_mode":false,"campfire_upgraded":4,"path_taken":["M","M","?","?","M","?","R","M","T","M","?","R","?","?","R","BOSS","M","?","M","?","M","R","M","?","T","?","R","?","?","M","R","BOSS"],"build_version":"2018-02-01-PROD3","purchased_purges":0,"victory":false,"master_deck":["Defend_G+1","Defend_G+1","Defend_G+1","Defend_G+1","Defend_G+1","Strike_G+1","Strike_G+1","Strike_G+1","Strike_G+1","Survivor","Neutralize","Unload","Footwork","Malaise","Poisoned Stab+1","Dodge and Roll+1","Envenom+1","Glass Knife","PiercingWail+1","Riddle With Holes+1","Dodge and Roll+1","Dagger Spray","Noxious Fumes+1","Deadly Poison","Footwork","Backflip+1"],"max_hp_per_floor":[70,70,70,70,70,70,70,70,70,70,70,70,70,70,70,70,70,70,70,70,70,70,70,70,70,70,70,70,70,75,75,75],"relics":["Ring of the Snake","Pen Nib","Gambling Chip","Mummified Hand","Astrolabe","Bag of Preparation","Juzu Bracelet","Molten Egg 2"],"card_choices":[{"not_picked":["Eviscerate","Skewer"],"picked":"Unload"},{"not_picked":["Outmaneuver","Sucker Punch"],"picked":"Footwork"},{"not_picked":["Bane","Skewer"],"picked":"Malaise"},{"not_picked":["Prepared","Bane"],"picked":"Poisoned Stab"},{"not_picked":["Endless Agony","Riddle With Holes"],"picked":"Dodge and Roll"},{"not_picked":["Dagger Spray","Escape Plan"],"picked":"Sucker Punch"},{"not_picked":["Escape Plan","Deflect"],"picked":"Backflip"},{"not_picked":["Wraith Form","Doppelganger"],"picked":"Glass Knife"},{"not_picked":["Quick Slash","Deadly Poison"],"picked":"Dagger Spray"},{"not_picked":["Predator","Blade Dance"],"picked":"Noxious Fumes"},{"not_picked":["Backflip","Terror"],"picked":"Deadly Poison"},{"not_picked":["Blade Dance","Backflip"],"picked":"Footwork"},{"not_picked":["Dagger Throw","Endless Agony"],"picked":"Backflip"}],"player_experience":32621,"potions_floor_usage":[6,33],"damage_taken":[{"damage":9.0,"enemies":"Cultist","floor":1.0,"turns":4.0},{"damage":0.0,"enemies":"2 Louse","floor":2.0,"turns":2.0},{"damage":0.0,"enemies":"Blue Slaver","floor":5.0,"turns":4.0},{"damage":13,"enemies":"Gremlin Gang","floor":6,"turns":5},{"damage":4,"enemies":"Exordium Thugs","floor":8,"turns":5},{"damage":0,"enemies":"3 Louse","floor":10,"turns":5},{"damage":0,"enemies":"2 Fungi Beasts","floor":11,"turns":5},{"damage":2,"enemies":"Hexaghost","floor":16,"turns":11},{"damage":4,"enemies":"3 Byrds","floor":18,"turns":7},{"damage":7,"enemies":"2 Thieves","floor":20,"turns":4},{"damage":4,"enemies":"Centurion and Healer","floor":22,"turns":5},{"damage":7,"enemies":"Sentry and Sphere","floor":24,"turns":6},{"damage":9,"enemies":"Snecko","floor":31,"turns":5},{"damage":61,"enemies":"Automaton","floor":33,"turns":6}],"event_choices":[{"event_name":"Shining Light","player_choice":"Entered Light","floor":3.0,"damage_taken":0.0},{"event_name":"Living Wall","player_choice":"Change","floor":4.0,"damage_taken":0.0},{"event_name":"Big Fish","player_choice":"Box","floor":14,"damage_taken":0},{"event_name":"Back to Basics","player_choice":"Simplicity","floor":19,"damage_taken":0},{"event_name":"The Mausoleum","player_choice":"Yes","floor":21,"damage_taken":0},{"event_name":"Drug Dealer","player_choice":"Ignored","floor":25,"damage_taken":0},{"event_name":"Fountain of Cleansing","player_choice":"Removed Curse","floor":27,"damage_taken":0},{"event_name":"Forgotten Altar","player_choice":"Shed Blood","floor":30,"damage_taken":0}],"boss_relics":[{"not_picked":["Velvet Choker","Lizard Tail"],"picked":"Astrolabe"}],"potions_floor_spawned":[1,5,6,10,16,18,22,31],"seed_played":"8241594388880238603","killed_by":"Automaton","ascension_level":0,"is_trial":false}