{"gold_per_floor":[119,137,137,137,161,204,204,242,242,242,258,258,18,42,42,140,140,153,35,53,53,53,87,87,112,412,447,183,207,207,247,247,340,340,364,364,377,163,163,203,241,284,333,333,333,333,34,367,367,367,367,367,367,25,59,59],"floor_reached":56,"playtime":3666,"items_purged":["Dualcast","Ball Lightning"],"score":2550,"play_id":"ef4a7114-b98b-48c5-a3d4-f309e261e839","local_time":"20181225185556","is_ascension_mode":true,"campfire_choices":[{"data":"Zap","floor":7,"key":"SMITH"},{"floor":10,"key":"REST"},{"data":"1","floor":12,"key":"LIFT"},{"floor":15,"key":"REST"},{"floor":24,"key":"DIG"},{"floor":30,"key":"DIG"},{"floor":32,"key":"DIG"},{"floor":44,"key":"DIG"},{"floor":46,"key":"DIG"},{"floor":49,"key":"RECALL"},{"floor":53,"key":"DIG"}],"neow_cost":"NONE","seed_source_timestamp":342219828052557,"circlet_count":0,"master_deck":["AscendersBane","Zap+1","Ball Lightning","Chill","Sweeping Beam","Seek+1","Amplify","Coolheaded","FTL","Force Field","Compile Driver","Go for the Eyes","Electrodynamics","Loop","Turbo+1","Conserve Battery","Master of Strategy","Defragment+1","Leap+1","Seek","Conserve Battery","Heatsinks","Self Repair+1","Capacitor","Storm","Finesse","Blind","Storm","Defragment","Seek+1","Storm","Heatsinks","Static Discharge","Defragment","Defragment","Storm"],"relics":["Cracked Core","Pen Nib","Mercury Hourglass","Girya","Shovel","OrangePellets","Bag of Preparation","Pandora\u0027s Box","Ancient Tea Set","War Paint","Bronze Scales","Old Coin","Smiling Mask","Thread and Needle","Calipers","PreservedInsect","Black Star","Art of War","WingedGreaves","DataDisk","The Courier","FossilizedHelix","Incense Burner","Pantograph","Mango","Gambling Chip","Toxic Egg 2","DollysMirror","Ornamental Fan","Blood Vial","Vajra"],"potions_floor_usage":[6,33,33,50,50,55],"damage_taken":[{"damage":0,"enemies":"Cultist","floor":1,"turns":3},{"damage":2,"enemies":"Jaw Worm","floor":2,"turns":3},{"damage":0,"enemies":"2 Louse","floor":5,"turns":1},{"damage":13,"enemies":"3 Sentries","floor":6,"turns":7},{"damage":33,"enemies":"Gremlin Nob","floor":8,"turns":4},{"damage":12,"enemies":"Exordium Wildlife","floor":11,"turns":2},{"damage":0,"enemies":"Slime Boss","floor":16,"turns":5},{"damage":3,"enemies":"Shell Parasite","floor":18,"turns":3},{"damage":0,"enemies":"3 Byrds","floor":20,"turns":1},{"damage":0,"enemies":"Gremlin Leader","floor":23,"turns":4},{"damage":0,"enemies":"Cultist and Chosen","floor":25,"turns":3},{"damage":10,"enemies":"Slavers","floor":27,"turns":2},{"damage":0,"enemies":"Sentry and Sphere","floor":29,"turns":3},{"damage":0,"enemies":"Gremlin Leader","floor":31,"turns":3},{"damage":0,"enemies":"Collector","floor":33,"turns":6},{"damage":0,"enemies":"Orb Walker","floor":35,"turns":2},{"damage":0,"enemies":"3 Shapes","floor":37,"turns":2},{"damage":26,"enemies":"Nemesis","floor":40,"turns":5},{"damage":30,"enemies":"Giant Head","floor":41,"turns":9},{"damage":0,"enemies":"Nemesis","floor":42,"turns":5},{"damage":22,"enemies":"Awakened One","floor":50,"turns":6},{"damage":7,"enemies":"Time Eater","floor":51,"turns":8},{"damage":0,"enemies":"Shield and Spear","floor":55,"turns":1},{"damage":81,"enemies":"The Heart","floor":56,"turns":5}],"seed_played":"7892944150462498929","potions_obtained":[{"floor":2,"key":"Regen Potion"},{"floor":16,"key":"Regen Potion"},{"floor":18,"key":"EssenceOfSteel"},{"floor":23,"key":"FocusPotion"},{"floor":33,"key":"FocusPotion"},{"floor":35,"key":"SpeedPotion"}],"is_trial":false,"path_per_floor":["M","M","?","?","M","E","R","E","T","R","M","R","$","T","R","B",null,"M","$","M","?","T","E","R","M","T","E","$","M","R","E","R","B",null,"M","?","M","$","T","E","E","E","T","R","?","R","$","?","R","B","B",null,"R","$","E","B"],"character_chosen":"DEFECT","items_purchased":["OrangePellets","Ball Lightning","Loop","Master of Strategy","Defragment","Art of War","Storm","Defragment","DollysMirror","Energy Potion","Storm","Heatsinks","Static Discharge","Defragment","Defragment"],"campfire_rested":2,"item_purchase_floors":[13,13,19,28,28,38,47,47,47,54,54,54,54,54,54],"current_hp_per_floor":[64,62,62,43,43,45,45,12,12,31,19,19,19,19,38,38,58,55,55,55,55,55,55,55,55,55,45,45,45,45,45,45,60,63,63,63,63,63,63,37,17,41,41,41,31,31,31,31,31,44,72,77,77,77,77,0],"gold":59,"neow_bonus":"RANDOM_COMMON_RELIC","is_prod":false,"is_daily":false,"chose_seed":false,"campfire_upgraded":1,"win_rate":0,"timestamp":1545792956,"path_taken":["M","?","?","?","M","E","R","E","T","R","M","R","$","?","R","BOSS","M","?","M","?","?","E","R","M","T","E","$","M","R","E","R","BOSS","M","?","?","?","?","E","E","E","T","R","?","R","$","?","R","BOSS","BOSS","R","$","E","BOSS"],"build_version":"2018-12-20","purchased_purges":2,"victory":false,"max_hp_per_floor":[71,71,64,64,64,64,64,64,64,64,64,64,64,64,64,64,64,64,64,64,64,64,64,64,64,64,64,64,64,64,64,64,64,64,64,64,64,64,64,64,64,78,78,78,78,78,78,78,78,78,78,78,78,78,78,78],"card_choices":[{"not_picked":["Sweeping Beam","White Noise"],"picked":"Ball Lightning","floor":1},{"not_picked":["Reinforced Body","Cold Snap"],"picked":"Chill","floor":2},{"not_picked":["Leap","Turbo","Beam Cell"],"picked":"SKIP","floor":5},{"not_picked":["Barrage","Redo","Leap"],"picked":"SKIP","floor":6},{"not_picked":["Sunder","Heatsinks","Reprogram"],"picked":"SKIP","floor":8},{"not_picked":["Streamline","Leap"],"picked":"Sweeping Beam","floor":11},{"not_picked":["Reboot","Amplify"],"picked":"Seek","floor":16},{"not_picked":["Stack","Beam Cell","Sweeping Beam"],"picked":"SKIP","floor":18},{"not_picked":["Aggregate","Sweeping Beam"],"picked":"Turbo","floor":20},{"not_picked":["Darkness","Cold Snap","Go for the Eyes"],"picked":"SKIP","floor":23},{"not_picked":["Reinforced Body","Redo"],"picked":"Conserve Battery","floor":25},{"not_picked":["Chaos","Steam Power","Hologram"],"picked":"SKIP","floor":27},{"not_picked":["Go for the Eyes","Conserve Battery"],"picked":"Leap+1","floor":29},{"not_picked":["Streamline","Gash","Turbo+1"],"picked":"SKIP","floor":31},{"not_picked":["Hyperbeam","Core Surge"],"picked":"Seek","floor":33},{"not_picked":["Gash","Sweeping Beam+1"],"picked":"Conserve Battery","floor":35},{"not_picked":["Go for the Eyes+1","Loop"],"picked":"Heatsinks","floor":37},{"not_picked":["Lockon","Go for the Eyes"],"picked":"Self Repair+1","floor":40},{"not_picked":["Blizzard+1","Go for the Eyes+1"],"picked":"Capacitor","floor":41},{"not_picked":["Coolheaded","Blizzard"],"picked":"Storm","floor":42},{"not_picked":["Trip","PanicButton"],"picked":"Finesse","floor":45},{"not_picked":["Dramatic Entrance","Jack Of All Trades"],"picked":"Blind","floor":45},{"not_picked":["Leap+1","Steam+1"],"picked":"Storm","floor":55}],"player_experience":4056354,"relics_obtained":[{"floor":6,"key":"Mercury Hourglass"},{"floor":8,"key":"Girya"},{"floor":9,"key":"Shovel"},{"floor":14,"key":"Bag of Preparation"},{"floor":22,"key":"Ancient Tea Set"},{"floor":23,"key":"War Paint"},{"floor":24,"key":"Bronze Scales"},{"floor":26,"key":"Old Coin"},{"floor":27,"key":"Smiling Mask"},{"floor":30,"key":"Thread and Needle"},{"floor":31,"key":"Calipers"},{"floor":32,"key":"PreservedInsect"},{"floor":39,"key":"WingedGreaves"},{"floor":40,"key":"DataDisk"},{"floor":40,"key":"The Courier"},{"floor":41,"key":"FossilizedHelix"},{"floor":41,"key":"Incense Burner"},{"floor":42,"key":"Pantograph"},{"floor":42,"key":"Mango"},{"floor":44,"key":"Gambling Chip"},{"floor":46,"key":"Toxic Egg 2"},{"floor":53,"key":"Ornamental Fan"},{"floor":55,"key":"Blood Vial"},{"floor":55,"key":"Vajra"}],"event_choices":[{"damage_healed":0,"gold_gain":0,"player_choice":"Lose Max HP","damage_taken":0,"relics_obtained":["Golden Idol"],"max_hp_gain":0,"max_hp_loss":7,"event_name":"Golden Idol","floor":3,"gold_loss":0},{"damage_healed":0,"gold_gain":0,"player_choice":"Entered Light","damage_taken":19,"max_hp_gain":0,"max_hp_loss":0,"event_name":"Shining Light","floor":4,"gold_loss":0,"cards_upgraded":["Strike_B","Defend_B"]},{"cards_removed":["Steam Power"],"damage_healed":0,"gold_gain":0,"player_choice":"Elegance","damage_taken":0,"max_hp_gain":0,"max_hp_loss":0,"event_name":"Back to Basics","floor":21,"gold_loss":0},{"damage_healed":0,"gold_gain":0,"player_choice":"Forge","damage_taken":0,"max_hp_gain":0,"max_hp_loss":0,"event_name":"Accursed Blacksmith","floor":36,"gold_loss":0,"cards_upgraded":["Defragment"]},{"damage_healed":0,"gold_gain":0,"player_choice":"Memory 3","damage_taken":10,"max_hp_gain":0,"max_hp_loss":0,"event_name":"SensoryStone","floor":45,"gold_loss":0},{"damage_healed":0,"gold_gain":333,"player_choice":"Gave Idol","damage_taken":0,"max_hp_gain":0,"max_hp_loss":0,"event_name":"The Moai Head","floor":48,"relics_lost":["Golden Idol"],"gold_loss":0}],"is_beta":true,"boss_relics":[{"not_picked":["Coffee Dripper","Orrery"],"picked":"Pandora\u0027s Box"},{"not_picked":["Philosopher\u0027s Stone","Empty Cage"],"picked":"Black Star"}],"items_purged_floors":[19,38],"is_endless":false,"potions_floor_spawned":[2,16,18,23,33,35,41],"killed_by":"The Heart","ascension_level":20}