{"gold_per_floor":[114,114,39,114,114,114,147,147,226,259,280,180,201,214,214,305,305,324,96,115,30,55,55,79,79,105,230,230],"floor_reached":28,"playtime":850,"items_purged":["Defend_R","Strike_R"],"score":538,"play_id":"80adcefa-9124-4962-998d-9c8fd954502e","local_time":"20190303014846","is_ascension_mode":true,"campfire_choices":[{"data":"Flex","floor":6.0,"key":"SMITH"},{"data":"Bash","floor":8.0,"key":"SMITH"},{"data":"Cleave","floor":15.0,"key":"SMITH"},{"data":"Limit Break","floor":23.0,"key":"SMITH"},{"data":"Whirlwind","floor":25.0,"key":"SMITH"}],"neow_cost":"NONE","seed_source_timestamp":0,"circlet_count":0,"master_deck":["AscendersBane","Strike_R","Strike_R","Strike_R","Strike_R","Defend_R","Defend_R","Defend_R","Bash+1","Flex+1","Cleave+1","Headbutt","Whirlwind+1","Limit Break+1","Shrug It Off"],"special_seed":0,"relics":["Burning Blood","NeowsBlessing","Golden Idol","Dream Catcher","Blue Candle","Ancient Tea Set","Velvet Choker","ClockworkSouvenir","Anchor","Art of War","Ice Cream","Kunai"],"potions_floor_usage":[],"damage_taken":[{"damage":0.0,"enemies":"Jaw Worm","floor":1.0,"turns":1.0},{"damage":0.0,"enemies":"Lagavulin","floor":7.0,"turns":1.0},{"damage":0.0,"enemies":"3 Sentries","floor":10.0,"turns":1.0},{"damage":0.0,"enemies":"2 Louse","floor":11.0,"turns":2.0},{"damage":0.0,"enemies":"Cultist","floor":13.0,"turns":2.0},{"damage":9.0,"enemies":"3 Louse","floor":14.0,"turns":3.0},{"damage":40.0,"enemies":"Slime Boss","floor":16.0,"turns":9.0},{"damage":29.0,"enemies":"2 Thieves","floor":18.0,"turns":4.0},{"damage":28.0,"enemies":"Spheric Guardian","floor":20.0,"turns":4.0},{"damage":8.0,"enemies":"Centurion and Healer","floor":22.0,"turns":5.0},{"damage":0.0,"enemies":"3 Cultists","floor":24.0,"turns":2.0},{"damage":19,"enemies":"Colosseum Slavers","floor":27,"turns":3},{"damage":11,"enemies":"Colosseum Nobs","floor":27,"turns":3},{"damage":9,"enemies":"Snake Plant","floor":28,"turns":1}],"seed_played":"-6232169764281382999","potions_obtained":[{"floor":5.0,"key":"Block Potion"},{"floor":5.0,"key":"EssenceOfSteel"},{"floor":18.0,"key":"AttackPotion"},{"floor":20.0,"key":"Energy Potion"},{"floor":22.0,"key":"Fruit Juice"}],"is_trial":false,"path_per_floor":["M","?","$","?","?","R","E","R","T","E","M","$","M","M","R","B",null,"M","$","M","?","M","R","M","R","T","?","M"],"character_chosen":"IRONCLAD","items_purchased":["ClockworkSouvenir"],"campfire_rested":0,"item_purchase_floors":[19],"current_hp_per_floor":[74,48,48,37,37,37,43,43,43,49,55,55,61,58,58,24,62,39,39,17,17,15,15,26,26,26,8,0],"gold":230,"neow_bonus":"THREE_ENEMY_KILL","is_prod":false,"is_daily":false,"chose_seed":false,"campfire_upgraded":5,"win_rate":0,"timestamp":1551545326,"path_taken":["M","?","$","?","?","R","E","R","T","E","?","$","M","M","R","BOSS","M","$","M","?","M","R","M","R","T","?","M"],"build_version":"2019-01-23","purchased_purges":2,"victory":false,"max_hp_per_floor":[75,75,75,75,75,75,75,75,75,75,75,75,75,75,75,75,75,75,75,75,75,75,75,80,80,80,80,80],"card_choices":[{"not_picked":["Heavy Blade","Body Slam"],"picked":"Flex","floor":1.0},{"not_picked":["Blood for Blood","Impervious"],"picked":"Cleave","floor":7.0},{"not_picked":["True Grit","Armaments"],"picked":"Headbutt","floor":10.0},{"not_picked":["Iron Wave","Pommel Strike","Carnage"],"picked":"SKIP","floor":11.0},{"not_picked":["Sword Boomerang","Armaments"],"picked":"Whirlwind","floor":13.0},{"not_picked":["Wild Strike","Havoc","Second Wind"],"picked":"SKIP","floor":14.0},{"not_picked":["Impervious","Double Tap"],"picked":"Limit Break","floor":16.0},{"not_picked":["Heavy Blade","Bloodletting","Seeing Red"],"picked":"SKIP","floor":18.0},{"not_picked":["Feel No Pain","True Grit"],"picked":"Shrug It Off","floor":20.0},{"not_picked":["Shockwave","Armaments","Cleave"],"picked":"SKIP","floor":22.0},{"not_picked":["Searing Blow","Flex","Heavy Blade"],"picked":"SKIP","floor":24.0}],"player_experience":1019862,"relics_obtained":[{"floor":7.0,"key":"Dream Catcher"},{"floor":9.0,"key":"Blue Candle"},{"floor":10.0,"key":"Ancient Tea Set"},{"floor":26.0,"key":"Art of War"},{"floor":27,"key":"Ice Cream"},{"floor":27,"key":"Kunai"}],"event_choices":[{"damage_healed":0.0,"max_hp_gain":0.0,"max_hp_loss":0.0,"gold_gain":0.0,"event_name":"Golden Idol","player_choice":"Take Damage","floor":2.0,"gold_loss":0.0,"damage_taken":26.0,"relics_obtained":["Golden Idol"]},{"damage_healed":0.0,"max_hp_gain":0.0,"max_hp_loss":0.0,"gold_gain":75.0,"event_name":"World of Goop","player_choice":"Gather Gold","floor":4.0,"gold_loss":0.0,"damage_taken":11.0},{"damage_healed":0.0,"max_hp_gain":0.0,"max_hp_loss":0.0,"gold_gain":0.0,"event_name":"Lab","player_choice":"Got Potions","floor":5.0,"gold_loss":0.0,"damage_taken":0.0},{"damage_healed":0.0,"max_hp_gain":0.0,"max_hp_loss":0.0,"gold_gain":0.0,"event_name":"Addict","player_choice":"Obtained Relic","floor":21.0,"gold_loss":85.0,"damage_taken":0.0,"relics_obtained":["Anchor"]},{"damage_healed":0,"gold_gain":0,"player_choice":"Fight","damage_taken":0,"max_hp_gain":0,"max_hp_loss":0,"event_name":"Colosseum","floor":27,"gold_loss":0},{"damage_healed":0,"gold_gain":0,"player_choice":"Fought Nobs","damage_taken":0,"max_hp_gain":0,"max_hp_loss":0,"event_name":"Colosseum","floor":27,"gold_loss":0}],"is_beta":false,"boss_relics":[{"not_picked":["Orrery","Eternal Feather"],"picked":"Velvet Choker"}],"items_purged_floors":[3,12],"is_endless":false,"potions_floor_spawned":[7,10,18,20,22,27],"killed_by":"Snake Plant","ascension_level":19}