{"gold_per_floor":[111,111,123,53,53,88,88,106,106,106,136,136,86,106,106,203,203,213,232,91,102,118,118,118,64,64,64,74,74,85,117,117,117],"floor_reached":33,"playtime":1311,"items_purged":[],"score":245,"play_id":"7e9e6dfb-0759-4758-96f6-1cf9283f9070","local_time":"20181023220939","is_ascension_mode":false,"campfire_choices":[{"data":"True Grit","floor":7,"key":"SMITH"},{"data":"Bash","floor":12,"key":"SMITH"},{"data":"Pommel Strike","floor":15,"key":"SMITH"},{"floor":24,"key":"REST"},{"data":"Perfected Strike","floor":27,"key":"SMITH"},{"data":"Perfected Strike","floor":29,"key":"SMITH"},{"floor":32,"key":"REST"}],"neow_cost":"NONE","seed_source_timestamp":1190288492801020,"circlet_count":0,"master_deck":["Strike_R","Strike_R","Strike_R","Strike_R","Strike_R","Defend_R","Defend_R","Bash+1","True Grit+1","Perfected Strike+1","Metallicize","Wild Strike","Pommel Strike+1","Pommel Strike","Wild Strike","Swift Strike","Perfected Strike+1","Perfected Strike+1","Shrug It Off+1","Immolate","Twin Strike"],"relics":["Black Blood","Blood Vial","Letter Opener","Mercury Hourglass","Tiny Chest","WingedGreaves","Red Mask"],"potions_floor_usage":[19,33,33],"damage_taken":[{"damage":8,"enemies":"2 Louse","floor":1,"turns":4},{"damage":0,"enemies":"Cultist","floor":3,"turns":4},{"damage":23,"enemies":"Lagavulin","floor":6,"turns":6},{"damage":1,"enemies":"Jaw Worm","floor":8,"turns":4},{"damage":4,"enemies":"Blue Slaver","floor":14,"turns":3},{"damage":16,"enemies":"Slime Boss","floor":16,"turns":9},{"damage":10,"enemies":"Chosen","floor":18,"turns":4},{"damage":24,"enemies":"3 Byrds","floor":19,"turns":4},{"damage":31,"enemies":"Centurion and Healer","floor":21,"turns":5},{"damage":33,"enemies":"Cultist and Chosen","floor":22,"turns":5},{"damage":21,"enemies":"Snake Plant","floor":28,"turns":2},{"damage":17,"enemies":"Sentry and Sphere","floor":30,"turns":4},{"damage":10,"enemies":"Masked Bandits","floor":31,"turns":2},{"damage":71,"enemies":"Automaton","floor":33,"turns":8}],"seed_played":"4640565529537549878","potions_obtained":[{"floor":6,"key":"GamblersBrew"},{"floor":14,"key":"FearPotion"},{"floor":18,"key":"Fruit Juice"},{"floor":19,"key":"Explosive Potion"}],"is_trial":false,"path_per_floor":["M","$","M","$","?","E","R","M","T","?","?","R","?","M","R","B",null,"M","M","$","M","M","$","R","$","T","R","M","R","M","?","R"],"character_chosen":"IRONCLAD","items_purchased":["Metallicize","Wild Strike","Swift Strike","Perfected Strike"],"campfire_rested":2,"item_purchase_floors":[4,20,20,25],"current_hp_per_floor":[78,78,80,80,80,63,63,70,70,70,63,63,63,67,67,59,80,80,71,71,52,31,31,56,56,56,56,47,47,42,44,69,0],"gold":117,"neow_bonus":"RANDOM_COMMON_RELIC","is_prod":false,"is_daily":false,"chose_seed":false,"campfire_upgraded":5,"win_rate":0,"timestamp":1540346979,"path_taken":["M","$","M","$","?","E","R","M","T","?","?","R","?","M","R","BOSS","M","?","?","M","M","$","R","$","T","R","M","R","M","?","R","BOSS"],"build_version":"2018-10-18","purchased_purges":0,"victory":false,"max_hp_per_floor":[80,80,80,80,80,80,80,80,80,80,80,80,80,80,80,80,80,80,85,85,85,85,85,85,85,85,85,85,85,85,85,85,85],"card_choices":[{"not_picked":["Rage","Clothesline"],"picked":"True Grit","floor":1},{"not_picked":["Feel No Pain","Havoc"],"picked":"Perfected Strike","floor":3},{"not_picked":["Bloodletting","Clash","Anger"],"picked":"SKIP","floor":6},{"not_picked":["Disarm","Metallicize"],"picked":"Wild Strike","floor":8},{"not_picked":["Cleave","Wild Strike"],"picked":"Pommel Strike","floor":14},{"not_picked":["Sword Boomerang","True Grit+1"],"picked":"Pommel Strike","floor":18},{"not_picked":["True Grit+1","Clash","Corruption"],"picked":"SKIP","floor":19},{"not_picked":["Sever Soul","Headbutt"],"picked":"Perfected Strike","floor":21},{"not_picked":["Corruption","Havoc+1","Searing Blow"],"picked":"SKIP","floor":22},{"not_picked":["True Grit+1","Cleave"],"picked":"Shrug It Off+1","floor":28},{"not_picked":["True Grit","Carnage+1"],"picked":"Immolate","floor":30},{"not_picked":["Armaments","Cleave"],"picked":"Twin Strike","floor":31}],"player_experience":674282,"relics_obtained":[{"floor":6,"key":"Letter Opener"},{"floor":9,"key":"Mercury Hourglass"},{"floor":26,"key":"WingedGreaves"},{"floor":31,"key":"Red Mask"}],"event_choices":[{"damage_healed":0,"gold_gain":0,"player_choice":"Upgraded","damage_taken":0,"max_hp_gain":0,"max_hp_loss":0,"event_name":"Upgrade Shrine","floor":5,"gold_loss":0,"cards_upgraded":["Perfected Strike"]},{"cards_removed":["Defend_R"],"damage_healed":0,"gold_gain":0,"player_choice":"Offered Basic","damage_taken":0,"max_hp_gain":0,"max_hp_loss":0,"event_name":"Bonfire Elementals","floor":10,"gold_loss":0},{"damage_healed":0,"gold_gain":0,"player_choice":"Success","damage_taken":7,"relics_obtained":["Tiny Chest"],"max_hp_gain":0,"max_hp_loss":0,"event_name":"Scrap Ooze","floor":11,"gold_loss":0},{"cards_removed":["Defend_R"],"damage_healed":0,"gold_gain":0,"player_choice":"Card Removal","damage_taken":0,"max_hp_gain":0,"max_hp_loss":0,"event_name":"The Cleric","floor":13,"gold_loss":50},{"damage_healed":0,"gold_gain":0,"player_choice":"Fought Bandits","damage_taken":0,"max_hp_gain":0,"max_hp_loss":0,"event_name":"Masked Bandits","floor":31,"gold_loss":0}],"is_beta":false,"boss_relics":[{"not_picked":["Ectoplasm","Runic Dome"],"picked":"Black Blood"}],"items_purged_floors":[],"is_endless":false,"potions_floor_spawned":[6,14,18,19,30],"killed_by":"Automaton","ascension_level":0}