{"gold_per_floor":[116,136,156,156,156,184,184,109,163,163,263,277,277,293,293,398,398,415,315,330,348,368,368,293,293,350,361,393,411,207,207,207,207],"floor_reached":33,"playtime":1296,"items_purged":["Strike_R","Strike_R","Strike_R+1"],"score":247,"play_id":"fb2d96ff-fe1e-4259-a4bf-bb60b9df53f9","local_time":"20190224130312","is_ascension_mode":false,"campfire_choices":[{"data":"Bash","floor":7,"key":"SMITH"},{"data":"Anger","floor":10,"key":"SMITH"},{"data":"Defend_R","floor":15,"key":"SMITH"},{"data":"Strike_R","floor":23,"key":"SMITH"},{"data":"Strike_R","floor":25,"key":"SMITH"},{"floor":32,"key":"REST"}],"neow_cost":"NONE","seed_source_timestamp":755033687632291,"circlet_count":0,"master_deck":["Strike_R+1","Defend_R+1","Defend_R+1","Defend_R+1","Bash+1","Anger+1","Dropkick+1","Dropkick"],"relics":["Burning Blood","NeowsBlessing","Bronze Scales","Ancient Tea Set","Sozu","Tiny Chest","Red Mask"],"potions_floor_usage":[16,33],"damage_taken":[{"damage":0,"enemies":"Cultist","floor":1,"turns":1},{"damage":0,"enemies":"Jaw Worm","floor":2,"turns":1},{"damage":0,"enemies":"2 Louse","floor":3,"turns":1},{"damage":31,"enemies":"Gremlin Nob","floor":6,"turns":5},{"damage":1,"enemies":"Large Slime","floor":12,"turns":4},{"damage":3,"enemies":"Red Slaver","floor":14,"turns":3},{"damage":39,"enemies":"The Guardian","floor":16,"turns":8},{"damage":10,"enemies":"3 Byrds","floor":18,"turns":2},{"damage":20,"enemies":"Spheric Guardian","floor":20,"turns":4},{"damage":4,"enemies":"Centurion and Healer","floor":21,"turns":5},{"damage":21,"enemies":"Snake Plant","floor":22,"turns":5},{"damage":15,"enemies":"Snecko","floor":27,"turns":5},{"damage":9,"enemies":"Masked Bandits","floor":28,"turns":3},{"damage":24,"enemies":"Shelled Parasite and Fungi","floor":29,"turns":4},{"damage":71,"enemies":"Automaton","floor":33,"turns":6}],"seed_played":"-7141706960606892742","potions_obtained":[{"floor":2,"key":"LiquidBronze"},{"floor":14,"key":"SkillPotion"}],"is_trial":false,"path_per_floor":["M","M","M","?","?","E","R","$","T","R","?","M","?","M","R","B",null,"M","$","M","M","M","R","?","R","T","M","?","M","$","?","R","B"],"character_chosen":"IRONCLAD","items_purchased":["Dropkick"],"campfire_rested":1,"item_purchase_floors":[30],"current_hp_per_floor":[80,80,80,73,73,48,48,48,48,48,48,53,37,40,40,7,80,76,76,62,64,49,49,49,49,49,40,37,19,19,4,29,0],"gold":207,"neow_bonus":"THREE_ENEMY_KILL","is_prod":false,"is_daily":false,"chose_seed":false,"campfire_upgraded":5,"win_rate":0,"timestamp":1550980992,"path_taken":["M","?","M","?","?","E","R","$","T","R","?","?","?","M","R","BOSS","M","$","M","M","M","R","?","R","T","M","?","M","$","?","R","BOSS"],"build_version":"2019-01-23","purchased_purges":3,"victory":false,"max_hp_per_floor":[80,80,80,80,80,80,80,80,80,80,80,80,80,80,80,80,80,80,80,80,80,80,80,80,80,80,80,80,80,80,85,85,85],"card_choices":[{"not_picked":["Heavy Blade","Pommel Strike"],"picked":"Anger","floor":1},{"not_picked":["Headbutt","Wild Strike","Spot Weakness"],"picked":"SKIP","floor":2},{"not_picked":["Headbutt","Wild Strike","Spot Weakness"],"picked":"SKIP","floor":2},{"not_picked":["Armaments","Iron Wave","Twin Strike"],"picked":"SKIP","floor":3},{"not_picked":["Cleave","Thunderclap","Clothesline"],"picked":"SKIP","floor":6},{"not_picked":["Sentinel","Reaper","True Grit"],"picked":"SKIP","floor":12},{"not_picked":["Pommel Strike","Reckless Charge","Feel No Pain"],"picked":"SKIP","floor":14},{"not_picked":["Twin Strike","Anger","Perfected Strike"],"picked":"SKIP","floor":18},{"not_picked":["Clash","Reckless Charge","Sword Boomerang+1"],"picked":"SKIP","floor":20},{"not_picked":["Sword Boomerang","Searing Blow","Clash"],"picked":"SKIP","floor":21},{"not_picked":["Perfected Strike","Spot Weakness+1","Hemokinesis"],"picked":"SKIP","floor":22},{"not_picked":["True Grit","Warcry","Shrug It Off+1"],"picked":"SKIP","floor":27},{"not_picked":["Shrug It Off","Havoc"],"picked":"Dropkick+1","floor":28},{"not_picked":["Shrug It Off","Combust","Thunderclap"],"picked":"SKIP","floor":29}],"player_experience":899557,"relics_obtained":[{"floor":6,"key":"Bronze Scales"},{"floor":9,"key":"Ancient Tea Set"},{"floor":26,"key":"Tiny Chest"},{"floor":28,"key":"Red Mask"}],"event_choices":[{"cards_removed":["Strike_R"],"damage_healed":0,"gold_gain":0,"player_choice":"Card Removal","damage_taken":7,"max_hp_gain":0,"max_hp_loss":0,"event_name":"Golden Wing","floor":4,"gold_loss":0},{"damage_healed":0,"gold_gain":0,"player_choice":"Ignored","damage_taken":0,"max_hp_gain":0,"max_hp_loss":0,"event_name":"Liars Game","floor":5,"gold_loss":0},{"damage_healed":0,"gold_gain":100,"player_choice":"Gold","damage_taken":0,"max_hp_gain":0,"max_hp_loss":0,"event_name":"Wheel of Change","floor":11,"gold_loss":0},{"damage_healed":0,"gold_gain":0,"player_choice":"Entered Light","damage_taken":16,"max_hp_gain":0,"max_hp_loss":0,"event_name":"Shining Light","floor":13,"gold_loss":0,"cards_upgraded":["Defend_R","Defend_R"]},{"cards_removed":["Defend_R"],"damage_healed":0,"gold_gain":0,"player_choice":"Gave Gold","damage_taken":0,"max_hp_gain":0,"max_hp_loss":0,"event_name":"Beggar","floor":24,"gold_loss":75},{"damage_healed":0,"gold_gain":0,"player_choice":"Fought Bandits","damage_taken":0,"max_hp_gain":0,"max_hp_loss":0,"event_name":"Masked Bandits","floor":28,"gold_loss":0},{"damage_healed":0,"gold_gain":0,"player_choice":"Shed Blood","damage_taken":20,"max_hp_gain":5,"max_hp_loss":0,"event_name":"Forgotten Altar","floor":31,"gold_loss":0}],"is_beta":false,"boss_relics":[{"not_picked":["Philosopher\u0027s Stone","Black Blood"],"picked":"Sozu"}],"items_purged_floors":[8,19,30],"is_endless":false,"potions_floor_spawned":[2,14,22,27,29],"killed_by":"Automaton","ascension_level":0}