{"gold_per_floor":[114,134,147,160,232,262,262,327,327,354,354,354,369,379,379,483,483,494,506,506,524,302,302,327,327,399,418,188,198,148,168,168,268,268,280,292,68,0,0,0,26,26,53,53,94,121,133,165,177,189],"floor_reached":51,"playtime":4819,"items_purged":["Writhe","Strike_R"],"score":923,"play_id":"d987edad-b056-450c-893a-b4f14b97445a","local_time":"20190131213232","is_ascension_mode":true,"campfire_choices":[{"data":"Rage","floor":7,"key":"SMITH"},{"floor":12,"key":"DIG"},{"floor":15,"key":"DIG"},{"floor":23,"key":"DIG"},{"floor":25,"key":"DIG"},{"floor":32,"key":"DIG"},{"floor":40,"key":"DIG"},{"floor":44,"key":"DIG"},{"floor":47,"key":"DIG"},{"floor":49,"key":"DIG"}],"neow_cost":"PERCENT_DAMAGE","seed_source_timestamp":983023627634182,"circlet_count":0,"master_deck":["Strike_R","Strike_R","Strike_R+1","Defend_R","Defend_R","Defend_R","Defend_R","Bash","Feed+1","Headbutt","Shockwave+1","Pommel Strike","Rage+1","Burning Pact","Dark Embrace","Flame Barrier","Thunderclap+1","Anger+1","Limit Break+1","Metallicize","Hemokinesis+1","Metallicize","Inflame","Flex","Iron Wave+1","Iron Wave+1","Metallicize","Dropkick+1","Reaper+1","Sword Boomerang+1","Dropkick+1","Iron Wave+1","Heavy Blade+1","Feel No Pain+1","Barricade","Metallicize","Iron Wave+1","Clothesline+1","Armaments","Armaments+1"],"relics":["Burning Blood","Bag of Marbles","Nunchaku","Molten Egg 2","Shovel","Champion Belt","Calipers","FossilizedHelix","Orrery","Bag of Preparation","Singing Bowl","War Paint","Incense Burner","Darkstone Periapt","Lantern","Strawberry","Black Star","Red Mask","Bronze Scales","Shuriken","Mummified Hand","Vajra","MawBank","Whetstone","Art of War","Question Card","PreservedInsect"],"potions_floor_usage":[10,10,10,16,19,24,27,33,48,50],"damage_taken":[{"damage":6,"enemies":"Cultist","floor":1,"turns":4},{"damage":2,"enemies":"2 Louse","floor":2,"turns":2},{"damage":3,"enemies":"Jaw Worm","floor":3,"turns":4},{"damage":11,"enemies":"Red Slaver","floor":4,"turns":3},{"damage":17,"enemies":"Gremlin Nob","floor":6,"turns":5},{"damage":18,"enemies":"3 Sentries","floor":8,"turns":9},{"damage":21,"enemies":"Lagavulin","floor":10,"turns":7},{"damage":4,"enemies":"Looter","floor":13,"turns":3},{"damage":5,"enemies":"Blue Slaver","floor":14,"turns":5},{"damage":16,"enemies":"The Guardian","floor":16,"turns":14},{"damage":13,"enemies":"Shell Parasite","floor":18,"turns":8},{"damage":1,"enemies":"3 Byrds","floor":19,"turns":6},{"damage":5,"enemies":"Centurion and Healer","floor":21,"turns":7},{"damage":43,"enemies":"Gremlin Leader","floor":24,"turns":7},{"damage":0,"enemies":"Snecko","floor":27,"turns":6},{"damage":2,"enemies":"Shelled Parasite and Fungi","floor":29,"turns":5},{"damage":0,"enemies":"Snake Plant","floor":31,"turns":4},{"damage":55,"enemies":"Collector","floor":33,"turns":9},{"damage":30,"enemies":"3 Darklings","floor":35,"turns":5},{"damage":0,"enemies":"Orb Walker","floor":36,"turns":4},{"damage":14,"enemies":"Nemesis","floor":41,"turns":9},{"damage":20,"enemies":"Reptomancer","floor":45,"turns":6},{"damage":5,"enemies":"4 Shapes","floor":46,"turns":7},{"damage":2,"enemies":"Sphere and 2 Shapes","floor":48,"turns":6},{"damage":59,"enemies":"Awakened One","floor":50,"turns":13}],"seed_played":"-8152202753933804176","potions_obtained":[{"floor":1,"key":"EntropicBrew"},{"floor":3,"key":"Weak Potion"},{"floor":6,"key":"SpeedPotion"},{"floor":13,"key":"Block Potion"},{"floor":14,"key":"Swift Potion"},{"floor":18,"key":"BloodPotion"},{"floor":21,"key":"Swift Potion"},{"floor":31,"key":"SteroidPotion"},{"floor":33,"key":"Swift Potion"},{"floor":35,"key":"Ancient Potion"},{"floor":41,"key":"Swift Potion"}],"is_trial":false,"path_per_floor":["M","M","M","M","?","E","R","?","T","E","?","R","M","M","R","B",null,"M","M","?","M","$","R","E","R","T","M","$","M","$","M","R","B",null,"M","M","$","?","?","R","E","$","T","R","E","M","R","M","R","B",null],"character_chosen":"IRONCLAD","items_purchased":["Metallicize","Dropkick+1","Dropkick+1","Lantern","Heavy Blade+1","Metallicize","Iron Wave+1"],"campfire_rested":0,"item_purchase_floors":[22,22,28,28,30,37,37],"current_hp_per_floor":[56,63,66,64,64,56,56,44,44,32,32,32,37,41,41,31,98,91,96,96,97,97,97,60,60,60,66,66,73,73,82,89,61,111,113,115,115,115,115,115,115,115,115,115,111,123,123,123,123,90],"gold":201,"neow_bonus":"THREE_RARE_CARDS","is_prod":false,"is_daily":false,"chose_seed":false,"campfire_upgraded":1,"win_rate":0,"timestamp":1548970352,"path_taken":["M","M","M","M","?","E","R","?","T","E","?","R","M","M","R","BOSS","M","M","?","M","$","R","E","R","T","M","$","M","$","M","R","BOSS","M","M","$","?","?","R","E","$","T","R","E","M","R","M","R","BOSS"],"build_version":"2019-01-23","purchased_purges":2,"victory":true,"max_hp_per_floor":[80,83,83,86,86,89,89,89,89,92,92,92,95,98,98,98,98,98,98,98,98,98,98,98,98,98,98,98,101,101,104,111,111,111,113,115,115,115,115,115,115,115,115,115,117,123,123,123,123,123],"card_choices":[{"not_picked":["Barricade","Double Tap"],"picked":"Feed","floor":0},{"not_picked":["Battle Trance","Infernal Blade"],"picked":"Headbutt","floor":1},{"not_picked":["Sword Boomerang","Twin Strike"],"picked":"Shockwave","floor":2},{"not_picked":["Entrench","Havoc"],"picked":"Pommel Strike","floor":3},{"not_picked":["Clothesline","Pommel Strike"],"picked":"Rage","floor":4},{"not_picked":["Perfected Strike","Thunderclap"],"picked":"Burning Pact","floor":6},{"not_picked":["Sentinel","Pommel Strike"],"picked":"Dark Embrace","floor":8},{"not_picked":["Wild Strike+1","Rampage+1"],"picked":"Flame Barrier","floor":10},{"not_picked":["Fire Breathing","Warcry"],"picked":"Thunderclap+1","floor":13},{"not_picked":["Clash+1","Sentinel"],"picked":"Anger+1","floor":14},{"not_picked":["Juggernaut","Fiend Fire+1"],"picked":"Limit Break","floor":16},{"not_picked":["Armaments","Havoc"],"picked":"Metallicize","floor":17},{"not_picked":["Clash+1","Intimidate"],"picked":"Hemokinesis+1","floor":17},{"not_picked":["Rage","Intimidate"],"picked":"Metallicize","floor":17},{"not_picked":["Rampage+1","Shrug It Off"],"picked":"Inflame","floor":17},{"not_picked":["Anger+1","Perfected Strike+1"],"picked":"Flex","floor":17},{"not_picked":["Bludgeon+1","Fire Breathing","Bloodletting+1"],"picked":"SKIP","floor":18},{"not_picked":["Clash+1","Headbutt+1"],"picked":"Iron Wave+1","floor":19},{"not_picked":["Perfected Strike+1","Clothesline+1"],"picked":"Iron Wave+1","floor":21},{"not_picked":["Flex","Seeing Red+1"],"picked":"Reaper+1","floor":24},{"not_picked":["Wild Strike+1","Seeing Red+1"],"picked":"Sword Boomerang+1","floor":27},{"not_picked":["Flex","Perfected Strike+1"],"picked":"Iron Wave+1","floor":29},{"not_picked":["Thunderclap+1","True Grit"],"picked":"Feel No Pain+1","floor":31},{"not_picked":["Demon Form","Limit Break"],"picked":"Barricade","floor":33},{"not_picked":["Twin Strike+1","Sever Soul+1","Clash+1"],"picked":"Singing Bowl","floor":35},{"not_picked":["Anger+1","Clothesline+1","Wild Strike+1"],"picked":"Singing Bowl","floor":36},{"not_picked":["True Grit","Sentinel"],"picked":"Armaments","floor":41},{"not_picked":["Reckless Charge+1","Flex","Sword Boomerang+1"],"picked":"Singing Bowl","floor":45},{"not_picked":["Clothesline+1","Rampage+1","Ghostly Armor"],"picked":"Singing Bowl","floor":46},{"not_picked":["Thunderclap+1","Flex","Warcry+1"],"picked":"Armaments+1","floor":48}],"player_experience":398463,"relics_obtained":[{"floor":6,"key":"Bag of Marbles"},{"floor":8,"key":"Nunchaku"},{"floor":9,"key":"Molten Egg 2"},{"floor":10,"key":"Shovel"},{"floor":12,"key":"Calipers"},{"floor":15,"key":"FossilizedHelix"},{"floor":23,"key":"Singing Bowl"},{"floor":24,"key":"War Paint"},{"floor":25,"key":"Incense Burner"},{"floor":26,"key":"Darkstone Periapt"},{"floor":32,"key":"Strawberry"},{"floor":40,"key":"Bronze Scales"},{"floor":41,"key":"Shuriken"},{"floor":41,"key":"Mummified Hand"},{"floor":43,"key":"Vajra"},{"floor":44,"key":"MawBank"},{"floor":45,"key":"Whetstone"},{"floor":45,"key":"Art of War"},{"floor":47,"key":"Question Card"},{"floor":49,"key":"PreservedInsect"}],"event_choices":[{"damage_healed":0,"gold_gain":72,"player_choice":"Gained Gold","damage_taken":0,"max_hp_gain":0,"max_hp_loss":0,"event_name":"Golden Wing","floor":5,"gold_loss":0},{"damage_healed":0,"gold_gain":0,"player_choice":"Searched \u00271\u0027 times","damage_taken":0,"max_hp_gain":0,"max_hp_loss":0,"event_name":"Dead Adventurer","floor":8,"gold_loss":0},{"damage_healed":0,"gold_gain":0,"player_choice":"Gave Potion","damage_taken":0,"relics_obtained":["Champion Belt"],"max_hp_gain":0,"max_hp_loss":0,"event_name":"WeMeetAgain","floor":11,"gold_loss":0},{"damage_healed":0,"gold_gain":0,"player_choice":"Opened","damage_taken":0,"relics_obtained":["Bag of Preparation"],"max_hp_gain":0,"max_hp_loss":0,"event_name":"The Mausoleum","floor":20,"gold_loss":0,"cards_obtained":["Writhe"]},{"damage_healed":0,"gold_gain":0,"player_choice":"Paid","damage_taken":0,"relics_obtained":["Red Mask"],"max_hp_gain":0,"max_hp_loss":0,"event_name":"Tomb of Lord Red Mask","floor":38,"gold_loss":68},{"damage_healed":0,"gold_gain":0,"cards_transformed":["Strike_R"],"player_choice":"Transformed","damage_taken":0,"max_hp_gain":0,"max_hp_loss":0,"event_name":"Transmorgrifier","floor":39,"gold_loss":0,"cards_obtained":["Clothesline"]}],"is_beta":false,"boss_relics":[{"not_picked":["Runic Cube","Calling Bell"],"picked":"Orrery"},{"not_picked":["White Beast Statue","Busted Crown"],"picked":"Black Star"}],"items_purged_floors":[22,37],"is_endless":false,"potions_floor_spawned":[1,3,6,13,14,18,21,31,33,35,41,45],"ascension_level":1}