{"gold_per_floor":[118,128,128,128,144,178,115,150,150,162,188,87,112,130,130,232,232,242,242,242,262,195,222,222,222,222,34,34,54,54,71,71,168,168,185,202,302,302,302,331,331,342,342,367,367,378,96,114,114,114],"floor_reached":51,"playtime":4882,"items_purged":["Parasite"],"score":971,"play_id":"6ff3c1f2-c0f7-423c-b887-08c8f6e97eba","local_time":"20190210224137","is_ascension_mode":true,"campfire_choices":[{"data":"Loop","floor":15,"key":"SMITH"},{"data":"Consume","floor":32,"key":"SMITH"},{"data":"Buffer","floor":41,"key":"SMITH"},{"data":"Reboot","floor":45,"key":"SMITH"},{"data":"Biased Cognition","floor":49,"key":"SMITH"}],"neow_cost":"NONE","seed_source_timestamp":1559308086561600,"circlet_count":0,"master_deck":["Strike_B","Defend_B","Defend_B+1","Defend_B","Defend_B+1","Zap","Dualcast","Self Repair","Consume+1","Sweeping Beam","Go for the Eyes","Biased Cognition+1","Ball Lightning","Loop+1","White Noise","Conserve Battery","Cold Snap","Echo Form","Cold Snap","Ghostly","Ghostly","Ghostly","Ghostly","Ghostly","Defragment+1","BootSequence","Electrodynamics","Heatsinks","Auto Shields","Reboot+1","Leap+1","Chill+1","Buffer+1","Ball Lightning","Hello World","Fusion+1","Hello World"],"relics":["Cracked Core","Singing Bowl","Pear","PreservedInsect","Bag of Preparation","Meat on the Bone","War Paint","Oddly Smooth Stone","Snecko Eye","Mummified Hand","Boot","Dream Catcher","Anchor","Nuclear Battery","Thread and Needle","Art of War","Ice Cream","Orichalcum","Toolbox"],"potions_floor_usage":[6,6,13,14,16,50],"damage_taken":[{"damage":1,"enemies":"Jaw Worm","floor":1,"turns":3},{"damage":3,"enemies":"2 Louse","floor":2,"turns":3},{"damage":1,"enemies":"Cultist","floor":5,"turns":3},{"damage":16,"enemies":"Gremlin Nob","floor":6,"turns":3},{"damage":25,"enemies":"3 Sentries","floor":8,"turns":5},{"damage":4,"enemies":"2 Fungi Beasts","floor":10,"turns":3},{"damage":1,"enemies":"Gremlin Nob","floor":11,"turns":3},{"damage":15,"enemies":"3 Sentries","floor":13,"turns":4},{"damage":4,"enemies":"Gremlin Gang","floor":14,"turns":5},{"damage":23,"enemies":"Hexaghost","floor":16,"turns":8},{"damage":15,"enemies":"Shell Parasite","floor":18,"turns":6},{"damage":0,"enemies":"2 Thieves","floor":21,"turns":4},{"damage":6,"enemies":"Gremlin Leader","floor":23,"turns":7},{"damage":0,"enemies":"Cultist and Chosen","floor":29,"turns":4},{"damage":0,"enemies":"Snake Plant","floor":31,"turns":3},{"damage":0,"enemies":"Automaton","floor":33,"turns":5},{"damage":0,"enemies":"Orb Walker","floor":35,"turns":3},{"damage":0,"enemies":"3 Darklings","floor":36,"turns":2},{"damage":0,"enemies":"Mind Bloom Boss Battle","floor":37,"turns":5},{"damage":0,"enemies":"Reptomancer","floor":40,"turns":4},{"damage":0,"enemies":"Writhing Mass","floor":42,"turns":5},{"damage":0,"enemies":"Giant Head","floor":44,"turns":6},{"damage":0,"enemies":"Spire Growth","floor":46,"turns":4},{"damage":0,"enemies":"Maw","floor":48,"turns":5},{"damage":0,"enemies":"Donu and Deca","floor":50,"turns":8}],"seed_played":"6430473240562562369","potions_obtained":[{"floor":0,"key":"SneckoOil"},{"floor":0,"key":"SpeedPotion"},{"floor":0,"key":"FearPotion"},{"floor":6,"key":"AttackPotion"},{"floor":8,"key":"LiquidBronze"},{"floor":11,"key":"FocusPotion"},{"floor":16,"key":"SteroidPotion"},{"floor":21,"key":"SkillPotion"},{"floor":31,"key":"Fire Potion"},{"floor":33,"key":"Regen Potion"},{"floor":42,"key":"FocusPotion"}],"is_trial":false,"path_per_floor":["M","M","?","?","M","E","?","E","T","M","E","$","E","M","R","B",null,"M","?","?","M","$","E","?","?","T","$","?","M","?","M","R","B",null,"M","M","?","?","?","E","R","M","T","E","R","M","$","M","R","B",null],"character_chosen":"DEFECT","items_purchased":["Loop","White Noise","BootSequence","Anchor","Heatsinks","Toolbox"],"campfire_rested":0,"item_purchase_floors":[12,12,22,27,27,47],"current_hp_per_floor":[74,75,68,68,67,68,68,50,50,53,61,61,46,61,61,50,87,79,43,37,44,44,50,50,50,50,50,50,50,50,50,50,50,50,52,52,54,54,54,54,54,54,54,56,56,56,53,55,55,55],"gold":114,"neow_bonus":"THREE_SMALL_POTIONS","is_prod":false,"is_daily":false,"chose_seed":false,"campfire_upgraded":5,"win_rate":0,"timestamp":1549856497,"path_taken":["M","M","?","?","?","E","?","E","T","?","E","?","E","M","R","BOSS","M","?","?","M","$","E","?","?","T","$","?","?","?","M","R","BOSS","M","M","?","?","?","E","R","M","T","E","R","M","$","?","R","BOSS"],"build_version":"2019-01-23","purchased_purges":1,"victory":true,"max_hp_per_floor":[75,75,75,75,75,85,85,85,85,85,87,87,87,87,87,87,87,87,43,48,48,48,50,50,50,50,50,50,50,50,50,50,50,50,52,52,54,54,54,54,54,54,54,56,56,56,53,55,55,55],"card_choices":[{"not_picked":["Darkness","Hologram"],"picked":"Self Repair","floor":1},{"not_picked":["Scrape","Stack"],"picked":"Consume","floor":2},{"not_picked":["Barrage","Force Field"],"picked":"Sweeping Beam","floor":5},{"not_picked":["Beam Cell","Streamline"],"picked":"Go for the Eyes","floor":6},{"not_picked":["Creative AI","Gash"],"picked":"Biased Cognition","floor":8},{"not_picked":["Turbo","Static Discharge"],"picked":"Ball Lightning","floor":10},{"not_picked":["Gash","Lockon","Redo"],"picked":"Singing Bowl","floor":11},{"not_picked":["Reinforced Body","Compile Driver"],"picked":"Conserve Battery","floor":13},{"not_picked":["Multi-Cast","Leap"],"picked":"Cold Snap","floor":14},{"not_picked":["Fission","Machine Learning"],"picked":"Echo Form","floor":16},{"not_picked":["Hologram","Coolheaded"],"picked":"Cold Snap","floor":18},{"not_picked":["Rebound","Fusion"],"picked":"Defragment+1","floor":21},{"not_picked":["Scrape","Gash","Turbo+1"],"picked":"Singing Bowl","floor":23},{"not_picked":["Auto Shields","Barrage"],"picked":"Leap+1","floor":29},{"not_picked":["Melter","Tempest"],"picked":"Chill+1","floor":31},{"not_picked":["Thunder Strike","Echo Form"],"picked":"Buffer","floor":33},{"not_picked":["Scrape+1","Steam+1","BootSequence"],"picked":"Singing Bowl","floor":35},{"not_picked":["Rebound","Leap"],"picked":"Ball Lightning","floor":36},{"not_picked":["Melter","Multi-Cast","Streamline"],"picked":"Singing Bowl","floor":37},{"not_picked":["Steam+1","Barrage+1"],"picked":"Hello World","floor":40},{"not_picked":["Compile Driver+1","Go for the Eyes"],"picked":"Fusion+1","floor":42},{"not_picked":["Recycle","Meteor Strike","Fission"],"picked":"Singing Bowl","floor":44},{"not_picked":["BootSequence","Barrage"],"picked":"Hello World","floor":46},{"not_picked":["Ball Lightning+1","Go for the Eyes","Compile Driver"],"picked":"Singing Bowl","floor":48}],"player_experience":469078,"relics_obtained":[{"floor":6,"key":"Pear"},{"floor":8,"key":"Bag of Preparation"},{"floor":9,"key":"Meat on the Bone"},{"floor":11,"key":"War Paint"},{"floor":13,"key":"Oddly Smooth Stone"},{"floor":23,"key":"Mummified Hand"},{"floor":26,"key":"Dream Catcher"},{"floor":37,"key":"Thread and Needle"},{"floor":40,"key":"Art of War"},{"floor":43,"key":"Ice Cream"},{"floor":44,"key":"Orichalcum"}],"event_choices":[{"damage_healed":0,"gold_gain":0,"player_choice":"Success","damage_taken":7,"relics_obtained":["Singing Bowl"],"max_hp_gain":0,"max_hp_loss":0,"event_name":"Scrap Ooze","floor":3,"gold_loss":0},{"damage_healed":0,"gold_gain":0,"player_choice":"Bought 0 Potions","damage_taken":0,"max_hp_gain":0,"max_hp_loss":0,"event_name":"The Woman in Blue","floor":4,"gold_loss":0},{"damage_healed":0,"gold_gain":0,"player_choice":"Paid Gold","damage_taken":0,"relics_obtained":["PreservedInsect"],"max_hp_gain":0,"max_hp_loss":0,"event_name":"WeMeetAgain","floor":7,"gold_loss":63},{"damage_healed":0,"gold_gain":0,"player_choice":"Became a Ghost","damage_taken":0,"max_hp_gain":0,"max_hp_loss":44,"event_name":"Ghosts","floor":19,"gold_loss":0,"cards_obtained":["Ghostly","Ghostly","Ghostly","Ghostly","Ghostly"]},{"damage_healed":0,"gold_gain":0,"player_choice":"Shed Blood","damage_taken":11,"max_hp_gain":5,"max_hp_loss":0,"event_name":"Forgotten Altar","floor":20,"gold_loss":0},{"damage_healed":0,"gold_gain":0,"player_choice":"Read","damage_taken":0,"max_hp_gain":0,"max_hp_loss":0,"event_name":"The Library","floor":24,"gold_loss":0,"cards_obtained":["Electrodynamics"]},{"damage_healed":0,"gold_gain":0,"player_choice":"Stole Relic","damage_taken":0,"relics_obtained":["Boot"],"max_hp_gain":0,"max_hp_loss":0,"event_name":"Addict","floor":25,"gold_loss":0,"cards_obtained":["Shame"]},{"damage_healed":0,"gold_gain":0,"cards_transformed":["Strike_B","Strike_B"],"player_choice":"Became Test Subject","damage_taken":0,"max_hp_gain":0,"max_hp_loss":0,"event_name":"Drug Dealer","floor":28,"gold_loss":0,"cards_obtained":["Auto Shields","Reboot"]},{"cards_removed":["Shame"],"damage_healed":0,"gold_gain":0,"player_choice":"Elegance","damage_taken":0,"max_hp_gain":0,"max_hp_loss":0,"event_name":"Back to Basics","floor":30,"gold_loss":0},{"damage_healed":0,"gold_gain":0,"player_choice":"Fight","damage_taken":0,"max_hp_gain":0,"max_hp_loss":0,"event_name":"MindBloom","floor":37,"gold_loss":0},{"damage_healed":0,"gold_gain":0,"player_choice":"Ignored","damage_taken":0,"max_hp_gain":0,"max_hp_loss":0,"event_name":"Tomb of Lord Red Mask","floor":38,"gold_loss":0},{"cards_removed":["Strike_B"],"damage_healed":0,"gold_gain":0,"player_choice":"Offered Basic","damage_taken":0,"max_hp_gain":0,"max_hp_loss":0,"event_name":"Bonfire Elementals","floor":39,"gold_loss":0}],"is_beta":false,"boss_relics":[{"not_picked":["Busted Crown","Pandora\u0027s Box"],"picked":"Snecko Eye"},{"not_picked":["Fusion Hammer","Empty Cage"],"picked":"Nuclear Battery"}],"items_purged_floors":[47],"is_endless":false,"potions_floor_spawned":[6,8,11,16,21,31,33,35,36,42,44],"ascension_level":1}