{"path_per_floor":["M","?","$","?","?","R","?","R","T","E","?","R","E","M","R"],"character_chosen":"THE_SILENT","items_purchased":["Blood Vial"],"gold_per_floor":[113,188,31,31,31,31,61,61,110,140,140,140,211,227,227,227],"floor_reached":16,"campfire_rested":0,"playtime":504,"item_purchase_floors":[3],"current_hp_per_floor":[59,48,48,48,48,48,48,48,48,15,15,15,6,8,8,0],"items_purged":[],"gold":227,"score":156,"play_id":"7251b316-39fe-4cc9-8794-47bf9ab464f4","local_time":"20180601010808","is_prod":false,"is_daily":false,"chose_seed":false,"is_ascension_mode":true,"campfire_upgraded":4,"win_rate":0,"timestamp":1527782888,"campfire_choices":[{"data":"Terror","floor":6,"key":"SMITH"},{"data":"Neutralize","floor":8,"key":"SMITH"},{"data":"Survivor","floor":12,"key":"SMITH"},{"data":"Escape Plan","floor":15,"key":"SMITH"}],"path_taken":["M","?","$","?","?","R","?","R","T","E","?","R","E","?","R","BOSS"],"build_version":"2018-05-24","seed_source_timestamp":704771630329308,"purchased_purges":0,"victory":false,"master_deck":["Defend_G","Defend_G","Defend_G","Defend_G","Defend_G","Strike_G","Strike_G","Strike_G","Strike_G","Strike_G","Survivor+1","Neutralize+1","AscendersBane","Cloak And Dagger","Terror+1","Injury","Escape Plan+1"],"max_hp_per_floor":[70,70,70,70,70,70,70,70,70,70,70,70,70,70,70,70],"relics":["White Beast Statue","Blood Vial","Ice Cream","Pen Nib","Art of War","Golden Idol","Tiny Chest"],"card_choices":[{"not_picked":["Bane","Footwork"],"picked":"Cloak And Dagger","floor":1},{"not_picked":["Dagger Throw","Bane","Poisoned Stab"],"picked":"SKIP","floor":10},{"not_picked":["Outmaneuver","Setup","Flying Knee"],"picked":"SKIP","floor":13},{"not_picked":["Quick Slash","Masterful Stab"],"picked":"Escape Plan","floor":14}],"player_experience":722663,"potions_floor_usage":[13,16,16,16],"damage_taken":[{"damage":4,"enemies":"Small Slimes","floor":1,"turns":4},{"damage":35,"enemies":"Gremlin Nob","floor":10,"turns":5},{"damage":11,"enemies":"Lagavulin","floor":13,"turns":8},{"damage":0,"enemies":"2 Louse","floor":14,"turns":3},{"damage":27,"enemies":"Hexaghost","floor":16,"turns":9}],"relics_obtained":[{"floor":9,"key":"Pen Nib"},{"floor":10,"key":"Art of War"},{"floor":13,"key":"Tiny Chest"}],"event_choices":[{"event_name":"World of Goop","player_choice":"Gather Gold","floor":2,"damage_taken":0},{"event_name":"Match and Keep!","player_choice":"1 cards matched","floor":4,"damage_taken":0},{"event_name":"The Cleric","player_choice":"Leave","floor":5,"damage_taken":0},{"event_name":"Dead Adventurer","player_choice":"Searched \u00273\u0027 times","floor":7,"damage_taken":0},{"event_name":"Golden Idol","player_choice":"Take Wound","floor":11,"damage_taken":0}],"boss_relics":[],"items_purged_floors":[],"potions_floor_spawned":[1,10,13,14],"seed_played":"7909251303813495420","killed_by":"Hexaghost","ascension_level":10,"potions_obtained":[{"floor":1,"key":"LiquidBronze"},{"floor":10,"key":"SkillPotion"},{"floor":13,"key":"Explosive Potion"},{"floor":14,"key":"Regen Potion"}],"is_trial":false}