{"gold_per_floor":[119,119,137,147,166,166,198,215,215,232,249,279,279,279,279,279],"floor_reached":16,"playtime":1413,"items_purged":[],"score":182,"play_id":"d132e9be-dcec-4e36-ab27-3302541aaaf4","local_time":"20190302181931","is_ascension_mode":true,"campfire_choices":[{"data":"Quick Slash","floor":6,"key":"SMITH"},{"floor":15,"key":"REST"}],"neow_cost":"NONE","seed_source_timestamp":255009076633841,"circlet_count":0,"master_deck":["AscendersBane","Defend_G","Defend_G","Defend_G","Defend_G","Strike_G","Strike_G","Strike_G","Strike_G","Survivor","Neutralize","Deadly Poison","Quick Slash+1","Footwork","Crippling Poison","Backflip","Night Terror","Noxious Fumes","Dodge and Roll"],"relics":["Orrery","Shuriken","Mercury Hourglass","Frozen Egg 2"],"potions_floor_usage":[7,10,11],"damage_taken":[{"damage":1,"enemies":"Small Slimes","floor":1,"turns":4},{"damage":0,"enemies":"Cultist","floor":3,"turns":5},{"damage":0,"enemies":"2 Louse","floor":4,"turns":4},{"damage":3,"enemies":"Looter","floor":5,"turns":4},{"damage":9,"enemies":"Lagavulin","floor":7,"turns":7},{"damage":12,"enemies":"Large Slime","floor":8,"turns":7},{"damage":0,"enemies":"3 Louse","floor":10,"turns":2},{"damage":0,"enemies":"2 Fungi Beasts","floor":11,"turns":2},{"damage":16,"enemies":"3 Sentries","floor":12,"turns":8},{"damage":44,"enemies":"Slime Boss","floor":16,"turns":7}],"seed_played":"-3978822737706210570","potions_obtained":[{"floor":4,"key":"SkillPotion"},{"floor":8,"key":"Swift Potion"},{"floor":10,"key":"Fire Potion"}],"is_trial":false,"path_per_floor":["M","?","M","M","M","R","E","M","T","M","M","E","?","?","R","B"],"character_chosen":"THE_SILENT","items_purchased":[],"campfire_rested":1,"item_purchase_floors":[],"current_hp_per_floor":[62,62,62,62,59,59,50,38,38,38,38,22,22,22,43,0],"gold":279,"neow_bonus":"BOSS_RELIC","is_prod":false,"is_daily":false,"chose_seed":false,"campfire_upgraded":1,"win_rate":0,"timestamp":1551568771,"path_taken":["M","?","M","?","M","R","E","M","T","M","?","E","?","?","R","BOSS"],"build_version":"2019-01-23","purchased_purges":0,"victory":false,"max_hp_per_floor":[70,70,70,70,70,70,70,70,70,70,70,70,70,70,70,70],"card_choices":[{"not_picked":["Calculated Gamble","Acrobatics"],"picked":"Deadly Poison","floor":0},{"not_picked":["Prepared","Footwork"],"picked":"Quick Slash","floor":0},{"not_picked":["Dagger Throw","Deadly Poison"],"picked":"Footwork","floor":0},{"not_picked":["Escape Plan","Grand Finale"],"picked":"Crippling Poison","floor":0},{"not_picked":["Reflex","Prepared"],"picked":"Backflip","floor":0},{"not_picked":["Deflect","Outmaneuver","Setup"],"picked":"SKIP","floor":1},{"not_picked":["Sucker Punch","Reflex","All Out Attack"],"picked":"SKIP","floor":3},{"not_picked":["Underhanded Strike","Slice"],"picked":"Noxious Fumes","floor":4},{"not_picked":["Noxious Fumes","Sucker Punch","Underhanded Strike"],"picked":"SKIP","floor":5},{"not_picked":["Bane","Dagger Spray","Predator"],"picked":"SKIP","floor":7},{"not_picked":["Outmaneuver","Grand Finale","Dagger Throw"],"picked":"SKIP","floor":8},{"not_picked":["Deadly Poison","Footwork"],"picked":"Dodge and Roll","floor":10},{"not_picked":["Heel Hook","Slice","Outmaneuver"],"picked":"SKIP","floor":11},{"not_picked":["Bullet Time","Concentrate","Flying Knee"],"picked":"SKIP","floor":12}],"player_experience":345496,"relics_obtained":[{"floor":7,"key":"Shuriken"},{"floor":9,"key":"Mercury Hourglass"},{"floor":12,"key":"Frozen Egg 2"}],"event_choices":[{"damage_healed":0,"gold_gain":0,"cards_transformed":["Strike_G"],"player_choice":"Transformed","damage_taken":0,"max_hp_gain":0,"max_hp_loss":0,"event_name":"Transmorgrifier","floor":2,"gold_loss":0,"cards_obtained":["Night Terror"]},{"cards_removed":["Defend_G"],"damage_healed":0,"gold_gain":0,"player_choice":"Forget","damage_taken":0,"max_hp_gain":0,"max_hp_loss":0,"event_name":"Living Wall","floor":13,"gold_loss":0},{"damage_healed":0,"gold_gain":0,"player_choice":"Ignored","damage_taken":0,"max_hp_gain":0,"max_hp_loss":0,"event_name":"Golden Idol","floor":14,"gold_loss":0}],"is_beta":false,"boss_relics":[],"items_purged_floors":[],"is_endless":false,"potions_floor_spawned":[4,8,10],"killed_by":"Slime Boss","ascension_level":12}