{"path_per_floor":["M","M","$","M","M","R","E","R","T","R","M","E","M","M","R","B",null,"M","M","M","?","?","E","R","E","T","$","M","E","$","?","R","B",null,"M","?","?","?","$","M","R","M","T","R","M","T","M","?","R","B"],"character_chosen":"IRONCLAD","items_purchased":["Metallicize","Shrug It Off","Dead Branch","Block Potion","Metallicize","Limit Break"],"gold_per_floor":[119,130,30,46,66,66,101,101,125,125,136,162,175,186,186,286,286,297,314,328,328,328,357,357,388,413,1,13,40,4,4,4,108,108,120,168,168,168,4,17,17,31,31,31,45,45,56,56,56,56],"floor_reached":51,"campfire_rested":2,"playtime":4930,"current_hp_per_floor":[64,70,70,72,78,78,68,68,68,68,74,75,66,68,68,68,77,80,80,80,65,59,50,50,36,36,36,50,37,37,21,38,40,54,50,54,54,54,54,47,47,54,54,54,42,42,43,43,59,53],"items_purged":["Bite"],"gold":56,"score":724,"play_id":"d3fcb15f-a461-442f-bf92-012a9c3fa4f2","is_prod":false,"is_daily":false,"is_ascension_mode":true,"campfire_upgraded":4,"path_taken":["M","M","$","M","M","R","E","R","T","R","M","E","?","M","R","BOSS","M","M","M","?","?","E","R","E","T","$","M","E","?","?","R","BOSS","M","?","?","?","$","M","R","M","T","R","M","?","M","?","R","BOSS"],"build_version":"2018-02-08-BETA1","purchased_purges":1,"victory":true,"master_deck":["Bash","Spot Weakness","Havoc+1","Metallicize","Shrug It Off","Armaments+1","Clothesline","Inflame","Fiend Fire","Flame Barrier","Spot Weakness","Twin Strike+1","Bite","Bite","Bite","Bite","True Grit","Sentinel","Metallicize","Seeing Red+1","Demon Form","Infernal Blade","Flame Barrier","Havoc+1","Limit Break","True Grit","True Grit+1"],"max_hp_per_floor":[80,80,80,80,80,80,80,80,80,80,80,80,80,80,80,80,80,80,80,80,85,59,59,59,59,59,59,59,59,59,59,59,59,59,59,59,59,59,59,59,59,59,59,59,59,59,59,59,59,59],"relics":["Burning Blood","Vajra","Omamori","Bag of Preparation","Darkstone Periapt","Cursed Key","Peace Pipe","Art of War","Dream Catcher","Dead Branch","Magic Flower","Necronomicon","Pandora\u0027s Box","Shovel"],"card_choices":[{"not_picked":["Dropkick","Warcry"],"picked":"Spot Weakness"},{"not_picked":["Warcry","Clothesline"],"picked":"Havoc"},{"not_picked":["Iron Wave","Flame Barrier"],"picked":"Armaments"},{"not_picked":["Infernal Blade","Warcry"],"picked":"Searing Blow"},{"not_picked":["Havoc","Cleave"],"picked":"Clothesline"},{"not_picked":["Havoc","Evolve"],"picked":"Inflame"},{"not_picked":["Berserk","Exhume"],"picked":"Fiend Fire"},{"not_picked":["Havoc","Burning Pact"],"picked":"Flame Barrier"},{"not_picked":["Perfected Strike","Power Through"],"picked":"Spot Weakness"},{"not_picked":["Flex","Sever Soul"],"picked":"Twin Strike"},{"not_picked":["Cleave","Pommel Strike"],"picked":"True Grit"},{"not_picked":["Feel No Pain","Cleave"],"picked":"Sentinel"},{"not_picked":["Thunderclap","Limit Break"],"picked":"Seeing Red"},{"not_picked":["Exhume","Juggernaut"],"picked":"Demon Form"},{"not_picked":["Headbutt","Iron Wave"],"picked":"Havoc"},{"not_picked":["Shockwave","Feed"],"picked":"True Grit"},{"not_picked":["Dropkick","Evolve"],"picked":"Infernal Blade"},{"not_picked":["Blood for Blood","Perfected Strike"],"picked":"True Grit"}],"player_experience":107195,"potions_floor_usage":[12,16,18,23,23,28,36,50,50],"damage_taken":[{"damage":14,"enemies":"Blue Slaver","floor":1,"turns":5},{"damage":0,"enemies":"2 Louse","floor":2,"turns":4},{"damage":4,"enemies":"Jaw Worm","floor":4,"turns":5},{"damage":0,"enemies":"2 Fungi Beasts","floor":5,"turns":5},{"damage":16,"enemies":"Lagavulin","floor":7,"turns":9},{"damage":0,"enemies":"Large Slime","floor":11,"turns":5},{"damage":5,"enemies":"3 Sentries","floor":12,"turns":7},{"damage":15,"enemies":"Gremlin Gang","floor":13,"turns":6},{"damage":4,"enemies":"Exordium Wildlife","floor":14,"turns":5},{"damage":6,"enemies":"Hexaghost","floor":16,"turns":9},{"damage":0,"enemies":"Spheric Guardian","floor":18,"turns":3},{"damage":0,"enemies":"Chosen","floor":19,"turns":4},{"damage":0,"enemies":"Snake Plant","floor":20,"turns":2},{"damage":17,"enemies":"Book of Stabbing","floor":23,"turns":3},{"damage":42,"enemies":"Gremlin Leader","floor":25,"turns":6},{"damage":11,"enemies":"Centurion and Healer","floor":28,"turns":6},{"damage":21,"enemies":"Book of Stabbing","floor":29,"turns":4},{"damage":19,"enemies":"Automaton","floor":33,"turns":6},{"damage":21,"enemies":"3 Darklings","floor":35,"turns":3},{"damage":11,"enemies":"Mysterious Sphere","floor":36,"turns":5},{"damage":22,"enemies":"3 Shapes","floor":40,"turns":5},{"damage":8,"enemies":"Maw","floor":42,"turns":5},{"damage":30,"enemies":"Sphere and 2 Shapes","floor":45,"turns":5},{"damage":17,"enemies":"Spire Growth","floor":47,"turns":3},{"damage":15,"enemies":"Donu and Deca","floor":50,"turns":4}],"event_choices":[{"event_name":"Forgotten Altar","player_choice":"Shed Blood","floor":21,"damage_taken":0},{"event_name":"Vampires","player_choice":"Became a vampire","floor":22,"damage_taken":0},{"event_name":"Cursed Tome","player_choice":"Obtained Book","floor":31,"damage_taken":0},{"event_name":"Mysterious Sphere","player_choice":"Fight","floor":36,"damage_taken":0},{"event_name":"Upgrade Shrine","player_choice":"Upgraded","floor":37,"damage_taken":0},{"event_name":"The Woman in Blue","player_choice":"Bought 0 Potions","floor":48,"damage_taken":0}],"boss_relics":[{"not_picked":["Sozu","Astrolabe"],"picked":"Cursed Key"},{"not_picked":["Black Star","Orrery"],"picked":"Pandora\u0027s Box"}],"potions_floor_spawned":[1,2,5,16,18,19,28,33,40,42,47],"seed_played":"-1484947578731434343","ascension_level":7,"is_trial":false}