{"path_per_floor":["M","M","$","?","?","E","R","E","T","R","M","M","M","T","R","B",null,"M","M","?","M","?","R","?","M","T","R","M","$","M","M","R","B",null,"M","?","M","M","M","E","M","R","T","$","?","?","R","M","R"],"character_chosen":"IRONCLAD","items_purchased":["Perfected Strike","Inflame","Mercury Hourglass","Apotheosis","Bag of Preparation"],"gold_per_floor":[118,129,30,30,205,238,238,267,293,293,309,325,339,364,364,466,466,483,493,493,505,430,430,430,445,445,445,463,211,222,236,236,333,333,343,0,18,37,53,384,402,402,402,55,55,55,55,74,74],"floor_reached":50,"campfire_rested":4,"playtime":2409,"current_hp_per_floor":[80,80,80,80,80,80,80,67,67,67,73,69,75,75,75,32,80,71,65,50,10,10,35,35,26,26,51,35,35,41,45,70,51,85,85,85,78,72,67,49,29,54,54,54,54,75,75,49,49],"items_purged":[],"gold":74,"score":538,"play_id":"69683b9d-c6bc-4258-bcfd-78b0278bd7a0","is_prod":false,"is_daily":false,"is_ascension_mode":false,"campfire_upgraded":3,"path_taken":["M","M","$","?","?","E","R","E","T","R","M","M","?","?","R","BOSS","M","M","?","M","?","R","?","M","T","R","M","$","M","?","R","BOSS","M","?","M","?","M","E","M","R","T","$","?","?","R","M","R","BOSS"],"build_version":"2018-02-22-PROD2","purchased_purges":0,"victory":false,"master_deck":["Strike_R+1","Strike_R+1","Strike_R+1","Strike_R+1","Strike_R+1","Defend_R+1","Defend_R+1","Defend_R+1","Clothesline","Pommel Strike","Perfected Strike+1","Inflame+1","Cleave","Battle Trance","Headbutt","Twin Strike","Seeing Red+1","Limit Break","Perfected Strike","Cleave","Perfected Strike+1","Pommel Strike+1","Heavy Blade","Inflame","Pommel Strike","Shockwave","Barricade","Headbutt","Twin Strike","Fire Breathing","Headbutt","Headbutt+1","Pommel Strike+1","Apotheosis","Inflame"],"max_hp_per_floor":[80,80,80,80,80,80,80,80,80,80,80,80,80,80,80,80,80,80,80,85,85,85,85,85,85,85,85,85,85,85,85,85,85,85,85,85,85,85,85,85,85,85,85,85,85,85,85,85,85],"relics":["Burning Blood","NeowsBlessing","Omamori","War Paint","Prayer Wheel","Orichalcum","Runic Dome","Self Forming Clay","Mercury Hourglass","Cursed Key","Red Mask","Old Coin","Shovel","Bag of Preparation","Whetstone","Mummified Hand"],"card_choices":[{"not_picked":["Hemokinesis","Carnage"],"picked":"Clothesline"},{"not_picked":["True Grit","Clothesline"],"picked":"Pommel Strike"},{"not_picked":["Reckless Charge","Anger"],"picked":"Cleave"},{"not_picked":["Combust","Iron Wave"],"picked":"Battle Trance"},{"not_picked":["Combust","Armaments"],"picked":"Headbutt"},{"not_picked":["True Grit","Intimidate"],"picked":"Twin Strike"},{"not_picked":["Berserk","Dropkick"],"picked":"Seeing Red"},{"not_picked":["Bludgeon","Immolate"],"picked":"Limit Break"},{"not_picked":["Warcry","Thunderclap"],"picked":"Perfected Strike"},{"not_picked":["Sword Boomerang","Pummel"],"picked":"Cleave"},{"not_picked":["Headbutt","Heavy Blade"],"picked":"Perfected Strike"},{"not_picked":["Carnage","Searing Blow"],"picked":"Pommel Strike"},{"not_picked":["Blood for Blood","True Grit"],"picked":"Heavy Blade"},{"not_picked":["Armaments","Cleave"],"picked":"Inflame"},{"not_picked":["Warcry","Shrug It Off"],"picked":"Pommel Strike"},{"not_picked":["Fire Breathing","Blood for Blood"],"picked":"Shockwave"},{"not_picked":["Feed","Brutality"],"picked":"Barricade"},{"not_picked":["Seeing Red","Iron Wave"],"picked":"Headbutt"},{"not_picked":["Headbutt","Ghostly Armor"],"picked":"Twin Strike"},{"not_picked":["Warcry","Dropkick"],"picked":"Fire Breathing"},{"not_picked":["Infernal Blade","Blood for Blood"],"picked":"Headbutt"},{"not_picked":["Searing Blow","Iron Wave"],"picked":"Headbutt"},{"not_picked":["Hemokinesis","Perfected Strike"],"picked":"Pommel Strike"},{"not_picked":["Rage","Headbutt"],"picked":"Inflame"}],"player_experience":29551,"potions_floor_usage":[8,13,16,33,33,33,48],"damage_taken":[{"damage":0,"enemies":"Jaw Worm","floor":1,"turns":1},{"damage":0,"enemies":"Cultist","floor":2,"turns":1},{"damage":0,"enemies":"Gremlin Nob","floor":6,"turns":1},{"damage":19,"enemies":"Lagavulin","floor":8,"turns":6},{"damage":0,"enemies":"Small Slimes","floor":11,"turns":2},{"damage":10,"enemies":"Looter","floor":12,"turns":3},{"damage":0,"enemies":"Large Slime","floor":13,"turns":4},{"damage":49,"enemies":"The Guardian","floor":16,"turns":8},{"damage":15,"enemies":"Shell Parasite","floor":18,"turns":4},{"damage":12,"enemies":"2 Thieves","floor":19,"turns":3},{"damage":46,"enemies":"Slaver and Parasite","floor":21,"turns":8},{"damage":15,"enemies":"Snake Plant","floor":25,"turns":2},{"damage":22,"enemies":"Centurion and Healer","floor":28,"turns":5},{"damage":0,"enemies":"Snecko","floor":30,"turns":3},{"damage":2,"enemies":"Sentry and Sphere","floor":31,"turns":3},{"damage":25,"enemies":"Collector","floor":33,"turns":5},{"damage":2,"enemies":"Orb Walker","floor":35,"turns":2},{"damage":13,"enemies":"3 Shapes","floor":37,"turns":3},{"damage":12,"enemies":"Maw","floor":38,"turns":5},{"damage":11,"enemies":"4 Shapes","floor":39,"turns":2},{"damage":24,"enemies":"2 Orb Walkers","floor":40,"turns":4},{"damage":26,"enemies":"3 Darklings","floor":41,"turns":4},{"damage":32,"enemies":"Maw","floor":48,"turns":7},{"damage":53,"enemies":"Awakened One","floor":50,"turns":3}],"event_choices":[{"event_name":"Bonfire Elementals","player_choice":"BASIC","floor":4,"damage_taken":0},{"event_name":"Liars Game","player_choice":"agreed","floor":5,"damage_taken":0},{"event_name":"Forgotten Altar","player_choice":"Shed Blood","floor":20,"damage_taken":0},{"event_name":"Beggar","player_choice":"Gave Gold","floor":22,"damage_taken":0},{"event_name":"Back to Basics","player_choice":"Simplicity","floor":24,"damage_taken":0},{"event_name":"Tomb of Lord Red Mask","player_choice":"Paid","floor":36,"damage_taken":0},{"event_name":"Winding Halls","player_choice":"Writhe","floor":46,"damage_taken":0}],"boss_relics":[{"not_picked":["Eternal Feather","Calling Bell"],"picked":"Runic Dome"},{"not_picked":["White Beast Statue","Runic Cube"],"picked":"Cursed Key"}],"potions_floor_spawned":[1,2,13,21,25,28,30,38],"seed_played":"1626090136251229348","killed_by":"Awakened One","ascension_level":0,"is_trial":false}