{"gold_per_floor":[210,230,246,246,262,305,305,108,131,143,155,180,192,225,237,379,391,417,444,200,200,200,200,300,314,338,381,381],"floor_reached":28,"playtime":1718,"items_purged":[],"score":262,"play_id":"64a92f69-5842-496e-b264-e0f09c3adf5b","local_time":"20181224143134","is_ascension_mode":true,"campfire_choices":[{"floor":7,"key":"REST"},{"floor":11,"key":"REST"},{"data":"Rampage","floor":15,"key":"SMITH"},{"data":"Limit Break","floor":23,"key":"SMITH"}],"neow_cost":"NONE","seed_source_timestamp":332313208090976,"circlet_count":0,"master_deck":["Strike_R+1","Strike_R+1","Strike_R+1","Strike_R+1","Strike_R+1","Defend_R+1","Defend_R+1","Defend_R+1","Defend_R+1","Bash+1","Rampage+1","Headbutt","Ghostly Armor","Thunderclap","Armaments","Iron Wave","Limit Break+1","Corruption","Double Tap","Bludgeon","Bloodletting","Iron Wave","Metallicize","Spot Weakness","Pommel Strike+1","Parasite","Barricade"],"relics":["Burning Blood","Golden Idol","War Paint","MawBank","Bottled Lightning","Cursed Key","Happy Flower","Regal Pillow","Art of War"],"potions_floor_usage":[5,6,16,27,28],"damage_taken":[{"damage":0,"enemies":"Small Slimes","floor":1,"turns":3},{"damage":0,"enemies":"2 Louse","floor":2,"turns":3},{"damage":2,"enemies":"Jaw Worm","floor":3,"turns":3},{"damage":24,"enemies":"Exordium Thugs","floor":5,"turns":7},{"damage":36,"enemies":"Lagavulin","floor":6,"turns":8},{"damage":5,"enemies":"Blue Slaver","floor":12,"turns":3},{"damage":7,"enemies":"2 Fungi Beasts","floor":14,"turns":3},{"damage":38,"enemies":"The Guardian","floor":16,"turns":9},{"damage":17,"enemies":"3 Byrds","floor":18,"turns":6},{"damage":27,"enemies":"Spheric Guardian","floor":19,"turns":5},{"damage":34,"enemies":"Cultist and Chosen","floor":25,"turns":7},{"damage":36,"enemies":"Slavers","floor":27,"turns":5},{"damage":25,"enemies":"Sentry and Sphere","floor":28,"turns":5}],"seed_played":"-6994364656678558850","potions_obtained":[{"floor":1,"key":"Swift Potion"},{"floor":5,"key":"PowerPotion"},{"floor":6,"key":"FairyPotion"},{"floor":12,"key":"Strength Potion"},{"floor":25,"key":"LiquidBronze"},{"floor":27,"key":"SkillPotion"}],"is_trial":false,"path_per_floor":["M","M","M","?","M","E","R","$","T","?","R","M","T","M","R","B",null,"M","M","$","?","?","R","?","M","T","E","M"],"character_chosen":"IRONCLAD","items_purchased":["Iron Wave","Limit Break","Metallicize","Spot Weakness","Happy Flower"],"campfire_rested":2,"item_purchase_floors":[8,8,20,20,20],"current_hp_per_floor":[80,80,80,74,56,26,48,48,48,33,55,56,56,55,55,23,74,63,42,42,42,66,66,66,38,38,8,0],"gold":381,"neow_bonus":"HUNDRED_GOLD","is_prod":false,"is_daily":false,"chose_seed":false,"campfire_upgraded":2,"win_rate":0,"timestamp":1545679894,"path_taken":["M","M","M","?","M","E","R","$","T","?","R","M","?","M","R","BOSS","M","M","$","?","?","R","?","M","T","E","?"],"build_version":"2018-12-20","purchased_purges":0,"victory":false,"max_hp_per_floor":[80,80,80,74,74,74,74,74,74,74,74,74,74,74,74,74,74,74,74,74,74,74,74,74,74,74,74,74],"card_choices":[{"not_picked":["Thunderclap","Warcry"],"picked":"Rampage","floor":1},{"not_picked":["Whirlwind","Battle Trance"],"picked":"Headbutt","floor":2},{"not_picked":["Reckless Charge","Thunderclap"],"picked":"Ghostly Armor","floor":3},{"not_picked":["Flex","Sentinel"],"picked":"Thunderclap","floor":5},{"not_picked":["Flame Barrier","Cleave"],"picked":"Armaments","floor":6},{"not_picked":["Entrench","Body Slam"],"picked":"Corruption","floor":12},{"not_picked":["Spot Weakness","Perfected Strike"],"picked":"Double Tap","floor":14},{"not_picked":["Immolate","Fiend Fire"],"picked":"Bludgeon","floor":16},{"not_picked":["Twin Strike","Clash"],"picked":"Bloodletting","floor":18},{"not_picked":["Thunderclap","Flame Barrier"],"picked":"Iron Wave","floor":19},{"not_picked":["Carnage","Anger"],"picked":"Pommel Strike+1","floor":25},{"not_picked":["Perfected Strike+1","Power Through"],"picked":"Barricade","floor":27}],"player_experience":386543,"relics_obtained":[{"floor":6,"key":"War Paint"},{"floor":9,"key":"MawBank"},{"floor":13,"key":"Bottled Lightning"},{"floor":26,"key":"Regal Pillow"},{"floor":27,"key":"Art of War"}],"event_choices":[{"damage_healed":0,"gold_gain":0,"player_choice":"Lose Max HP","damage_taken":0,"relics_obtained":["Golden Idol"],"max_hp_gain":0,"max_hp_loss":6,"event_name":"Golden Idol","floor":4,"gold_loss":0},{"damage_healed":0,"gold_gain":0,"player_choice":"Entered Light","damage_taken":15,"max_hp_gain":0,"max_hp_loss":0,"event_name":"Shining Light","floor":10,"gold_loss":0,"cards_upgraded":["Defend_R","Bash"]},{"damage_healed":0,"gold_gain":0,"player_choice":"Simplicity","damage_taken":0,"max_hp_gain":0,"max_hp_loss":0,"event_name":"Back to Basics","floor":21,"gold_loss":0,"cards_upgraded":["Strike_R","Strike_R","Strike_R","Strike_R","Strike_R","Defend_R"]},{"damage_healed":24,"gold_gain":0,"player_choice":"Heal","damage_taken":0,"max_hp_gain":0,"max_hp_loss":0,"event_name":"The Library","floor":22,"gold_loss":0},{"damage_healed":0,"gold_gain":100,"player_choice":"Pray","damage_taken":0,"max_hp_gain":0,"max_hp_loss":0,"event_name":"Golden Shrine","floor":24,"gold_loss":0}],"is_beta":false,"boss_relics":[{"not_picked":["White Beast Statue","Sozu"],"picked":"Cursed Key"}],"items_purged_floors":[],"is_endless":false,"potions_floor_spawned":[1,5,6,12,25,27],"killed_by":"Sentry and Sphere","ascension_level":2}