{"gold_per_floor":[119,119,45,45,45,45,80,80,160,194,194,204,204,221,221,325,325,343,343,343,357,357,357,373,373,373,400,400,416,416,450,450,548,548,563,36,54,16,116,116,116,142,142,162,172,172,92,92,92,92],"floor_reached":51,"playtime":4364,"items_purged":["Doubt","Regret"],"score":1352,"play_id":"51dc72c5-5f1c-4d37-926a-e32e75233c51","local_time":"20190218232236","is_ascension_mode":true,"campfire_choices":[{"data":"Multi-Cast","floor":6,"key":"SMITH"},{"data":"Dualcast","floor":8,"key":"SMITH"},{"data":"Go for the Eyes","floor":13,"key":"SMITH"},{"data":"Sweeping Beam","floor":15,"key":"SMITH"},{"floor":23,"key":"REST"},{"data":"Beam Cell","floor":25,"key":"SMITH"},{"floor":28,"key":"REST"},{"data":"Hologram","floor":30,"key":"SMITH"},{"data":"Electrodynamics","floor":32,"key":"SMITH"},{"data":"Echo Form","floor":40,"key":"SMITH"},{"floor":49,"key":"REST"}],"neow_cost":"NONE","seed_source_timestamp":390679072608900,"circlet_count":0,"master_deck":["AscendersBane","Strike_B","Strike_B","Defend_B","Defend_B","Defend_B+1","Defend_B","Zap+1","Dualcast+1","Rebound","Multi-Cast+1","Sweeping Beam+1","Coolheaded+1","Go for the Eyes+1","All For One","Electrodynamics+1","FTL","Doom and Gloom","Tempest","Streamline","Beam Cell+1","Injury","Hologram+1","Reboot","Echo Form+1","BootSequence","Conserve Battery","Leap+1","Stack","Gash","Metamorphosis","Apotheosis","Panacea","Glacier","Reinforced Body+1"],"relics":["Cracked Core","NeowsBlessing","Pantograph","Potion Belt","Tiny Chest","Pocketwatch","Blue Candle","Cursed Key","The Courier","FossilizedHelix","Bronze Scales","War Paint","Question Card","Sozu","Calipers","Kunai","StoneCalendar","Oddly Smooth Stone","Ginger"],"potions_floor_usage":[27,31,50,50,50],"damage_taken":[{"damage":0,"enemies":"Cultist","floor":1,"turns":1},{"damage":0,"enemies":"3 Sentries","floor":7,"turns":1},{"damage":0,"enemies":"Gremlin Nob","floor":10,"turns":1},{"damage":0,"enemies":"2 Louse","floor":12,"turns":3},{"damage":2,"enemies":"Jaw Worm","floor":14,"turns":2},{"damage":24,"enemies":"Slime Boss","floor":16,"turns":8},{"damage":0,"enemies":"Chosen","floor":18,"turns":4},{"damage":22,"enemies":"Shell Parasite","floor":21,"turns":5},{"damage":8,"enemies":"Snecko","floor":24,"turns":4},{"damage":19,"enemies":"Slavers","floor":27,"turns":4},{"damage":7,"enemies":"Centurion and Healer","floor":29,"turns":4},{"damage":12,"enemies":"Gremlin Leader","floor":31,"turns":3},{"damage":49,"enemies":"Collector","floor":33,"turns":10},{"damage":17,"enemies":"3 Darklings","floor":35,"turns":3},{"damage":0,"enemies":"Orb Walker","floor":37,"turns":2},{"damage":0,"enemies":"Mind Bloom Boss Battle","floor":39,"turns":6},{"damage":11,"enemies":"Nemesis","floor":42,"turns":7},{"damage":19,"enemies":"Spire Growth","floor":44,"turns":5},{"damage":11,"enemies":"Sphere and 2 Shapes","floor":45,"turns":5},{"damage":0,"enemies":"Awakened One","floor":50,"turns":11}],"seed_played":"-8835089698534734204","potions_obtained":[{"floor":1,"key":"LiquidBronze"},{"floor":10,"key":"Energy Potion"},{"floor":18,"key":"SneckoOil"},{"floor":21,"key":"LiquidBronze"},{"floor":24,"key":"Energy Potion"},{"floor":29,"key":"AttackPotion"}],"is_trial":false,"path_per_floor":["M","T","$","?","$","R","E","R","T","E","T","M","R","M","R","B",null,"M","?","T","M","?","R","M","R","T","E","R","M","R","E","R","B",null,"M","$","M","$","?","R","?","E","T","M","M","?","$","$","R","B",null],"character_chosen":"DEFECT","items_purchased":["Multi-Cast","Conserve Battery","Calipers","Kunai","Stack"],"campfire_rested":3,"item_purchase_floors":[3,36,36,36,38],"current_hp_per_floor":[68,68,68,68,68,68,68,68,68,68,68,68,68,66,66,51,69,69,69,69,47,47,69,61,61,61,42,64,57,57,45,45,21,62,45,45,45,45,70,70,60,49,49,30,19,19,19,19,41,66],"gold":92,"neow_bonus":"THREE_ENEMY_KILL","is_prod":false,"is_daily":false,"chose_seed":false,"campfire_upgraded":8,"win_rate":0,"timestamp":1550550156,"path_taken":["M","?","$","?","?","R","E","R","T","E","?","M","R","M","R","BOSS","M","?","?","M","?","R","M","R","T","E","R","M","R","E","R","BOSS","M","$","M","$","?","R","?","E","T","M","M","?","?","$","R","BOSS"],"build_version":"2019-01-23","purchased_purges":2,"victory":true,"max_hp_per_floor":[75,75,75,75,75,75,75,75,75,75,75,75,75,75,75,75,75,75,75,75,75,75,75,75,75,75,75,75,75,75,75,75,75,75,75,75,75,75,75,75,75,75,75,75,75,75,75,75,75,75],"card_choices":[{"not_picked":["Static Discharge","Stack"],"picked":"Rebound","floor":1},{"not_picked":["Ball Lightning","Static Discharge"],"picked":"Sweeping Beam","floor":7},{"not_picked":["Hello World","Aggregate"],"picked":"Coolheaded","floor":10},{"not_picked":["Compile Driver","Streamline"],"picked":"Go for the Eyes","floor":12},{"not_picked":["Tempest","Gash"],"picked":"All For One","floor":14},{"not_picked":["Reboot","Seek"],"picked":"Electrodynamics","floor":16},{"not_picked":["Steam","Cold Snap"],"picked":"FTL","floor":18},{"not_picked":["Double Energy","Genetic Algorithm"],"picked":"Streamline","floor":21},{"not_picked":["Steam","Turbo"],"picked":"Beam Cell","floor":24},{"not_picked":["Barrage+1","Recycle","Turbo"],"picked":"SKIP","floor":27},{"not_picked":["Beam Cell","Stack"],"picked":"Hologram","floor":29},{"not_picked":["Compile Driver","Streamline"],"picked":"Reboot","floor":31},{"not_picked":["Thunder Strike","Biased Cognition","Amplify"],"picked":"Echo Form","floor":33},{"not_picked":["Ball Lightning","Darkness","Barrage"],"picked":"BootSequence","floor":35},{"not_picked":["Beam Cell","Streamline","Go for the Eyes"],"picked":"Leap+1","floor":37},{"not_picked":["Streamline+1","Capacitor+1","Force Field"],"picked":"Gash","floor":39},{"not_picked":["Deep Breath","HandOfGreed","Trip"],"picked":"Metamorphosis","floor":41},{"not_picked":["Mind Blast","Dark Shackles","Metamorphosis"],"picked":"Apotheosis","floor":41},{"not_picked":["Secret Technique","PanicButton","Good Instincts"],"picked":"Panacea","floor":41},{"not_picked":["Echo Form","Gash","Loop+1"],"picked":"Glacier","floor":42},{"not_picked":["Rebound+1","Barrage","Heatsinks"],"picked":"Reinforced Body+1","floor":44},{"not_picked":["Barrage","Fusion+1","Rebound","Skim"],"picked":"SKIP","floor":45}],"player_experience":1235410,"relics_obtained":[{"floor":2,"key":"Pantograph"},{"floor":7,"key":"Potion Belt"},{"floor":9,"key":"Tiny Chest"},{"floor":10,"key":"Pocketwatch"},{"floor":11,"key":"Blue Candle"},{"floor":20,"key":"The Courier"},{"floor":26,"key":"Bronze Scales"},{"floor":27,"key":"War Paint"},{"floor":31,"key":"Question Card"},{"floor":39,"key":"StoneCalendar"},{"floor":42,"key":"Oddly Smooth Stone"},{"floor":43,"key":"Ginger"}],"event_choices":[{"damage_healed":0,"gold_gain":0,"player_choice":"Grow","damage_taken":0,"max_hp_gain":0,"max_hp_loss":0,"event_name":"Living Wall","floor":4,"gold_loss":0,"cards_upgraded":["Zap"]},{"damage_healed":0,"gold_gain":0,"cards_transformed":["Strike_B","Strike_B"],"player_choice":"Became Test Subject","damage_taken":0,"max_hp_gain":0,"max_hp_loss":0,"event_name":"Drug Dealer","floor":19,"gold_loss":0,"cards_obtained":["Doom and Gloom","Tempest"]},{"damage_healed":0,"gold_gain":0,"player_choice":"Opened","damage_taken":0,"relics_obtained":["FossilizedHelix"],"max_hp_gain":0,"max_hp_loss":0,"event_name":"The Mausoleum","floor":22,"gold_loss":0},{"damage_healed":0,"gold_gain":0,"player_choice":"Fight","damage_taken":0,"max_hp_gain":0,"max_hp_loss":0,"event_name":"MindBloom","floor":39,"gold_loss":0},{"damage_healed":0,"gold_gain":0,"player_choice":"Memory 3","damage_taken":10,"max_hp_gain":0,"max_hp_loss":0,"event_name":"SensoryStone","floor":41,"gold_loss":0},{"damage_healed":0,"gold_gain":0,"player_choice":"Ignored","damage_taken":0,"max_hp_gain":0,"max_hp_loss":0,"event_name":"Tomb of Lord Red Mask","floor":46,"gold_loss":0}],"is_beta":false,"boss_relics":[{"not_picked":["Ectoplasm","Pandora\u0027s Box"],"picked":"Cursed Key"},{"not_picked":["Runic Dome","Velvet Choker"],"picked":"Sozu"}],"items_purged_floors":[36,47],"is_endless":false,"potions_floor_spawned":[1,10,18,21,24,29,35,37,45],"ascension_level":12}