{"path_per_floor":["M","?","$","M","M","R","?","?","T","R","$","E","M","T","R","B",null,"M","?","?","M","?","E","M","R","T","M","M","?","$","T","R","B",null,"M","?","M","?","M"],"character_chosen":"IRONCLAD","items_purchased":["Whirlwind","Shrug It Off","Pommel Strike"],"gold_per_floor":[109,109,27,38,57,57,22,46,96,96,21,51,64,111,111,216,216,226,176,91,107,107,137,147,147,223,238,254,254,211,236,236,332,332,350,350,367,367,381],"floor_reached":40,"campfire_rested":2,"playtime":1096,"current_hp_per_floor":[71,64,64,62,68,68,80,80,87,87,84,73,68,68,68,35,72,78,78,78,48,48,40,21,46,46,49,55,39,39,39,64,13,66,22,22,36,36,11],"items_purged":["Parasite"],"gold":381,"score":631,"play_id":"047cdf30-5ad0-41d4-917b-f3f072ece50b","local_time":"20180321001300","is_prod":false,"is_daily":false,"is_ascension_mode":true,"campfire_upgraded":3,"timestamp":1521609180,"path_taken":["M","?","$","M","?","R","?","?","T","R","$","E","?","?","R","BOSS","M","?","?","M","?","E","M","R","T","?","M","?","?","?","R","BOSS","M","?","M","?","M","M"],"build_version":"2018-03-15v3","purchased_purges":2,"victory":false,"master_deck":["Strike_R+1","Strike_R+1","Strike_R+1","Strike_R+1","Strike_R+1","Defend_R+1","Defend_R+1","Defend_R+1","Defend_R+1","Bash+1","Whirlwind+1","Shrug It Off","Thunderclap","Flame Barrier","Whirlwind+1","Inflame+1","Clash","Impervious","Seeing Red+1","Shrug It Off+1","Perfected Strike+1","Seeing Red+1","Pommel Strike","Reaper","Bloodletting+1","Spot Weakness+1"],"max_hp_per_floor":[80,80,80,80,80,80,80,80,87,87,84,84,84,84,84,84,84,84,84,84,84,84,84,84,84,84,84,84,84,84,84,84,84,84,84,84,84,84,84],"relics":["Burning Blood","Art of War","Odd Mushroom","Strawberry","Happy Flower","Omamori","Lizard Tail","Oddly Smooth Stone","Toxic Egg 2","The Courier","Enchiridion","Anchor","Question Card"],"card_choices":[{"not_picked":["Havoc","Armaments"],"picked":"Sword Boomerang"},{"not_picked":["Fire Breathing","Ghostly Armor"],"picked":"Thunderclap"},{"not_picked":["Second Wind","Body Slam"],"picked":"Flame Barrier"},{"not_picked":["Pommel Strike","Headbutt"],"picked":"Whirlwind"},{"not_picked":["Twin Strike","Iron Wave"],"picked":"Inflame"},{"not_picked":["True Grit","Berserk"],"picked":"Clash"},{"not_picked":["Demon Form","Reaper"],"picked":"Impervious"},{"not_picked":["Infernal Blade","Rupture"],"picked":"Seeing Red"},{"not_picked":["Flame Barrier","Rupture"],"picked":"Shrug It Off"},{"not_picked":["Power Through","Clash"],"picked":"Perfected Strike"},{"not_picked":["Thunderclap","Anger"],"picked":"Seeing Red"},{"not_picked":["Barricade","Dark Embrace"],"picked":"Reaper"},{"not_picked":["Infernal Blade","Headbutt","Searing Blow"],"picked":"Bloodletting"},{"not_picked":["Thunderclap","Whirlwind","Pummel"],"picked":"Spot Weakness"}],"player_experience":324482,"potions_floor_usage":[39,39],"damage_taken":[{"damage":7.0,"enemies":"Jaw Worm","floor":1.0,"turns":3.0},{"damage":8.0,"enemies":"2 Louse","floor":4.0,"turns":3.0},{"damage":0.0,"enemies":"Cultist","floor":5.0,"turns":3.0},{"damage":0.0,"enemies":"The Mushroom Lair","floor":8.0,"turns":1.0},{"damage":17.0,"enemies":"3 Sentries","floor":12.0,"turns":3.0},{"damage":11.0,"enemies":"Looter","floor":13.0,"turns":4.0},{"damage":39.0,"enemies":"Slime Boss","floor":16.0,"turns":6.0},{"damage":0.0,"enemies":"3 Byrds","floor":18.0,"turns":2.0},{"damage":36.0,"enemies":"Centurion and Healer","floor":21.0,"turns":5.0},{"damage":14.0,"enemies":"Book of Stabbing","floor":23.0,"turns":5.0},{"damage":25.0,"enemies":"Slaver and Parasite","floor":24.0,"turns":6.0},{"damage":3.0,"enemies":"Snake Plant","floor":27.0,"turns":3.0},{"damage":0.0,"enemies":"Snecko","floor":28.0,"turns":2.0},{"damage":99.0,"enemies":"Collector","floor":33.0,"turns":11.0},{"damage":50.0,"enemies":"3 Shapes","floor":35.0,"turns":7.0},{"damage":13.0,"enemies":"3 Darklings","floor":37.0,"turns":3.0},{"damage":31,"enemies":"Maw","floor":39,"turns":9},{"damage":16,"enemies":"Sphere and 2 Shapes","floor":40,"turns":4}],"event_choices":[{"event_name":"Scrap Ooze","player_choice":"success","floor":2.0,"damage_taken":7.0},{"event_name":"The Cleric","player_choice":"Healed","floor":7.0,"damage_taken":0.0},{"event_name":"Mushrooms","player_choice":"Fought Mushrooms","floor":8.0,"damage_taken":0.0},{"event_name":"The Joust","player_choice":"Bet on Murderer","floor":19.0,"damage_taken":0.0},{"event_name":"Addict","player_choice":"Obtained Relic","floor":20.0,"damage_taken":0.0},{"event_name":"Back to Basics","player_choice":"Simplicity","floor":22.0,"damage_taken":0.0},{"event_name":"Cursed Tome","player_choice":"Obtained Book","floor":29.0,"damage_taken":0.0},{"event_name":"Purifier","player_choice":"One Purge","floor":36.0,"damage_taken":0.0},{"event_name":"Mysterious Sphere","player_choice":"Ignore","floor":38.0,"damage_taken":0.0}],"boss_relics":[],"potions_floor_spawned":[5,8,23,24,33,37],"seed_played":"929616581216731689","killed_by":"Sphere and 2 Shapes","ascension_level":10,"is_trial":false}