{"gold_per_floor":[14,14,14,14,28,56,56,56,79,105,116,41,41,61,61,160,160,176,176,189,189,202,202,202],"floor_reached":24,"playtime":906,"items_purged":["Strike_R"],"score":214,"play_id":"1c3d011d-a52a-4499-badb-87e41b2432de","local_time":"20190302222323","is_ascension_mode":true,"campfire_choices":[{"data":"1","floor":7,"key":"LIFT"},{"floor":13,"key":"REST"},{"data":"2","floor":15,"key":"LIFT"},{"data":"Metallicize","floor":23,"key":"SMITH"}],"neow_cost":"NO_GOLD","seed_source_timestamp":92907205804205,"circlet_count":0,"master_deck":["Strike_R","Strike_R","Strike_R","Defend_R","Defend_R","Defend_R","Defend_R","Bash","Rampage","Shrug It Off","Berserk","Uppercut","Thunderclap","Brutality","Intimidate","Body Slam+1","Metallicize+1"],"relics":["Black Blood","Girya","Shuriken","Bag of Preparation","Omamori","Blood Vial","Bronze Scales"],"potions_floor_usage":[10,14,16,20,21,24],"damage_taken":[{"damage":1,"enemies":"Cultist","floor":1,"turns":3},{"damage":4,"enemies":"2 Louse","floor":5,"turns":3},{"damage":14,"enemies":"Gremlin Nob","floor":6,"turns":4},{"damage":29,"enemies":"3 Sentries","floor":10,"turns":9},{"damage":1,"enemies":"Jaw Worm","floor":11,"turns":3},{"damage":1,"enemies":"Exordium Wildlife","floor":14,"turns":3},{"damage":39,"enemies":"Hexaghost","floor":16,"turns":9},{"damage":1,"enemies":"Chosen","floor":18,"turns":4},{"damage":35,"enemies":"Spheric Guardian","floor":20,"turns":5},{"damage":20,"enemies":"Colosseum Slavers","floor":21,"turns":4},{"damage":13,"enemies":"Snake Plant","floor":22,"turns":4},{"damage":56,"enemies":"Slavers","floor":24,"turns":5}],"seed_played":"-6959785729096284996","potions_obtained":[{"floor":1,"key":"Energy Potion"},{"floor":5,"key":"LiquidBronze"},{"floor":10,"key":"Fire Potion"},{"floor":18,"key":"Fire Potion"},{"floor":19,"key":"PowerPotion"},{"floor":19,"key":"FearPotion"},{"floor":20,"key":"LiquidBronze"}],"is_trial":false,"path_per_floor":["M","T","?","$","M","E","R","?","T","E","M","$","R","M","R","B",null,"M","?","M","?","M","R","E"],"character_chosen":"IRONCLAD","items_purchased":[],"campfire_rested":1,"item_purchase_floors":[],"current_hp_per_floor":[80,80,68,68,70,62,62,62,62,41,48,48,72,79,79,47,80,80,80,55,47,46,46,0],"gold":202,"neow_bonus":"ONE_RARE_RELIC","is_prod":false,"is_daily":false,"chose_seed":false,"campfire_upgraded":1,"win_rate":0,"timestamp":1551536603,"path_taken":["M","?","?","?","?","E","R","?","T","E","?","$","R","M","R","BOSS","M","?","?","?","M","R","E"],"build_version":"2019-01-23","purchased_purges":1,"victory":false,"max_hp_per_floor":[80,80,80,80,80,80,80,80,80,80,80,80,80,80,80,80,80,80,80,80,80,80,80,80],"card_choices":[{"not_picked":["Heavy Blade","True Grit"],"picked":"Rampage","floor":1},{"not_picked":["True Grit","Clothesline"],"picked":"Shrug It Off","floor":5},{"not_picked":["Sever Soul","True Grit"],"picked":"Berserk","floor":6},{"not_picked":["Thunderclap","Wild Strike"],"picked":"Uppercut","floor":10},{"not_picked":["Heavy Blade","Bloodletting","Clash"],"picked":"SKIP","floor":11},{"not_picked":["Wild Strike","Power Through"],"picked":"Thunderclap","floor":14},{"not_picked":["Exhume","Reaper"],"picked":"Brutality","floor":16},{"not_picked":["Anger","Clash"],"picked":"Intimidate","floor":18},{"not_picked":["Warcry+1","Entrench"],"picked":"Body Slam+1","floor":20},{"not_picked":["Headbutt","True Grit"],"picked":"Metallicize","floor":22}],"player_experience":308642,"relics_obtained":[{"floor":2,"key":"Shuriken"},{"floor":6,"key":"Omamori"},{"floor":9,"key":"Blood Vial"},{"floor":10,"key":"Bronze Scales"}],"event_choices":[{"damage_healed":0,"gold_gain":0,"player_choice":"Success","damage_taken":12,"relics_obtained":["Bag of Preparation"],"max_hp_gain":0,"max_hp_loss":0,"event_name":"Scrap Ooze","floor":3,"gold_loss":0},{"cards_removed":["Strike_R"],"damage_healed":0,"gold_gain":0,"player_choice":"Purged","damage_taken":0,"max_hp_gain":0,"max_hp_loss":0,"event_name":"Purifier","floor":8,"gold_loss":0},{"damage_healed":0,"gold_gain":0,"player_choice":"Got Potions","damage_taken":0,"max_hp_gain":0,"max_hp_loss":0,"event_name":"Lab","floor":19,"gold_loss":0},{"damage_healed":0,"gold_gain":0,"player_choice":"Fight","damage_taken":0,"max_hp_gain":0,"max_hp_loss":0,"event_name":"Colosseum","floor":21,"gold_loss":0},{"damage_healed":0,"gold_gain":0,"player_choice":"Fled From Nobs","damage_taken":0,"max_hp_gain":0,"max_hp_loss":0,"event_name":"Colosseum","floor":21,"gold_loss":0}],"is_beta":false,"boss_relics":[{"not_picked":["Coffee Dripper","Lizard Tail"],"picked":"Black Blood"}],"items_purged_floors":[12],"is_endless":false,"potions_floor_spawned":[1,5,10,18,20,21],"killed_by":"Slavers","ascension_level":1}