{"gold_per_floor":[116,116,116,130,151,186,186,201,228,30,30],"floor_reached":11,"playtime":450,"items_purged":["Pain"],"score":77,"play_id":"4936732e-ecda-4ebe-b96f-d32d6aa08b46","local_time":"20181128093921","is_ascension_mode":true,"campfire_choices":[{"floor":7,"key":"REST"}],"neow_cost":"NONE","seed_source_timestamp":387379468394700,"circlet_count":0,"master_deck":["Strike_B","Strike_B","Strike_B","Defend_B","Defend_B","Defend_B","Defend_B","Zap","Dualcast","Static Discharge","White Noise","Ball Lightning","Static Discharge","Conserve Battery","Conserve Battery"],"relics":["Cracked Core","Golden Idol","WarpedTongs","Smiling Mask","Anchor","Bag of Marbles"],"potions_floor_usage":[],"damage_taken":[{"damage":1,"enemies":"Jaw Worm","floor":1,"turns":3},{"damage":10,"enemies":"Cultist","floor":4,"turns":4},{"damage":13,"enemies":"Small Slimes","floor":5,"turns":2},{"damage":22,"enemies":"3 Sentries","floor":6,"turns":4},{"damage":14,"enemies":"Exordium Wildlife","floor":8,"turns":4},{"damage":31,"enemies":"Gremlin Nob","floor":11,"turns":3}],"seed_played":"3246211459479765268","potions_obtained":[{"floor":1,"key":"FearPotion"},{"floor":4,"key":"Weak Potion"},{"floor":5,"key":"SteroidPotion"}],"is_trial":false,"path_per_floor":["M","?","?","M","M","E","R","M","T","$","E"],"character_chosen":"DEFECT","items_purchased":["Bag of Marbles"],"campfire_rested":1,"item_purchase_floors":[10],"current_hp_per_floor":[74,69,69,59,46,24,44,30,30,30,0],"gold":30,"neow_bonus":"TRANSFORM_CARD","is_prod":false,"is_daily":false,"chose_seed":false,"campfire_upgraded":0,"win_rate":0,"timestamp":1543415961,"path_taken":["M","?","?","M","M","E","R","M","T","$","E"],"build_version":"2018-11-15","purchased_purges":1,"victory":false,"max_hp_per_floor":[75,69,69,69,69,69,69,69,69,69,69],"card_choices":[{"not_picked":["Stack","Rebound"],"picked":"White Noise","floor":1},{"not_picked":["Self Repair","Reprogram"],"picked":"Ball Lightning","floor":4},{"not_picked":["Barrage","Cold Snap"],"picked":"Static Discharge","floor":5},{"not_picked":["Beam Cell","Genetic Algorithm"],"picked":"Conserve Battery","floor":6},{"not_picked":["Scrape","Rebound"],"picked":"Conserve Battery","floor":8}],"player_experience":182219,"relics_obtained":[{"floor":6,"key":"Smiling Mask"},{"floor":9,"key":"Anchor"}],"event_choices":[{"damage_healed":0,"gold_gain":0,"player_choice":"Lose Max HP","damage_taken":0,"relics_obtained":["Golden Idol"],"max_hp_gain":0,"max_hp_loss":6,"event_name":"Golden Idol","floor":2,"gold_loss":0},{"damage_healed":0,"gold_gain":0,"player_choice":"Rummage","damage_taken":0,"relics_obtained":["WarpedTongs"],"max_hp_gain":0,"max_hp_loss":0,"event_name":"Accursed Blacksmith","floor":3,"gold_loss":0,"cards_obtained":["Pain"]}],"is_beta":false,"boss_relics":[],"items_purged_floors":[10],"is_endless":false,"potions_floor_spawned":[1,4,5],"killed_by":"Gremlin Nob","ascension_level":1}