{"gold_per_floor":[14,33,50,66,78,10,10,21,47,21,21,33,47,1,1,96,96,109,40,40,54,81,81,6,6,31,50,50,67,83,83,83,83],"floor_reached":33,"playtime":2159,"items_purged":["Strike_R"],"score":268,"play_id":"2fd4682c-6b5a-442e-be86-0f684e52ef2d","local_time":"20181025001521","is_ascension_mode":false,"campfire_choices":[{"data":"Body Slam","floor":7,"key":"SMITH"},{"data":"Shrug It Off","floor":11,"key":"SMITH"},{"floor":15,"key":"REST"},{"floor":23,"key":"REST"},{"data":"Body Slam","floor":25,"key":"SMITH"},{"floor":28,"key":"REST"},{"floor":32,"key":"REST"}],"neow_cost":"NO_GOLD","seed_source_timestamp":1283382622531646,"circlet_count":0,"master_deck":["Strike_R","Defend_R","Defend_R","Defend_R","Defend_R","Bash","Demon Form","Spot Weakness","Battle Trance","Body Slam+1","Metallicize","Body Slam","Shrug It Off+1","Flame Barrier","Body Slam","Brutality+1","Reckless Charge+1","Rupture+1","Body Slam+1","True Grit","Disarm","Shrug It Off","Feed"],"relics":["Burning Blood","Boot","Astrolabe","Red Mask","Pen Nib"],"potions_floor_usage":[16,29,31,33],"damage_taken":[{"damage":6,"enemies":"Cultist","floor":1,"turns":4},{"damage":5,"enemies":"Small Slimes","floor":2,"turns":4},{"damage":0,"enemies":"Jaw Worm","floor":3,"turns":6},{"damage":0,"enemies":"3 Louse","floor":4,"turns":5},{"damage":38,"enemies":"Large Slime","floor":5,"turns":7},{"damage":15,"enemies":"2 Fungi Beasts","floor":8,"turns":5},{"damage":21,"enemies":"Gremlin Gang","floor":12,"turns":5},{"damage":9,"enemies":"Blue Slaver","floor":13,"turns":4},{"damage":31,"enemies":"The Guardian","floor":16,"turns":14},{"damage":11,"enemies":"Spheric Guardian","floor":18,"turns":4},{"damage":12,"enemies":"Chosen","floor":21,"turns":6},{"damage":60,"enemies":"Masked Bandits","floor":22,"turns":7},{"damage":18,"enemies":"Centurion and Healer","floor":27,"turns":10},{"damage":16,"enemies":"3 Cultists","floor":29,"turns":7},{"damage":25,"enemies":"Snecko","floor":30,"turns":7},{"damage":0,"enemies":"Centurion and Healer","floor":31,"turns":1},{"damage":79,"enemies":"Champ","floor":33,"turns":12}],"seed_played":"4017008276001125360","potions_obtained":[{"floor":2,"key":"Energy Potion"},{"floor":4,"key":"Fire Potion"},{"floor":12,"key":"SmokeBomb"},{"floor":22,"key":"EssenceOfSteel"},{"floor":27,"key":"Dexterity Potion"}],"is_trial":false,"path_per_floor":["M","M","M","M","M","$","R","M","T","$","R","M","M","$","R","B",null,"M","$","?","M","?","R","$","R","T","M","R","M","M","M","R"],"character_chosen":"IRONCLAD","items_purchased":["Metallicize","Shrug It Off","Body Slam","Body Slam","True Grit"],"campfire_rested":4,"item_purchase_floors":[6,10,14,19,19],"current_hp_per_floor":[80,80,80,80,48,48,48,39,39,39,39,24,21,21,45,20,80,75,75,90,84,30,57,57,57,57,45,72,62,43,49,76,0],"gold":83,"neow_bonus":"THREE_RARE_CARDS","is_prod":false,"is_daily":false,"chose_seed":false,"campfire_upgraded":3,"win_rate":0,"timestamp":1540440921,"path_taken":["M","M","?","M","M","$","R","M","T","?","R","M","M","$","R","BOSS","M","$","?","?","?","R","$","R","T","M","R","?","M","M","R","BOSS"],"build_version":"2018-10-18","purchased_purges":1,"victory":false,"max_hp_per_floor":[80,80,80,80,80,80,80,80,80,80,80,80,80,80,80,80,80,80,80,90,90,90,90,90,90,90,90,90,90,90,90,90,90],"card_choices":[{"not_picked":["Dark Embrace","Offering"],"picked":"Demon Form","floor":0},{"not_picked":["Headbutt","Power Through"],"picked":"Spot Weakness","floor":1},{"not_picked":["Warcry","Sentinel"],"picked":"Battle Trance","floor":2},{"not_picked":["Pommel Strike","Perfected Strike"],"picked":"Body Slam","floor":3},{"not_picked":["Twin Strike","Headbutt","Wild Strike"],"picked":"SKIP","floor":4},{"not_picked":["Flex","Dark Embrace","Intimidate"],"picked":"SKIP","floor":5},{"not_picked":["Intimidate","Sentinel"],"picked":"Body Slam","floor":8},{"not_picked":["Dropkick","Warcry"],"picked":"Flame Barrier","floor":12},{"not_picked":["Sentinel","Pommel Strike","Clothesline"],"picked":"SKIP","floor":13},{"not_picked":["Anger","Fire Breathing"],"picked":"Rupture+1","floor":18},{"not_picked":["Shockwave","Rupture","Sever Soul+1"],"picked":"SKIP","floor":21},{"not_picked":["Dropkick+1","Cleave+1"],"picked":"Disarm","floor":22},{"not_picked":["Sever Soul+1","Wild Strike","Perfected Strike"],"picked":"SKIP","floor":27},{"not_picked":["True Grit","Flex+1"],"picked":"Shrug It Off","floor":29},{"not_picked":["Corruption","Anger"],"picked":"Feed","floor":30}],"player_experience":681903,"relics_obtained":[{"floor":9,"key":"Boot"},{"floor":22,"key":"Red Mask"},{"floor":26,"key":"Pen Nib"}],"event_choices":[{"cards_removed":["Fiend Fire"],"damage_healed":5,"gold_gain":0,"player_choice":"Offered Rare","damage_taken":0,"max_hp_gain":10,"max_hp_loss":0,"event_name":"Bonfire Elementals","floor":20,"gold_loss":0},{"damage_healed":0,"gold_gain":0,"player_choice":"Fought Bandits","damage_taken":0,"max_hp_gain":0,"max_hp_loss":0,"event_name":"Masked Bandits","floor":22,"gold_loss":0}],"is_beta":false,"boss_relics":[{"not_picked":["Snecko Eye","Runic Pyramid"],"picked":"Astrolabe"}],"items_purged_floors":[24],"is_endless":false,"potions_floor_spawned":[2,4,12,22,27],"killed_by":"Champ","ascension_level":0}