{"gold_per_floor":[112,126,2,2,2,2,21,21,21,40,40,58,82,82,82,201,201,219,242,255,268,268],"floor_reached":22,"playtime":1191,"items_purged":["Strike_R"],"score":187,"play_id":"65081632-7736-4887-b038-60df955af0f7","local_time":"20181101011939","is_ascension_mode":true,"campfire_choices":[{"data":"Sword Boomerang","floor":6,"key":"SMITH"},{"data":"Bash","floor":8,"key":"SMITH"},{"data":"Shrug It Off","floor":15,"key":"SMITH"}],"neow_cost":"PERCENT_DAMAGE","seed_source_timestamp":1893011475136499,"circlet_count":0,"master_deck":["Strike_R","Strike_R","Strike_R","Strike_R","Defend_R+1","Defend_R","Defend_R","Defend_R","Bash+1","Offering","Heavy Blade+1","Sword Boomerang+1","Shrug It Off+1","Decay","Battle Trance","Armaments","Cleave","Feed","Metallicize","Flex"],"relics":["Black Blood","Golden Idol","Meat on the Bone","Art of War"],"potions_floor_usage":[12,16,21,22],"damage_taken":[{"damage":4,"enemies":"2 Louse","floor":1,"turns":4},{"damage":6,"enemies":"Cultist","floor":2,"turns":2},{"damage":6,"enemies":"Jaw Worm","floor":7,"turns":3},{"damage":6,"enemies":"Blue Slaver","floor":10,"turns":2},{"damage":6,"enemies":"3 Louse","floor":12,"turns":3},{"damage":12,"enemies":"Looter","floor":13,"turns":3},{"damage":41,"enemies":"Slime Boss","floor":16,"turns":11},{"damage":29,"enemies":"Shell Parasite","floor":18,"turns":7},{"damage":34,"enemies":"2 Thieves","floor":20,"turns":4},{"damage":43,"enemies":"Centurion and Healer","floor":21,"turns":15},{"damage":41,"enemies":"Snake Plant","floor":22,"turns":4}],"seed_played":"-7068369452168062066","potions_obtained":[{"floor":1,"key":"SkillPotion"},{"floor":7,"key":"Explosive Potion"},{"floor":16,"key":"Weak Potion"},{"floor":18,"key":"LiquidBronze"}],"is_trial":false,"path_per_floor":["M","M","$","?","?","R","M","R","T","M","?","M","M","?","R","B",null,"M","T","M","M"],"character_chosen":"IRONCLAD","items_purchased":["Shrug It Off"],"campfire_rested":0,"item_purchase_floors":[3],"current_hp_per_floor":[58,58,58,58,38,38,38,38,38,50,34,46,52,52,52,29,80,65,65,56,39,0],"gold":268,"neow_bonus":"THREE_RARE_CARDS","is_prod":false,"is_daily":false,"chose_seed":false,"campfire_upgraded":3,"win_rate":0,"timestamp":1541049579,"path_taken":["M","M","$","?","?","R","M","R","T","M","?","M","M","?","R","BOSS","M","?","M","M","?"],"build_version":"2018-10-25v2","purchased_purges":1,"victory":false,"max_hp_per_floor":[80,80,80,80,80,80,80,80,80,80,80,80,80,80,80,80,80,84,84,87,91,91],"card_choices":[{"not_picked":["Brutality","Immolate"],"picked":"Offering","floor":0},{"not_picked":["Battle Trance","Havoc"],"picked":"Heavy Blade","floor":1},{"not_picked":["Iron Wave","Armaments"],"picked":"Sword Boomerang","floor":2},{"not_picked":["Brutality","Clothesline","Iron Wave"],"picked":"SKIP","floor":7},{"not_picked":["Pommel Strike","Reckless Charge"],"picked":"Battle Trance","floor":10},{"not_picked":["Bloodletting","Pommel Strike"],"picked":"Armaments","floor":12},{"not_picked":["Uppercut","Perfected Strike"],"picked":"Cleave","floor":13},{"not_picked":["Offering","Double Tap"],"picked":"Feed","floor":16},{"not_picked":["Body Slam+1","Uppercut+1"],"picked":"Metallicize","floor":18},{"not_picked":["Pommel Strike","Perfected Strike+1","Second Wind+1"],"picked":"SKIP","floor":20},{"not_picked":["Headbutt","Sword Boomerang+1"],"picked":"Flex","floor":21}],"player_experience":719750,"relics_obtained":[{"floor":9,"key":"Meat on the Bone"},{"floor":19,"key":"Art of War"}],"event_choices":[{"damage_healed":0,"gold_gain":0,"player_choice":"Cursed","damage_taken":0,"max_hp_gain":0,"max_hp_loss":0,"event_name":"Wheel of Change","floor":4,"gold_loss":0,"cards_obtained":["Decay"]},{"damage_healed":0,"gold_gain":0,"player_choice":"Take Damage","damage_taken":20,"relics_obtained":["Golden Idol"],"max_hp_gain":0,"max_hp_loss":0,"event_name":"Golden Idol","floor":5,"gold_loss":0},{"damage_healed":0,"gold_gain":0,"player_choice":"Entered Light","damage_taken":16,"max_hp_gain":0,"max_hp_loss":0,"event_name":"Shining Light","floor":11,"gold_loss":0,"cards_upgraded":["Defend_R","Heavy Blade"]},{"damage_healed":0,"gold_gain":30,"player_choice":"Searched \u00272\u0027 times","damage_taken":0,"max_hp_gain":0,"max_hp_loss":0,"event_name":"Dead Adventurer","floor":14,"gold_loss":0}],"is_beta":false,"boss_relics":[{"not_picked":["White Beast Statue","Black Star"],"picked":"Black Blood"}],"items_purged_floors":[3],"is_endless":false,"potions_floor_spawned":[1,7,16,18],"killed_by":"Snake Plant","ascension_level":1}