{"path_per_floor":["M","?","T","?","M","E","M","M","T","R","M","M","$","M","R","B",null,"M","?","M","$","?","R","E","R","T","R","M","M","E","M","R","B",null,"M","?","M","M","M","R","$","M","T","R","$","R","?","?","R","B"],"character_chosen":"THE_SILENT","items_purchased":["Bottled Tornado","Footwork","Noxious Fumes","Happy Flower","Accuracy","Mummified Hand"],"gold_per_floor":[109,109,156,231,250,277,293,303,379,379,349,360,40,60,60,165,165,177,177,188,8,8,8,39,39,90,90,103,113,147,167,167,265,265,278,278,295,311,330,330,6,18,18,18,18,18,18,18,18,18],"floor_reached":51,"campfire_rested":5,"playtime":4454,"current_hp_per_floor":[70,70,70,59,59,59,58,46,46,67,62,49,49,47,68,19,70,70,70,65,65,52,52,19,41,41,63,63,60,48,35,57,28,75,71,71,71,62,59,73,73,65,65,75,75,75,66,66,75,49],"items_purged":[],"gold":18,"score":564,"play_id":"2337575e-2c78-4c64-8c03-1b34adc8d40c","is_prod":false,"is_daily":false,"is_ascension_mode":false,"campfire_upgraded":5,"path_taken":["M","?","?","?","M","E","M","M","T","R","M","M","$","?","R","BOSS","M","?","?","$","?","R","E","R","T","R","?","M","E","M","R","BOSS","M","?","M","M","M","R","$","M","T","R","$","R","?","?","R","BOSS"],"build_version":"2018-02-15-PROD1","purchased_purges":0,"victory":true,"master_deck":["Defend_G","Defend_G","Defend_G","Defend_G","Defend_G","Strike_G","Strike_G+1","Strike_G+1","Survivor","Neutralize","Backflip","Infinite Blades","Bullet Time","PiercingWail","Footwork+1","Cloak And Dagger+1","Backflip","Footwork+1","Cloak And Dagger+1","Bullet Time","Deadly Poison","Cloak And Dagger","Deadly Poison","Noxious Fumes+1","Cloak And Dagger","Parasite","Deadly Poison","Cloak And Dagger","Leg Sweep+1","Backflip+1","A Thousand Cuts+1","Cloak And Dagger","Footwork+1","Dash","Backflip+1","Accuracy+1","Caltrops+1","Madness","Madness"],"max_hp_per_floor":[70,70,70,70,70,70,70,70,70,70,70,70,70,70,70,70,70,70,70,70,70,75,75,75,75,75,75,75,75,75,75,75,75,75,75,75,75,75,75,75,75,75,75,75,75,75,75,75,75,75],"relics":["Ring of the Snake","NeowsBlessing","Oddly Smooth Stone","Orichalcum","Tiny Chest","Bottled Tornado","Cursed Key","Happy Flower","Lantern","Whetstone","Frozen Egg 2","Eternal Feather","Mummified Hand","Dream Catcher"],"card_choices":[{"not_picked":["Flying Knee","Bane"],"picked":"Backflip"},{"not_picked":["Concentrate","Leg Sweep"],"picked":"Infinite Blades"},{"not_picked":["Bane","Eviscerate"],"picked":"Bullet Time"},{"not_picked":["Dagger Throw","Backflip"],"picked":"PiercingWail"},{"not_picked":["Sucker Punch","Malaise"],"picked":"Footwork"},{"not_picked":["Riddle With Holes","Acrobatics"],"picked":"Cloak And Dagger"},{"not_picked":["Concentrate","Outmaneuver"],"picked":"Backflip"},{"not_picked":["Caltrops","Acrobatics"],"picked":"Cloak And Dagger"},{"not_picked":["Grand Finale","Corpse Explosion"],"picked":"Bullet Time"},{"not_picked":["Backflip","Dagger Throw"],"picked":"Deadly Poison"},{"not_picked":["Setup","Sucker Punch"],"picked":"Deadly Poison"},{"not_picked":["Sucker Punch","Crippling Poison"],"picked":"Cloak And Dagger"},{"not_picked":["Dash","Escape Plan"],"picked":"Deadly Poison"},{"not_picked":["Dagger Spray","Flying Knee"],"picked":"Cloak And Dagger"},{"not_picked":["Flying Knee","Glass Knife"],"picked":"Leg Sweep"},{"not_picked":["Outmaneuver","Underhanded Strike"],"picked":"Backflip"},{"not_picked":["Phantasmal Killer","Glass Knife"],"picked":"A Thousand Cuts"},{"not_picked":["Deadly Poison","Slice"],"picked":"Cloak And Dagger"},{"not_picked":["All Out Attack","Distraction"],"picked":"Footwork"},{"not_picked":["Quick Slash","Flechettes"],"picked":"Dash"},{"not_picked":["Crippling Poison","Quick Slash"],"picked":"Backflip"},{"not_picked":["Deadly Poison","Backflip"],"picked":"Caltrops"}],"player_experience":129094,"potions_floor_usage":[29,33,50,50,50],"damage_taken":[{"damage":0,"enemies":"Cultist","floor":1,"turns":1},{"damage":0,"enemies":"Small Slimes","floor":5,"turns":1},{"damage":0,"enemies":"3 Sentries","floor":6,"turns":1},{"damage":1,"enemies":"Jaw Worm","floor":7,"turns":6},{"damage":12,"enemies":"Large Slime","floor":8,"turns":11},{"damage":5,"enemies":"Looter","floor":11,"turns":4},{"damage":13,"enemies":"Gremlin Gang","floor":12,"turns":8},{"damage":2,"enemies":"3 Louse","floor":14,"turns":6},{"damage":49,"enemies":"The Guardian","floor":16,"turns":23},{"damage":0,"enemies":"3 Byrds","floor":18,"turns":9},{"damage":5,"enemies":"Spheric Guardian","floor":20,"turns":9},{"damage":33,"enemies":"Slavers","floor":24,"turns":8},{"damage":0,"enemies":"Centurion and Healer","floor":28,"turns":10},{"damage":3,"enemies":"Chosen and Byrds","floor":29,"turns":7},{"damage":12,"enemies":"Gremlin Leader","floor":30,"turns":8},{"damage":13,"enemies":"3 Cultists","floor":31,"turns":8},{"damage":29,"enemies":"Champ","floor":33,"turns":16},{"damage":4,"enemies":"3 Darklings","floor":35,"turns":5},{"damage":0,"enemies":"3 Shapes","floor":37,"turns":3},{"damage":9,"enemies":"3 Darklings","floor":38,"turns":4},{"damage":3,"enemies":"Sphere and 2 Shapes","floor":39,"turns":6},{"damage":8,"enemies":"Maw","floor":42,"turns":9},{"damage":26,"enemies":"Time Eater","floor":50,"turns":12}],"event_choices":[{"event_name":"Purifier","player_choice":"One Purge","floor":2,"damage_taken":0},{"event_name":"World of Goop","player_choice":"Gather Gold","floor":4,"damage_taken":0},{"event_name":"Transmorgrifier","player_choice":"Transform","floor":19,"damage_taken":0},{"event_name":"Forgotten Altar","player_choice":"Shed Blood","floor":22,"damage_taken":0},{"event_name":"Mysterious Sphere","player_choice":"Ignore","floor":36,"damage_taken":0},{"event_name":"Winding Halls","player_choice":"Embrace Madness","floor":47,"damage_taken":0},{"event_name":"Purifier","player_choice":"One Purge","floor":48,"damage_taken":0}],"boss_relics":[{"not_picked":["Astrolabe","Philosopher\u0027s Stone"],"picked":"Cursed Key"},{"not_picked":["Velvet Choker","Pandora\u0027s Box"],"picked":"Eternal Feather"}],"potions_floor_spawned":[5,6,7,12,14,20,28,29,38,39,42],"seed_played":"2012136025954609617","ascension_level":0,"is_trial":false}