{"path_per_floor":["M","M","M","$","M","E","$","E","T","M","R","E","M","M","R","B",null,"M","M","M","$","M","E","R","M","T","?","M","R","M","E","R","B",null,"M","M","T","?","M","E","M","$","T","M","E","T","E","$","R"],"character_chosen":"IRONCLAD","items_purchased":["Metallicize","Metallicize","Rampage","Evolve","Shockwave","Shrug It Off","True Grit","Shockwave","Weak Potion"],"gold_per_floor":[114,131,151,6,21,47,8,38,38,48,48,76,92,104,104,181,181,200,220,231,56,73,98,98,115,115,115,126,126,144,172,172,248,248,268,283,307,307,318,351,369,244,244,255,283,283,315,8,8],"floor_reached":50,"campfire_rested":2,"playtime":7345,"current_hp_per_floor":[63,68,68,65,65,48,48,52,52,58,58,51,53,62,62,37,60,57,61,55,55,41,27,27,30,30,30,29,52,64,84,84,88,88,92,97,97,97,89,76,113,113,113,117,66,66,81,81,116],"items_purged":["Parasite","Strike_R","Perfected Strike"],"gold":8,"score":1033,"play_id":"81b28dae-f447-41bf-8e55-78624a2f3c9d","is_prod":false,"is_daily":false,"is_ascension_mode":true,"campfire_upgraded":1,"path_taken":["M","M","M","?","M","E","?","E","T","?","R","E","M","M","R","BOSS","M","M","M","$","M","E","R","M","T","?","M","R","M","E","R","BOSS","M","M","?","?","?","E","M","$","T","M","E","?","E","$","R","BOSS"],"build_version":"2018-02-14-BETA1","purchased_purges":3,"victory":false,"master_deck":["Bash","Bludgeon","Metallicize+1","Armaments+1","Metallicize","Inflame","Metallicize","Feed","Metallicize+1","Brutality+1","Shrug It Off","True Grit+1","Rampage","Headbutt+1","Reaper","Metallicize+1","Rupture+1","Inflame+1","Inflame+1","Perfected Strike","Shrug It Off","Ghostly Armor","Warcry","Infernal Blade","Dual Wield","Havoc+1","Rupture+1","Juggernaut+1","Iron Wave","Impervious","Evolve+1","Shockwave","Shrug It Off","True Grit","Shockwave"],"max_hp_per_floor":[68,68,68,65,65,65,65,65,65,65,65,65,65,68,68,68,68,68,68,72,72,75,75,75,78,78,78,78,78,82,84,84,88,88,92,97,97,97,102,107,113,113,113,117,117,117,117,117,117],"relics":["Burning Blood","War Paint","Mummified Hand","Girya","Frozen Egg 2","Sozu","Bottled Flame","Torii","Singing Bowl","Pandora\u0027s Box","Bag of Preparation","Prayer Wheel","Charon\u0027s Ashes","Gremlin Horn","Shuriken","The Courier"],"card_choices":[{"not_picked":["Double Tap","Barricade"],"picked":"Bludgeon"},{"not_picked":["Thunderclap","Sword Boomerang"],"picked":"Metallicize"},{"not_picked":["Pummel","Exhume"],"picked":"Armaments"},{"not_picked":["Perfected Strike","Headbutt"],"picked":"Inflame"},{"not_picked":["Pummel","Clash"],"picked":"Seeing Red"},{"not_picked":["Spot Weakness","Havoc"],"picked":"Feed"},{"not_picked":["Rampage","Inflame"],"picked":"Metallicize"},{"not_picked":["Feed","Bludgeon"],"picked":"Brutality"},{"not_picked":["Whirlwind","Clothesline"],"picked":"Shrug It Off"},{"not_picked":["Anger","Havoc"],"picked":"True Grit"},{"not_picked":["Bloodletting","Hemokinesis"],"picked":"Headbutt"},{"not_picked":["Second Wind","Spot Weakness"],"picked":"Reaper"},{"not_picked":["Dual Wield","Shrug It Off"],"picked":"Rupture"},{"not_picked":["Cleave","Bloodletting"],"picked":"Dual Wield"},{"not_picked":["Armaments","Sword Boomerang"],"picked":"Havoc"},{"not_picked":["Clothesline","Perfected Strike"],"picked":"Rupture"},{"not_picked":["Wild Strike","Heavy Blade"],"picked":"Juggernaut"},{"not_picked":["Armaments","Clothesline"],"picked":"Iron Wave"},{"not_picked":["Twin Strike","Power Through"],"picked":"Impervious"}],"player_experience":249046,"potions_floor_usage":[16,16],"damage_taken":[{"damage":11,"enemies":"Blue Slaver","floor":1,"turns":4},{"damage":0,"enemies":"Cultist","floor":2,"turns":3},{"damage":0,"enemies":"Small Slimes","floor":3,"turns":2},{"damage":6,"enemies":"Red Slaver","floor":5,"turns":6},{"damage":23,"enemies":"Gremlin Nob","floor":6,"turns":5},{"damage":2,"enemies":"3 Sentries","floor":8,"turns":10},{"damage":0,"enemies":"2 Fungi Beasts","floor":10,"turns":5},{"damage":13,"enemies":"Gremlin Nob","floor":12,"turns":4},{"damage":4,"enemies":"Looter","floor":13,"turns":3},{"damage":0,"enemies":"Large Slime","floor":14,"turns":7},{"damage":43,"enemies":"Hexaghost","floor":16,"turns":10},{"damage":9,"enemies":"Chosen","floor":18,"turns":3},{"damage":2,"enemies":"Spheric Guardian","floor":19,"turns":3},{"damage":16,"enemies":"Centurion and Healer","floor":20,"turns":7},{"damage":23,"enemies":"Slaver and Parasite","floor":22,"turns":5},{"damage":20,"enemies":"Book of Stabbing","floor":23,"turns":6},{"damage":6,"enemies":"Sentry and Sphere","floor":25,"turns":7},{"damage":20,"enemies":"Cultist and Chosen","floor":28,"turns":7},{"damage":6,"enemies":"Snecko","floor":30,"turns":6},{"damage":21,"enemies":"Gremlin Leader","floor":31,"turns":7},{"damage":60,"enemies":"Collector","floor":33,"turns":17},{"damage":22,"enemies":"3 Darklings","floor":35,"turns":7},{"damage":15,"enemies":"Flame Bruiser 1 Orb","floor":36,"turns":6},{"damage":49,"enemies":"4 Shapes","floor":39,"turns":9},{"damage":37,"enemies":"Nemesis","floor":40,"turns":7},{"damage":31,"enemies":"Spire Growth","floor":41,"turns":10},{"damage":3,"enemies":"Flame Bruiser 2 Orb","floor":44,"turns":4},{"damage":92,"enemies":"2 Orb Walkers","floor":45,"turns":6},{"damage":7,"enemies":"Nemesis","floor":47,"turns":5},{"damage":166,"enemies":"Awakened One","floor":50,"turns":5}],"event_choices":[{"event_name":"Duplicator","player_choice":"One dupe","floor":27,"damage_taken":0}],"boss_relics":[{"not_picked":["Question Card","Orrery"],"picked":"Sozu"},{"not_picked":["Velvet Choker","Mark of Pain"],"picked":"Pandora\u0027s Box"}],"potions_floor_spawned":[6,8,13,16,18,23,25,30,33,35,36,39,45],"seed_played":"-1604970947665737370","killed_by":"Awakened One","ascension_level":14,"is_trial":false}