{"gold_per_floor":[115,79,59,75,87,117,117,131,131,177,199,268,314,344,356,465,477,504,31,31,31,31,31,61,79,127,127,19,45,144,173,173,269,269,289,33,44,58,73,73,98,98,98,98,143,178,178,206,206,206],"floor_reached":50,"playtime":4605,"items_purged":["Grand Finale+1"],"score":931,"play_id":"8f5d7baa-aed7-4e94-86ec-dd2023ad3273","local_time":"20181226031020","is_ascension_mode":true,"campfire_choices":[{"floor":7.0,"key":"REST"},{"floor":15.0,"key":"REST"},{"floor":23.0,"key":"REST"},{"floor":27.0,"key":"REST"},{"data":"Crippling Poison","floor":32.0,"key":"SMITH"},{"floor":40.0,"key":"REST"},{"floor":42.0,"key":"REST"},{"floor":44.0,"key":"REST"},{"floor":49.0,"key":"REST"}],"neow_cost":"NONE","seed_source_timestamp":100109154674489,"circlet_count":0,"master_deck":["Survivor","Neutralize","Heel Hook","Crippling Poison+1","Masterful Stab","Prepared","Deadly Poison","Backflip","Finisher+1","Riddle With Holes+1","Cloak And Dagger","Dagger Spray+1","Die Die Die+1","Footwork","Night Terror","Crippling Poison","Flying Knee+1","Wraith Form v2","Flechettes+1","Corpse Explosion","Infinite Blades","Burst","Catalyst+1","Dramatic Entrance+1","Noxious Fumes","Leg Sweep","Blade Dance+1","Backstab+1","Unload+1","Escape Plan+1","Escape Plan","Adrenaline","Backstab+1","Thinking Ahead"],"special_seed":0,"relics":["Ring of the Snake","NeowsBlessing","Omamori","MawBank","Molten Egg 2","Pantograph","Pandora\u0027s Box","Kunai","Happy Flower","MutagenicStrength","Singing Bowl","Bronze Scales","Regal Pillow","Anchor","Sundial","Philosopher\u0027s Stone","Vajra","Dream Catcher","Pen Nib","Tough Bandages","Potion Belt","Meat on the Bone"],"potions_floor_usage":[50,50,50],"damage_taken":[{"damage":0.0,"enemies":"Small Slimes","floor":1.0,"turns":1.0},{"damage":0.0,"enemies":"Cultist","floor":4.0,"turns":1.0},{"damage":0.0,"enemies":"Jaw Worm","floor":5.0,"turns":1.0},{"damage":21.0,"enemies":"Lagavulin","floor":6.0,"turns":6.0},{"damage":12.0,"enemies":"Exordium Wildlife","floor":8.0,"turns":4.0},{"damage":14.0,"enemies":"Gremlin Nob","floor":10.0,"turns":4.0},{"damage":1.0,"enemies":"Blue Slaver","floor":11.0,"turns":5.0},{"damage":13.0,"enemies":"3 Sentries","floor":13.0,"turns":7.0},{"damage":0.0,"enemies":"3 Louse","floor":14.0,"turns":2.0},{"damage":34.0,"enemies":"The Guardian","floor":16.0,"turns":13.0},{"damage":19.0,"enemies":"Shell Parasite","floor":18.0,"turns":5.0},{"damage":30.0,"enemies":"Slavers","floor":24.0,"turns":6.0},{"damage":4.0,"enemies":"Chosen","floor":25.0,"turns":4.0},{"damage":12.0,"enemies":"Gremlin Leader","floor":29.0,"turns":5.0},{"damage":4.0,"enemies":"Book of Stabbing","floor":31.0,"turns":2.0},{"damage":29.0,"enemies":"Champ","floor":33.0,"turns":7.0},{"damage":13.0,"enemies":"3 Darklings","floor":35.0,"turns":3.0},{"damage":0.0,"enemies":"Orb Walker","floor":37.0,"turns":2.0},{"damage":4.0,"enemies":"3 Darklings","floor":38.0,"turns":2.0},{"damage":17.0,"enemies":"Writhing Mass","floor":39.0,"turns":4.0},{"damage":60.0,"enemies":"Giant Head","floor":41.0,"turns":7.0},{"damage":0.0,"enemies":"2 Orb Walkers","floor":45.0,"turns":4.0},{"damage":24.0,"enemies":"Reptomancer","floor":46.0,"turns":5.0},{"damage":52.0,"enemies":"Nemesis","floor":48.0,"turns":5.0},{"damage":76,"enemies":"Time Eater","floor":50,"turns":8}],"seed_played":"7345486199833926128","potions_obtained":[{"floor":1.0,"key":"Block Potion"},{"floor":3.0,"key":"Fire Potion"},{"floor":5.0,"key":"Poison Potion"},{"floor":8.0,"key":"FearPotion"},{"floor":11.0,"key":"Poison Potion"},{"floor":24.0,"key":"FearPotion"},{"floor":31.0,"key":"Poison Potion"},{"floor":38.0,"key":"SpeedPotion"},{"floor":39.0,"key":"FearPotion"},{"floor":46.0,"key":"Ancient Potion"}],"is_trial":false,"path_per_floor":["M","$","?","M","M","E","R","M","T","E","M","?","E","M","R","B",null,"M","$","?","?","?","R","E","M","T","R","$","E","?","E","R","B",null,"M","$","M","M","M","R","E","R","T","R","?","E","?","E","R","B"],"character_chosen":"THE_SILENT","items_purchased":["Crippling Poison","Kunai","Happy Flower","Dramatic Entrance+1","Leg Sweep","Vajra","Fire Potion","PowerPotion"],"campfire_rested":8,"item_purchase_floors":[2,19,19,19,28,36,36,36],"current_hp_per_floor":[63,63,63,63,63,42,63,51,51,37,36,36,23,23,44,35,61,42,42,42,42,42,63,35,31,31,67,67,55,55,51,51,43,65,52,52,52,50,35,72,12,51,51,80,82,58,58,8,50,0],"gold":206,"neow_bonus":"THREE_ENEMY_KILL","is_prod":false,"is_daily":false,"chose_seed":false,"campfire_upgraded":1,"win_rate":0,"timestamp":1545786620,"path_taken":["M","$","?","M","M","E","R","?","T","E","M","?","E","M","R","BOSS","M","$","?","?","?","R","E","?","T","R","?","E","?","E","R","BOSS","M","$","M","M","M","R","E","R","T","R","?","E","?","E","R","BOSS"],"build_version":"2018-12-20","purchased_purges":1,"victory":false,"max_hp_per_floor":[70,70,70,70,70,70,70,70,70,70,70,70,70,70,70,70,70,70,70,70,70,70,70,72,72,72,72,72,72,72,72,72,72,72,72,72,72,74,76,76,76,78,78,80,82,82,82,84,86,86],"card_choices":[{"not_picked":["Terror","Prepared"],"picked":"Heel Hook","floor":1.0},{"not_picked":["Blade Dance","Deflect"],"picked":"Masterful Stab","floor":4.0},{"not_picked":["Flying Knee","Dodge and Roll"],"picked":"Prepared","floor":5.0},{"not_picked":["Backflip","Poisoned Stab"],"picked":"Deadly Poison","floor":6.0},{"not_picked":["Blade Dance","Reflex"],"picked":"Backflip","floor":8.0},{"not_picked":["Crippling Poison","Accuracy"],"picked":"Finisher","floor":10.0},{"not_picked":["Accuracy","Bane+1"],"picked":"Riddle With Holes+1","floor":11.0},{"not_picked":["Underhanded Strike+1","Dash+1"],"picked":"Cloak And Dagger","floor":13.0},{"not_picked":["Prepared","Blade Dance"],"picked":"Dagger Spray+1","floor":14.0},{"not_picked":["Glass Knife+1","After Image"],"picked":"Die Die Die+1","floor":16.0},{"not_picked":["Dagger Throw+1","Sucker Punch+1"],"picked":"Catalyst+1","floor":18.0},{"not_picked":["Backflip","Flying Knee+1","Catalyst"],"picked":"Singing Bowl","floor":24.0},{"not_picked":["Deflect","Dagger Throw+1"],"picked":"Noxious Fumes","floor":25.0},{"not_picked":["Prepared","Endless Agony+1"],"picked":"Blade Dance+1","floor":29.0},{"not_picked":["Acrobatics","Expertise+1"],"picked":"Backstab+1","floor":31.0},{"not_picked":["Storm of Steel","Tools of the Trade"],"picked":"Unload+1","floor":33.0},{"not_picked":["Flying Knee+1","Backflip"],"picked":"Escape Plan+1","floor":35.0},{"not_picked":["Bane+1","Cloak And Dagger"],"picked":"Escape Plan","floor":37.0},{"not_picked":["Endless Agony+1","Eviscerate+1","Blur+1"],"picked":"Singing Bowl","floor":38.0},{"not_picked":["Terror+1","Caltrops","Blade Dance"],"picked":"Singing Bowl","floor":39.0},{"not_picked":["Dodge and Roll","Slice+1"],"picked":"Adrenaline","floor":41.0},{"not_picked":["Prepared","Quick Slash+1","Dagger Spray+1"],"picked":"Singing Bowl","floor":42.0},{"not_picked":["Bane+1","Endless Agony+1","Poisoned Stab+1"],"picked":"Singing Bowl","floor":44.0},{"not_picked":["Poisoned Stab+1","Terror+1","Deadly Poison+1"],"picked":"Singing Bowl","floor":45.0},{"not_picked":["Deadly Poison+1","Slice+1"],"picked":"Backstab+1","floor":46.0},{"not_picked":["Mayhem","Chrysalis"],"picked":"Thinking Ahead","floor":47.0},{"not_picked":["Dodge and Roll","Accuracy","Dagger Throw+1"],"picked":"Singing Bowl","floor":48.0},{"not_picked":["Deflect","Predator+1","Dodge and Roll"],"picked":"Singing Bowl","floor":49.0}],"player_experience":178463,"relics_obtained":[{"floor":6.0,"key":"Omamori"},{"floor":9.0,"key":"MawBank"},{"floor":10.0,"key":"Molten Egg 2"},{"floor":13.0,"key":"Pantograph"},{"floor":24.0,"key":"Bronze Scales"},{"floor":26.0,"key":"Regal Pillow"},{"floor":29.0,"key":"Anchor"},{"floor":31.0,"key":"Sundial"},{"floor":41.0,"key":"Dream Catcher"},{"floor":43.0,"key":"Pen Nib"},{"floor":45.0,"key":"Tough Bandages"},{"floor":46.0,"key":"Potion Belt"},{"floor":48.0,"key":"Meat on the Bone"}],"event_choices":[{"damage_healed":0.0,"max_hp_gain":0.0,"max_hp_loss":0.0,"gold_gain":0.0,"event_name":"The Woman in Blue","player_choice":"Bought 1 Potion","floor":3.0,"gold_loss":0.0,"damage_taken":0.0},{"damage_healed":0.0,"max_hp_gain":0.0,"max_hp_loss":0.0,"gold_gain":57.0,"event_name":"Golden Wing","player_choice":"Gained Gold","floor":12.0,"gold_loss":0.0,"damage_taken":0.0},{"damage_healed":0.0,"max_hp_gain":0.0,"max_hp_loss":0.0,"gold_gain":0.0,"event_name":"Drug Dealer","player_choice":"Inject Mutagens","floor":20.0,"gold_loss":0.0,"damage_taken":0.0,"relics_obtained":["MutagenicStrength"]},{"damage_healed":0.0,"max_hp_gain":0.0,"max_hp_loss":0.0,"gold_gain":0.0,"event_name":"Cursed Tome","player_choice":"Ignored","floor":21.0,"gold_loss":0.0,"damage_taken":0.0},{"damage_healed":0.0,"max_hp_gain":0.0,"max_hp_loss":0.0,"gold_gain":0.0,"event_name":"The Mausoleum","player_choice":"Opened","floor":22.0,"gold_loss":0.0,"damage_taken":0.0,"relics_obtained":["Singing Bowl"],"cards_obtained":["Writhe"]},{"damage_healed":0.0,"max_hp_gain":0.0,"max_hp_loss":0.0,"gold_gain":99.0,"event_name":"Nest","player_choice":"Stole From Cult","floor":30.0,"gold_loss":0.0,"damage_taken":0.0},{"damage_healed":0.0,"max_hp_gain":0.0,"max_hp_loss":0.0,"gold_gain":0.0,"event_name":"Mysterious Sphere","player_choice":"Fight","floor":45.0,"gold_loss":0.0,"damage_taken":0.0},{"damage_healed":0.0,"max_hp_gain":0.0,"max_hp_loss":0.0,"gold_gain":0.0,"event_name":"SensoryStone","player_choice":"Memory 1","floor":47.0,"gold_loss":0.0,"damage_taken":0.0}],"is_beta":false,"boss_relics":[{"not_picked":["Velvet Choker","Runic Dome"],"picked":"Pandora\u0027s Box"},{"not_picked":["White Beast Statue","Eternal Feather"],"picked":"Philosopher\u0027s Stone"}],"items_purged_floors":[28],"is_endless":false,"potions_floor_spawned":[1,5,8,11,24,31,38,39,46],"killed_by":"Time Eater","ascension_level":8}