{"gold_per_floor":[118,137,137,137,149,149,74,90,136,136,155,169,169,182,182,261,261,281,201,116,116],"floor_reached":21,"playtime":905,"items_purged":["Bash"],"score":333,"play_id":"145f44cc-f442-421e-9db6-e606aacfa848","local_time":"20190303005830","is_ascension_mode":true,"campfire_choices":[{"data":"Juggernaut","floor":6,"key":"SMITH"},{"data":"Flame Barrier","floor":10,"key":"SMITH"},{"data":"Shrug It Off","floor":15,"key":"SMITH"}],"neow_cost":"NONE","seed_source_timestamp":99198547604057,"circlet_count":0,"master_deck":["AscendersBane","Strike_R","Defend_R","Defend_R","Defend_R","Defend_R","Juggernaut+1","Flame Barrier+1","Whirlwind","Shrug It Off+1","Warcry","Body Slam","Body Slam+1"],"relics":["Burning Blood","Anchor","Regal Pillow","Empty Cage","Mango"],"potions_floor_usage":[16],"damage_taken":[{"damage":1,"enemies":"Cultist","floor":1,"turns":3},{"damage":12,"enemies":"Small Slimes","floor":2,"turns":4},{"damage":9,"enemies":"2 Louse","floor":5,"turns":4},{"damage":18,"enemies":"Gremlin Gang","floor":8,"turns":7},{"damage":2,"enemies":"Exordium Wildlife","floor":11,"turns":7},{"damage":0,"enemies":"Looter","floor":12,"turns":3},{"damage":3,"enemies":"Red Slaver","floor":14,"turns":4},{"damage":26,"enemies":"The Guardian","floor":16,"turns":11},{"damage":15,"enemies":"Spheric Guardian","floor":18,"turns":7},{"damage":17,"enemies":"2 Thieves","floor":19,"turns":4},{"damage":58,"enemies":"Masked Bandits","floor":21,"turns":4}],"seed_played":"-5283229310727053994","potions_obtained":[{"floor":1,"key":"PowerPotion"},{"floor":8,"key":"Energy Potion"},{"floor":16,"key":"GamblersBrew"}],"is_trial":false,"path_per_floor":["M","M","?","?","M","R","$","M","T","R","M","M","?","M","R","B",null,"M","M","?","?"],"character_chosen":"IRONCLAD","items_purchased":[],"campfire_rested":0,"item_purchase_floors":[],"current_hp_per_floor":[73,67,67,67,64,64,64,52,52,52,56,62,62,65,65,45,68,59,48,62,4],"gold":116,"neow_bonus":"ONE_RANDOM_RARE_CARD","is_prod":false,"is_daily":false,"chose_seed":false,"campfire_upgraded":3,"win_rate":0,"timestamp":1551542310,"path_taken":["M","?","?","?","M","R","$","M","T","R","?","?","?","?","R","BOSS","M","M","?","?"],"build_version":"2019-01-23","purchased_purges":1,"victory":false,"max_hp_per_floor":[75,75,75,75,75,75,75,75,75,75,75,75,75,75,75,75,75,75,75,89,89],"card_choices":[{"not_picked":["Hemokinesis","Disarm"],"picked":"Flame Barrier","floor":1},{"not_picked":["Perfected Strike","Evolve","Uppercut"],"picked":"SKIP","floor":2},{"not_picked":["Clash","Wild Strike","True Grit"],"picked":"SKIP","floor":5},{"not_picked":["Thunderclap","True Grit","Headbutt"],"picked":"SKIP","floor":8},{"not_picked":["Armaments","Sword Boomerang"],"picked":"Whirlwind","floor":11},{"not_picked":["True Grit","Sword Boomerang"],"picked":"Shrug It Off","floor":12},{"not_picked":["Flex","Power Through"],"picked":"Warcry","floor":14},{"not_picked":["Searing Blow+1","Spot Weakness"],"picked":"Body Slam","floor":18},{"not_picked":["Corruption","Wild Strike"],"picked":"Body Slam+1","floor":19}],"player_experience":1017094,"relics_obtained":[{"floor":9,"key":"Anchor"}],"event_choices":[{"cards_removed":["Strike_R"],"damage_healed":0,"gold_gain":0,"player_choice":"Forget","damage_taken":0,"max_hp_gain":0,"max_hp_loss":0,"event_name":"Living Wall","floor":3,"gold_loss":0},{"cards_removed":["Strike_R"],"damage_healed":0,"gold_gain":0,"player_choice":"Offered Basic","damage_taken":0,"max_hp_gain":0,"max_hp_loss":0,"event_name":"Bonfire Elementals","floor":4,"gold_loss":0},{"damage_healed":0,"gold_gain":0,"player_choice":"Gave Potion","damage_taken":0,"relics_obtained":["Regal Pillow"],"max_hp_gain":0,"max_hp_loss":0,"event_name":"WeMeetAgain","floor":13,"gold_loss":0},{"damage_healed":0,"gold_gain":0,"player_choice":"Obtained Relic","damage_taken":0,"relics_obtained":["Mango"],"max_hp_gain":0,"max_hp_loss":0,"event_name":"Addict","floor":20,"gold_loss":85},{"damage_healed":0,"gold_gain":0,"player_choice":"Fought Bandits","damage_taken":0,"max_hp_gain":0,"max_hp_loss":0,"event_name":"Masked Bandits","floor":21,"gold_loss":0}],"is_beta":false,"boss_relics":[{"not_picked":["Philosopher\u0027s Stone","White Beast Statue"],"picked":"Empty Cage"}],"items_purged_floors":[7],"is_endless":false,"potions_floor_spawned":[1,8,16],"killed_by":"Masked Bandits","ascension_level":19}