{"path_per_floor":["M","M","?","?","?","E","R","M","T","R","M","R","M","M","R"],"character_chosen":"THE_SILENT","items_purchased":[],"gold_per_floor":[113,126,126,126,76,112,112,127,127,127,140,140,165,184,184,184],"floor_reached":16,"campfire_rested":0,"playtime":518,"item_purchase_floors":[],"current_hp_per_floor":[70,70,70,53,53,42,42,39,39,39,29,29,29,25,25,25],"items_purged":[],"gold":184,"score":102,"play_id":"28440312-8b42-461c-bf42-49ff27a19fd9","local_time":"20180606231939","is_prod":false,"is_daily":false,"chose_seed":false,"is_ascension_mode":false,"campfire_upgraded":4,"win_rate":0,"timestamp":1528294779,"campfire_choices":[{"data":"Noxious Fumes","floor":7,"key":"SMITH"},{"data":"Bouncing Flask","floor":10,"key":"SMITH"},{"data":"Neutralize","floor":12,"key":"SMITH"},{"data":"Survivor","floor":15,"key":"SMITH"}],"path_taken":["M","M","?","?","?","E","R","M","T","R","M","R","M","?","R","BOSS"],"build_version":"2018-05-31","seed_source_timestamp":1486032511923,"purchased_purges":0,"victory":false,"master_deck":["Defend_G","Defend_G","Defend_G","Defend_G","Defend_G","Strike_G","Strike_G","Strike_G","Strike_G","Survivor+1","Neutralize+1","Noxious Fumes+1","Bouncing Flask+1","Prepared+1","Prepared+1","Backflip+1","Crippling Poison+1","Blade Dance+1"],"max_hp_per_floor":[70,70,70,70,70,70,70,70,70,70,70,70,70,70,70,70],"relics":["Ring of the Snake","Golden Idol","Toxic Egg 2","Bag of Marbles"],"card_choices":[{"not_picked":["Quick Slash","Escape Plan"],"picked":"Noxious Fumes","floor":1},{"not_picked":["Eviscerate","Expertise"],"picked":"Bouncing Flask","floor":2},{"not_picked":["Calculated Gamble","Well Laid Plans"],"picked":"Prepared","floor":6},{"not_picked":["Terror+1","Cloak And Dagger+1"],"picked":"Prepared+1","floor":8},{"not_picked":["PiercingWail+1","Quick Slash"],"picked":"Backflip+1","floor":11},{"not_picked":["Slice","Cloak And Dagger+1"],"picked":"Crippling Poison+1","floor":13},{"not_picked":["Dodge and Roll+1","Finisher"],"picked":"Blade Dance+1","floor":14}],"player_experience":784864,"potions_floor_usage":[6],"damage_taken":[{"damage":0,"enemies":"Small Slimes","floor":1,"turns":3},{"damage":0,"enemies":"Cultist","floor":2,"turns":4},{"damage":11,"enemies":"Lagavulin","floor":6,"turns":5},{"damage":3,"enemies":"Jaw Worm","floor":8,"turns":3},{"damage":10,"enemies":"Large Slime","floor":11,"turns":5},{"damage":0,"enemies":"3 Louse","floor":13,"turns":4},{"damage":4,"enemies":"Blue Slaver","floor":14,"turns":3},{"damage":0,"enemies":"The Guardian","floor":16,"turns":1}],"relics_obtained":[{"floor":6,"key":"Toxic Egg 2"},{"floor":9,"key":"Bag of Marbles"}],"event_choices":[{"event_name":"The Lab","player_choice":"Got Potions","floor":3,"damage_taken":0},{"event_name":"Golden Idol","player_choice":"Take Damage","floor":4,"damage_taken":0},{"event_name":"The Cleric","player_choice":"Card Removal","floor":5,"damage_taken":0}],"boss_relics":[],"items_purged_floors":[],"potions_floor_spawned":[8,13,14],"seed_played":"5441252110468012609","killed_by":"The Guardian","ascension_level":0,"potions_obtained":[{"floor":3,"key":"Explosive Potion"},{"floor":3,"key":"Poison Potion"},{"floor":3,"key":"EntropicBrew"},{"floor":8,"key":"EntropicBrew"}],"is_trial":false}