{"gold_per_floor":[112,112,62,62,35,35,49,78,126,126,40,56,67,67,67,187,187,200,200,200,200,77,77,96,96,96,107,124,124,136,136,136,136],"floor_reached":33,"playtime":1079,"items_purged":["Injury"],"score":268,"play_id":"3c4ad459-40a3-4f1e-99b2-a45845b5627d","local_time":"20190109002116","is_ascension_mode":false,"campfire_choices":[{"data":"Barrage","floor":6,"key":"SMITH"},{"data":"Consume","floor":10,"key":"SMITH"},{"floor":15,"key":"REST"},{"data":"Chaos","floor":23,"key":"SMITH"},{"data":"Chaos","floor":25,"key":"SMITH"},{"floor":32,"key":"REST"}],"neow_cost":"NONE","seed_source_timestamp":1626618614584930,"circlet_count":0,"master_deck":["Strike_B","Strike_B","Strike_B+1","Defend_B+1","Defend_B","Defend_B","Defend_B","Zap+1","Dualcast+1","Barrage+1","Ball Lightning","Ball Lightning","Consume+1","Redo","Cold Snap","Ball Lightning","Chill","Chaos+1","Chaos+1","Writhe","Loop"],"relics":["Cracked Core","NeowsBlessing","Juzu Bracelet","The Courier","Bloody Idol","Nuclear Battery","Nloth\u0027s Gift","WingedGreaves","Gremlin Horn"],"potions_floor_usage":[33],"damage_taken":[{"damage":0,"enemies":"2 Louse","floor":1,"turns":1},{"damage":0,"enemies":"Small Slimes","floor":7,"turns":1},{"damage":0,"enemies":"3 Sentries","floor":8,"turns":1},{"damage":3,"enemies":"Jaw Worm","floor":12,"turns":2},{"damage":15,"enemies":"Gremlin Gang","floor":13,"turns":3},{"damage":22,"enemies":"Slime Boss","floor":16,"turns":7},{"damage":2,"enemies":"Chosen","floor":18,"turns":3},{"damage":8,"enemies":"2 Thieves","floor":24,"turns":4},{"damage":30,"enemies":"Snake Plant","floor":27,"turns":3},{"damage":13,"enemies":"Cultist and Chosen","floor":28,"turns":6},{"damage":14,"enemies":"Shelled Parasite and Fungi","floor":30,"turns":5},{"damage":58,"enemies":"Automaton","floor":33,"turns":8}],"seed_played":"3094190393057325794","potions_obtained":[{"floor":1,"key":"EssenceOfSteel"},{"floor":12,"key":"Block Potion"},{"floor":16,"key":"Weak Potion"}],"is_trial":false,"path_per_floor":["M","?","?","?","$","R","M","E","T","R","$","M","M","?","R","B",null,"M","?","?","?","$","R","M","R","T","M","M","?","M","?","R","B"],"character_chosen":"DEFECT","items_purchased":["Ball Lightning","Redo","Cold Snap","Chaos"],"campfire_rested":2,"item_purchase_floors":[5,11,11,22],"current_hp_per_floor":[75,60,60,48,48,48,48,48,48,48,48,45,30,30,52,30,75,73,73,73,73,73,73,75,75,75,50,42,42,33,33,55,0],"gold":136,"neow_bonus":"THREE_ENEMY_KILL","is_prod":false,"is_daily":false,"chose_seed":false,"campfire_upgraded":4,"win_rate":0,"timestamp":1547011276,"path_taken":["M","?","?","?","?","R","M","E","T","R","$","M","M","?","R","BOSS","M","?","?","?","$","R","M","R","T","M","M","?","M","?","R","BOSS"],"build_version":"2019-01-03v4","purchased_purges":1,"victory":false,"max_hp_per_floor":[75,75,75,75,75,75,75,75,75,75,75,75,75,75,75,75,75,75,75,75,75,75,75,75,75,75,75,75,75,75,75,75,75],"card_choices":[{"not_picked":["BootSequence","Skim"],"picked":"Barrage","floor":1},{"not_picked":["Lockon","Stack"],"picked":"Ball Lightning","floor":7},{"not_picked":["Self Repair","Compile Driver"],"picked":"Consume","floor":8},{"not_picked":["Steam","Turbo","Sweeping Beam"],"picked":"SKIP","floor":12},{"not_picked":["Leap","Compile Driver"],"picked":"Ball Lightning","floor":13},{"not_picked":["Heatsinks+1","Undo"],"picked":"Chill","floor":18},{"not_picked":["Rebound+1","Streamline+1"],"picked":"Chaos","floor":24},{"not_picked":["Compile Driver","Stack","Undo"],"picked":"SKIP","floor":27},{"not_picked":["Gash","Steam Power+1","Compile Driver+1"],"picked":"SKIP","floor":28},{"not_picked":["Compile Driver","Steam Power","Rainbow"],"picked":"SKIP","floor":30}],"player_experience":906670,"relics_obtained":[{"floor":8,"key":"The Courier"},{"floor":9,"key":"War Paint"},{"floor":26,"key":"WingedGreaves"}],"event_choices":[{"damage_healed":0,"gold_gain":0,"player_choice":"Entered Light","damage_taken":15,"max_hp_gain":0,"max_hp_loss":0,"event_name":"Shining Light","floor":2,"gold_loss":0,"cards_upgraded":["Strike_B","Dualcast"]},{"cards_removed":["Strike_B"],"damage_healed":0,"gold_gain":0,"player_choice":"Card Removal","damage_taken":0,"max_hp_gain":0,"max_hp_loss":0,"event_name":"The Cleric","floor":3,"gold_loss":50},{"damage_healed":0,"gold_gain":0,"player_choice":"Success","damage_taken":12,"relics_obtained":["Juzu Bracelet"],"max_hp_gain":0,"max_hp_loss":0,"event_name":"Scrap Ooze","floor":4,"gold_loss":0},{"damage_healed":0,"gold_gain":0,"player_choice":"Take Wound","damage_taken":0,"relics_obtained":["Golden Idol"],"max_hp_gain":0,"max_hp_loss":0,"event_name":"Golden Idol","floor":14,"gold_loss":0,"cards_obtained":["Injury"]},{"damage_healed":0,"gold_gain":0,"player_choice":"Gave Idol","damage_taken":0,"relics_obtained":["Bloody Idol"],"max_hp_gain":0,"max_hp_loss":0,"event_name":"Forgotten Altar","floor":19,"relics_lost":["Golden Idol"],"gold_loss":0},{"damage_healed":0,"gold_gain":0,"player_choice":"Traded Relic","damage_taken":0,"relics_obtained":["Nloth\u0027s Gift"],"max_hp_gain":0,"max_hp_loss":0,"event_name":"N\u0027loth","floor":20,"relics_lost":["War Paint"],"gold_loss":0},{"damage_healed":0,"gold_gain":0,"player_choice":"Ignored","damage_taken":0,"max_hp_gain":0,"max_hp_loss":0,"event_name":"Vampires","floor":21,"gold_loss":0},{"damage_healed":0,"gold_gain":0,"player_choice":"Opened","damage_taken":0,"relics_obtained":["Gremlin Horn"],"max_hp_gain":0,"max_hp_loss":0,"event_name":"The Mausoleum","floor":29,"gold_loss":0,"cards_obtained":["Writhe"]},{"damage_healed":0,"gold_gain":0,"player_choice":"Read","damage_taken":0,"max_hp_gain":0,"max_hp_loss":0,"event_name":"The Library","floor":31,"gold_loss":0,"cards_obtained":["Loop"]}],"is_beta":false,"boss_relics":[{"not_picked":["White Beast Statue","Fusion Hammer"],"picked":"Nuclear Battery"}],"items_purged_floors":[22],"is_endless":false,"potions_floor_spawned":[1,12,16,18],"killed_by":"Automaton","ascension_level":0}