{"gold_per_floor":[113,128,78,91,106,106,168,168,195,68,68,68,100,100,100,100],"floor_reached":16,"playtime":1016,"items_purged":["Strike_G"],"score":178,"play_id":"8425aba7-aed8-4422-87bb-d40cd464feaf","local_time":"20190303110204","is_ascension_mode":true,"campfire_choices":[{"data":"Quick Slash","floor":6,"key":"SMITH"},{"data":"Masterful Stab","floor":12,"key":"SMITH"},{"floor":15,"key":"REST"}],"neow_cost":"TEN_PERCENT_HP_LOSS","seed_source_timestamp":315562045758574,"circlet_count":0,"master_deck":["AscendersBane","Defend_G","Defend_G","Defend_G","Strike_G","Strike_G","Survivor","Neutralize","Masterful Stab+1","Deflect","Quick Slash+1","Well Laid Plans","Endless Agony","Dagger Spray"],"relics":["Ring of the Snake","Tiny Chest","Dream Catcher","Smiling Mask","Happy Flower","Mummified Hand"],"potions_floor_usage":[7,7,13,13],"damage_taken":[{"damage":0,"enemies":"Small Slimes","floor":1,"turns":5},{"damage":0,"enemies":"Jaw Worm","floor":2,"turns":4},{"damage":0,"enemies":"2 Louse","floor":4,"turns":2},{"damage":3,"enemies":"Large Slime","floor":5,"turns":7},{"damage":20,"enemies":"Lagavulin","floor":7,"turns":6},{"damage":1,"enemies":"3 Sentries","floor":13,"turns":5},{"damage":60,"enemies":"Hexaghost","floor":16,"turns":9}],"seed_played":"-2945006336055888014","potions_obtained":[{"floor":1,"key":"Explosive Potion"},{"floor":2,"key":"SpeedPotion"},{"floor":7,"key":"Poison Potion"}],"is_trial":false,"path_per_floor":["M","M","?","M","M","R","E","?","T","$","T","R","E","T","R","B"],"character_chosen":"THE_SILENT","items_purchased":["AttackPotion"],"campfire_rested":1,"item_purchase_floors":[10],"current_hp_per_floor":[63,63,63,63,60,60,40,40,40,40,40,40,39,39,57,0],"gold":100,"neow_bonus":"REMOVE_TWO","is_prod":false,"is_daily":false,"chose_seed":false,"campfire_upgraded":2,"win_rate":0,"timestamp":1551628924,"path_taken":["M","M","?","M","M","R","E","?","T","?","?","R","E","?","R","BOSS"],"build_version":"2019-01-23","purchased_purges":1,"victory":false,"max_hp_per_floor":[63,63,63,63,63,63,63,63,63,63,63,63,63,63,63,63],"card_choices":[{"not_picked":["Blur","Finisher"],"picked":"Masterful Stab","floor":1},{"not_picked":["Infinite Blades","PiercingWail","Flying Knee"],"picked":"SKIP","floor":2},{"not_picked":["Distraction","Underhanded Strike"],"picked":"Deflect","floor":4},{"not_picked":["Dagger Throw","Expertise"],"picked":"Quick Slash","floor":5},{"not_picked":["Grand Finale","Cloak And Dagger"],"picked":"Well Laid Plans","floor":7},{"not_picked":["Sucker Punch","Tactician"],"picked":"Endless Agony","floor":13},{"not_picked":["Acrobatics","Dagger Throw"],"picked":"Dagger Spray","floor":15}],"player_experience":369527,"relics_obtained":[{"floor":7,"key":"Tiny Chest"},{"floor":9,"key":"Dream Catcher"},{"floor":11,"key":"Smiling Mask"},{"floor":13,"key":"Happy Flower"},{"floor":14,"key":"Mummified Hand"}],"event_choices":[{"cards_removed":["Strike_G"],"damage_healed":0,"gold_gain":0,"player_choice":"Card Removal","damage_taken":0,"max_hp_gain":0,"max_hp_loss":0,"event_name":"The Cleric","floor":3,"gold_loss":50},{"cards_removed":["Defend_G"],"damage_healed":0,"gold_gain":0,"player_choice":"Forget","damage_taken":0,"max_hp_gain":0,"max_hp_loss":0,"event_name":"Living Wall","floor":8,"gold_loss":0}],"is_beta":false,"boss_relics":[],"items_purged_floors":[10],"is_endless":false,"potions_floor_spawned":[1,2,7],"killed_by":"Hexaghost","ascension_level":13}