{"path_per_floor":["M","M","?","$","M","M","$","?","T","R","T","E","R","$","R","B",null,"M","?","?","$","M","E","?","M","T","$"],"character_chosen":"IRONCLAD","items_purchased":["Inflame","Flex","Inflame"],"gold_per_floor":[109,120,120,11,27,47,47,47,71,71,97,122,122,40,40,135,135,146,71,71,71,90,120,120,140,190,90],"floor_reached":28,"campfire_rested":1,"playtime":1222,"current_hp_per_floor":[77,71,64,64,64,57,57,57,57,57,57,53,77,77,77,45,80,57,57,57,57,55,18,18,2,2,2],"items_purged":["Strike_R","Writhe"],"gold":90,"score":260,"play_id":"da0da51d-5e29-43f8-a05e-999a3ac3616f","local_time":"20180304134107","is_prod":false,"is_daily":false,"is_ascension_mode":false,"campfire_upgraded":2,"timestamp":1520188867,"path_taken":["M","M","?","?","M","?","?","?","T","R","?","E","R","?","R","BOSS","M","?","?","$","?","E","?","?","T","$","?"],"build_version":"2018-03-01-PROD1","purchased_purges":2,"victory":false,"master_deck":["Strike_R","Strike_R","Strike_R","Strike_R","Defend_R","Defend_R+1","Bash","Flex+1","Sword Boomerang","Inflame+1","Pommel Strike","Warcry","Impervious","Heavy Blade+1","Flex","Inflame","Offering","Flex","Whirlwind","Flex","Exhume"],"max_hp_per_floor":[80,80,80,80,80,80,80,80,80,80,80,80,80,80,80,80,80,80,80,80,80,80,80,80,80,80,80],"relics":["Runic Pyramid","Blood Vial","War Paint","Dream Catcher","Pen Nib","Orrery","Anchor","Self Forming Clay","Regal Pillow"],"card_choices":[{"not_picked":["Spot Weakness","Cleave"],"picked":"Flex"},{"not_picked":["Havoc","Clothesline"],"picked":"Sword Boomerang"},{"not_picked":["Flame Barrier","Intimidate"],"picked":"Pommel Strike"},{"not_picked":["Body Slam","Uppercut"],"picked":"Warcry"},{"not_picked":["Perfected Strike","Corruption"],"picked":"Impervious"},{"not_picked":["Clothesline","Shrug It Off"],"picked":"Heavy Blade"},{"not_picked":["Berserk","Brutality"],"picked":"Offering"},{"not_picked":["Hemokinesis","Battle Trance"],"picked":"Flex"},{"not_picked":["Pummel","Infernal Blade"],"picked":"Whirlwind"},{"not_picked":["Intimidate","Pummel"],"picked":"Flex"},{"not_picked":["Clash","Perfected Strike"],"picked":"Exhume"}],"player_experience":88275,"potions_floor_usage":[16,23,23,25,28],"damage_taken":[{"damage":3,"enemies":"Small Slimes","floor":1,"turns":3},{"damage":6,"enemies":"2 Louse","floor":2,"turns":3},{"damage":0,"enemies":"Cultist","floor":5,"turns":2},{"damage":7,"enemies":"Exordium Thugs","floor":6,"turns":4},{"damage":6,"enemies":"Gremlin Nob","floor":12,"turns":3},{"damage":34,"enemies":"Slime Boss","floor":16,"turns":8},{"damage":23,"enemies":"Shell Parasite","floor":18,"turns":4},{"damage":4,"enemies":"Spheric Guardian","floor":22,"turns":3},{"damage":39,"enemies":"Slavers","floor":23,"turns":3},{"damage":18,"enemies":"Centurion and Healer","floor":25,"turns":3},{"damage":4,"enemies":"3 Cultists","floor":28,"turns":4}],"event_choices":[{"event_name":"Golden Wing","player_choice":"Card Removal","floor":3,"damage_taken":0},{"event_name":"Big Fish","player_choice":"Box","floor":8,"damage_taken":0},{"event_name":"Beggar","player_choice":"Gave Gold","floor":19,"damage_taken":0},{"event_name":"Bonfire Elementals","player_choice":"BASIC","floor":20,"damage_taken":0},{"event_name":"The Mausoleum","player_choice":"Yes","floor":24,"damage_taken":0}],"boss_relics":[{"not_picked":["Velvet Choker","Question Card"],"picked":"Orrery"}],"potions_floor_spawned":[1,5,16,18,23],"seed_played":"-2723822582675833833","killed_by":"3 Cultists","ascension_level":0,"is_trial":false}