{"gold_per_floor":[17,17,92,108,55,55,55,55,55,75,91,16,29,29,29,131,131,144,59,69,16,26,26,26,26,26,26,37,53,64,64,64,162,162,180,191,91,107,124,124,139,139,211,311,330,18,88,100,100,100],"floor_reached":51,"playtime":2947,"items_purged":["Strike_B","Thunder Strike+1"],"score":691,"play_id":"0f483d21-6e6d-4234-a6e1-9c9f7aead520","local_time":"20190113013227","is_ascension_mode":false,"campfire_choices":[{"data":"Streamline","floor":6,"key":"SMITH"},{"data":"Zap","floor":8,"key":"SMITH"},{"floor":15,"key":"REST"},{"floor":23,"key":"REST"},{"floor":25,"key":"REST"},{"data":"RitualDagger","floor":27,"key":"SMITH"},{"floor":32,"key":"REST"},{"floor":40,"key":"REST"},{"floor":49,"key":"REST"}],"neow_cost":"NO_GOLD","seed_source_timestamp":329777906726085,"circlet_count":0,"master_deck":["Defend_B","Defend_B","Defend_B","Defend_B+1","Zap+1","Dualcast","Echo Form+1","Streamline+1","Hologram+1","Gash","White Noise","Steam Power","Gash","Reinforced Body+1","Undo+1","Turbo+1","Beam Cell+1","Gash","Self Repair","RitualDagger+1","Hologram","Leap","Gash+1","Gash","Beam Cell","Seek","Stack","Gash","Dramatic Entrance","Stack","Go for the Eyes+1"],"relics":["Cracked Core","War Paint","Astrolabe","Regal Pillow","Frozen Egg 2","Nilry\u0027s Codex","Orrery","Bottled Flame","Mango","Unceasing Top","Sundial"],"potions_floor_usage":[16,22,30,33,33,39,50,50,50,50,50,50],"damage_taken":[{"damage":0,"enemies":"2 Louse","floor":1,"turns":3},{"damage":8,"enemies":"Small Slimes","floor":4,"turns":3},{"damage":0,"enemies":"Cultist","floor":10,"turns":3},{"damage":6,"enemies":"Exordium Thugs","floor":11,"turns":4},{"damage":18,"enemies":"Lots of Slimes","floor":13,"turns":4},{"damage":0,"enemies":"Hexaghost","floor":16,"turns":7},{"damage":24,"enemies":"2 Thieves","floor":18,"turns":5},{"damage":1,"enemies":"Shell Parasite","floor":20,"turns":6},{"damage":42,"enemies":"3 Cultists","floor":22,"turns":5},{"damage":10,"enemies":"Shelled Parasite and Fungi","floor":28,"turns":5},{"damage":14,"enemies":"Snecko","floor":29,"turns":6},{"damage":10,"enemies":"Cultist and Chosen","floor":30,"turns":6},{"damage":28,"enemies":"Automaton","floor":33,"turns":10},{"damage":16,"enemies":"3 Shapes","floor":35,"turns":7},{"damage":20,"enemies":"Orb Walker","floor":36,"turns":4},{"damage":9,"enemies":"4 Shapes","floor":38,"turns":6},{"damage":19,"enemies":"Transient","floor":39,"turns":5},{"damage":41,"enemies":"3 Darklings","floor":41,"turns":6},{"damage":2,"enemies":"Mind Bloom Boss Battle","floor":44,"turns":7},{"damage":12,"enemies":"Jaw Worm Horde","floor":45,"turns":4},{"damage":0,"enemies":"Maw","floor":48,"turns":6},{"damage":58,"enemies":"Awakened One","floor":50,"turns":11}],"seed_played":"-7708240485750747739","potions_obtained":[{"floor":1,"key":"Swift Potion"},{"floor":10,"key":"GamblersBrew"},{"floor":18,"key":"AttackPotion"},{"floor":20,"key":"FocusPotion"},{"floor":29,"key":"GamblersBrew"},{"floor":30,"key":"Swift Potion"},{"floor":36,"key":"Poison Potion"},{"floor":39,"key":"GamblersBrew"},{"floor":45,"key":"EntropicBrew"},{"floor":48,"key":"Strength Potion"}],"is_trial":false,"path_per_floor":["M","?","?","M","$","R","?","R","T","M","M","$","M","$","R","B",null,"M","?","M","$","M","R","?","R","T","R","M","M","M","?","R","B",null,"M","M","$","M","M","R","M","?","T","?","M","$","T","M","R","B",null],"character_chosen":"DEFECT","items_purchased":["Gash","Gash","Unceasing Top","Stack"],"campfire_rested":6,"item_purchase_floors":[5,21,46,46],"current_hp_per_floor":[75,60,49,41,41,41,41,41,41,41,35,35,17,17,39,39,75,51,51,50,50,8,45,39,75,75,75,65,58,55,39,75,47,75,59,46,46,44,25,62,28,28,28,47,35,35,35,42,83,47],"gold":100,"neow_bonus":"THREE_RARE_CARDS","is_prod":false,"is_daily":false,"chose_seed":false,"campfire_upgraded":3,"win_rate":0,"timestamp":1547361147,"path_taken":["M","?","?","M","$","R","?","R","T","?","M","?","?","$","R","BOSS","M","?","M","$","M","R","?","R","T","R","M","M","M","?","R","BOSS","M","M","$","M","M","R","M","?","T","?","M","$","?","M","R","BOSS"],"build_version":"2019-01-10","purchased_purges":2,"victory":true,"max_hp_per_floor":[75,75,75,75,75,75,75,75,75,75,75,75,75,75,75,75,75,75,75,75,75,75,75,75,75,75,75,75,75,75,75,75,75,75,75,75,75,75,75,75,75,75,75,89,89,89,89,89,89,89],"card_choices":[{"not_picked":["Fission","Biased Cognition"],"picked":"Echo Form","floor":0},{"not_picked":["Stack","Steam"],"picked":"Streamline","floor":1},{"not_picked":["Reprogram","Scrape"],"picked":"Hologram","floor":4},{"not_picked":["Barrage","Hologram"],"picked":"White Noise","floor":10},{"not_picked":["Sweeping Beam","Chill"],"picked":"Steam Power","floor":11},{"not_picked":["Coolheaded","Stack"],"picked":"Gash","floor":13},{"not_picked":["Coolheaded","Conserve Battery"],"picked":"Turbo+1","floor":18},{"not_picked":["Stack","Cold Snap+1"],"picked":"Beam Cell+1","floor":20},{"not_picked":["Coolheaded+1","Cold Snap"],"picked":"Self Repair","floor":22},{"not_picked":["Force Field","Double Energy"],"picked":"Hologram","floor":28},{"not_picked":["Rebound","Beam Cell"],"picked":"Leap","floor":29},{"not_picked":["Cold Snap","Self Repair+1"],"picked":"Gash+1","floor":30},{"not_picked":["Consume","Compile Driver"],"picked":"Gash","floor":34},{"not_picked":["Defragment+1","Rebound"],"picked":"Beam Cell","floor":34},{"not_picked":["Ball Lightning","Conserve Battery"],"picked":"Seek","floor":34},{"not_picked":["Redo","Genetic Algorithm+1"],"picked":"Stack","floor":35},{"not_picked":["Sunder","Steam+1","Hologram"],"picked":"SKIP","floor":36},{"not_picked":["Doom and Gloom","Hello World+1","Streamline"],"picked":"SKIP","floor":38},{"not_picked":["Hologram","Defragment+1"],"picked":"Gash","floor":39},{"not_picked":["Aggregate+1","Storm+1","Core Surge"],"picked":"SKIP","floor":41},{"not_picked":["The Bomb","Trip"],"picked":"Dramatic Entrance","floor":42},{"not_picked":["Self Repair+1","Barrage","Steam+1"],"picked":"SKIP","floor":45},{"not_picked":["Genetic Algorithm+1","Sweeping Beam+1"],"picked":"Go for the Eyes+1","floor":48}],"player_experience":929429,"relics_obtained":[{"floor":9,"key":"War Paint"},{"floor":26,"key":"Frozen Egg 2"},{"floor":31,"key":"Nilry\u0027s Codex"},{"floor":43,"key":"Bottled Flame"},{"floor":44,"key":"Mango"},{"floor":47,"key":"Sundial"}],"event_choices":[{"damage_healed":0,"gold_gain":0,"player_choice":"Entered Light","damage_taken":15,"max_hp_gain":0,"max_hp_loss":0,"event_name":"Shining Light","floor":2,"gold_loss":0,"cards_upgraded":["Strike_B","Strike_B"]},{"damage_healed":0,"gold_gain":75,"player_choice":"Gather Gold","damage_taken":11,"max_hp_gain":0,"max_hp_loss":0,"event_name":"World of Goop","floor":3,"gold_loss":0},{"damage_healed":0,"gold_gain":0,"player_choice":"Upgraded","damage_taken":0,"max_hp_gain":0,"max_hp_loss":0,"event_name":"Upgrade Shrine","floor":7,"gold_loss":0,"cards_upgraded":["Echo Form"]},{"damage_healed":0,"gold_gain":0,"player_choice":"Obtained Relic","damage_taken":0,"relics_obtained":["Regal Pillow"],"max_hp_gain":0,"max_hp_loss":0,"event_name":"Addict","floor":19,"gold_loss":85},{"damage_healed":0,"gold_gain":0,"player_choice":"Joined the Cult","damage_taken":6,"max_hp_gain":0,"max_hp_loss":0,"event_name":"Nest","floor":24,"gold_loss":0,"cards_obtained":["RitualDagger"]},{"damage_healed":0,"gold_gain":0,"player_choice":"Obtained Book","damage_taken":16,"max_hp_gain":0,"max_hp_loss":0,"event_name":"Cursed Tome","floor":31,"gold_loss":0},{"damage_healed":0,"gold_gain":0,"player_choice":"Memory 1","damage_taken":0,"max_hp_gain":0,"max_hp_loss":0,"event_name":"SensoryStone","floor":42,"gold_loss":0},{"damage_healed":0,"gold_gain":0,"player_choice":"Fight","damage_taken":0,"max_hp_gain":0,"max_hp_loss":0,"event_name":"MindBloom","floor":44,"gold_loss":0}],"is_beta":false,"boss_relics":[{"not_picked":["Velvet Choker","White Beast Statue"],"picked":"Astrolabe"},{"not_picked":["Runic Dome","Snecko Eye"],"picked":"Orrery"}],"items_purged_floors":[12,37],"is_endless":false,"potions_floor_spawned":[1,10,18,20,29,30,36,39,45,48],"ascension_level":0}