{"gold_per_floor":[109,120,120,120,70,70,105,105,128,153,171,171,171,183,183,280,280,292,306,306,9,44,44,71,93,105,117,148,160],"floor_reached":29,"playtime":2094,"items_purged":[],"score":276,"play_id":"e7cac1cb-1ece-4132-9a97-fb151e462c6a","local_time":"20181201170454","is_ascension_mode":true,"campfire_choices":[{"data":"Neutralize","floor":6,"key":"SMITH"},{"data":"Noxious Fumes","floor":15,"key":"SMITH"},{"data":"Doppelganger","floor":23,"key":"SMITH"}],"neow_cost":"NONE","seed_source_timestamp":671676478207234,"circlet_count":0,"master_deck":["Defend_G","Defend_G","Defend_G+1","Strike_G","Strike_G","Strike_G","Survivor","Neutralize+1","Acrobatics","Poisoned Stab","Calculated Gamble+1","Caltrops","Noxious Fumes+1","Doppelganger+1","Poisoned Stab","Leg Sweep+1","Calculated Gamble","Caltrops","Poisoned Stab","Backstab"],"relics":["Ring of the Snake","PreservedInsect","Bottled Tornado","Happy Flower","Omamori","Unceasing Top","Coffee Dripper","TwistedFunnel","Red Mask","MawBank","Regal Pillow"],"potions_floor_usage":[7,13,14,16,16,16,22,22,24,25,25],"damage_taken":[{"damage":6,"enemies":"Cultist","floor":1,"turns":4},{"damage":4,"enemies":"Small Slimes","floor":2,"turns":5},{"damage":15,"enemies":"Lagavulin","floor":7,"turns":8},{"damage":12,"enemies":"Gremlin Nob","floor":10,"turns":4},{"damage":4,"enemies":"Jaw Worm","floor":11,"turns":4},{"damage":0,"enemies":"Large Slime","floor":14,"turns":5},{"damage":12,"enemies":"The Guardian","floor":16,"turns":9},{"damage":7,"enemies":"Chosen","floor":18,"turns":6},{"damage":12,"enemies":"2 Thieves","floor":19,"turns":5},{"damage":19,"enemies":"Masked Bandits","floor":22,"turns":3},{"damage":1,"enemies":"Book of Stabbing","floor":24,"turns":4},{"damage":6,"enemies":"Sentry and Sphere","floor":25,"turns":4},{"damage":0,"enemies":"Snecko","floor":28,"turns":4},{"damage":21,"enemies":"Colosseum Slavers","floor":29,"turns":4},{"damage":12,"enemies":"Colosseum Nobs","floor":29,"turns":2}],"seed_played":"2264735305535149062","potions_obtained":[{"floor":1,"key":"FearPotion"},{"floor":10,"key":"Dexterity Potion"},{"floor":13,"key":"Fruit Juice"},{"floor":13,"key":"Poison Potion"},{"floor":13,"key":"Weak Potion"},{"floor":14,"key":"GamblersBrew"},{"floor":19,"key":"Poison Potion"},{"floor":22,"key":"SteroidPotion"},{"floor":24,"key":"SteroidPotion"}],"is_trial":false,"path_per_floor":["M","M","?","?","?","R","E","T","T","E","M","T","?","M","R","B",null,"M","M","?","$","?","R","E","M","T","$","M","?"],"character_chosen":"THE_SILENT","items_purchased":["TwistedFunnel","PowerPotion","AttackPotion"],"campfire_rested":0,"item_purchase_floors":[21,21,21],"current_hp_per_floor":[64,60,60,46,46,46,31,31,31,19,15,15,20,20,20,8,75,68,56,56,56,37,37,36,30,30,30,30,0],"gold":160,"neow_bonus":"TRANSFORM_CARD","is_prod":false,"is_daily":false,"chose_seed":false,"campfire_upgraded":3,"win_rate":0,"timestamp":1543701894,"path_taken":["M","?","?","?","?","R","E","?","T","E","M","?","?","?","R","BOSS","M","M","?","$","?","R","E","M","T","?","?","?"],"build_version":"2018-11-15","purchased_purges":0,"victory":false,"max_hp_per_floor":[70,70,70,70,70,70,70,70,70,70,70,70,75,75,75,75,75,75,75,75,75,75,75,75,75,75,75,75,75],"card_choices":[{"not_picked":["Leg Sweep","Blade Dance"],"picked":"Poisoned Stab","floor":1},{"not_picked":["Masterful Stab","Flying Knee","Cloak And Dagger"],"picked":"SKIP","floor":2},{"not_picked":["Blade Dance","Dodge and Roll"],"picked":"Caltrops","floor":7},{"not_picked":["Bane","Quick Slash"],"picked":"Noxious Fumes","floor":10},{"not_picked":["Glass Knife","Dagger Spray","Backflip"],"picked":"SKIP","floor":11},{"not_picked":["Tactician","Sucker Punch","Flying Knee"],"picked":"SKIP","floor":14},{"not_picked":["Unload","Wraith Form v2"],"picked":"Doppelganger","floor":16},{"not_picked":["Bane","Calculated Gamble"],"picked":"Poisoned Stab","floor":18},{"not_picked":["Concentrate","Terror"],"picked":"Leg Sweep+1","floor":19},{"not_picked":["Underhanded Strike","Dodge and Roll"],"picked":"Caltrops","floor":22},{"not_picked":["Accuracy","Bane","Deflect"],"picked":"SKIP","floor":24},{"not_picked":["Bane+1","Escape Plan"],"picked":"Poisoned Stab","floor":25},{"not_picked":["Riddle With Holes","Tactician+1"],"picked":"Backstab","floor":28}],"player_experience":211523,"relics_obtained":[{"floor":7,"key":"PreservedInsect"},{"floor":8,"key":"Bottled Tornado"},{"floor":9,"key":"Happy Flower"},{"floor":10,"key":"Omamori"},{"floor":12,"key":"Unceasing Top"},{"floor":22,"key":"Red Mask"},{"floor":24,"key":"MawBank"},{"floor":26,"key":"Regal Pillow"}],"event_choices":[{"damage_healed":0,"gold_gain":0,"cards_transformed":["Strike_G"],"player_choice":"Change","damage_taken":0,"max_hp_gain":0,"max_hp_loss":0,"event_name":"Living Wall","floor":3,"gold_loss":0,"cards_obtained":["Calculated Gamble"]},{"damage_healed":0,"gold_gain":0,"player_choice":"Entered Light","damage_taken":14,"max_hp_gain":0,"max_hp_loss":0,"event_name":"Shining Light","floor":4,"gold_loss":0,"cards_upgraded":["Calculated Gamble","Defend_G"]},{"cards_removed":["Defend_G"],"damage_healed":0,"gold_gain":0,"player_choice":"Card Removal","damage_taken":0,"max_hp_gain":0,"max_hp_loss":0,"event_name":"The Cleric","floor":5,"gold_loss":50},{"damage_healed":0,"gold_gain":0,"player_choice":"Got Potions","damage_taken":0,"max_hp_gain":0,"max_hp_loss":0,"event_name":"Lab","floor":13,"gold_loss":0},{"damage_healed":0,"gold_gain":0,"cards_transformed":["Defend_G"],"player_choice":"Transformed","damage_taken":0,"max_hp_gain":0,"max_hp_loss":0,"event_name":"Transmorgrifier","floor":20,"gold_loss":0,"cards_obtained":["Calculated Gamble"]},{"damage_healed":0,"gold_gain":0,"player_choice":"Fought Bandits","damage_taken":0,"max_hp_gain":0,"max_hp_loss":0,"event_name":"Masked Bandits","floor":22,"gold_loss":0},{"damage_healed":0,"gold_gain":0,"player_choice":"Fight","damage_taken":0,"max_hp_gain":0,"max_hp_loss":0,"event_name":"Colosseum","floor":29,"gold_loss":0},{"damage_healed":0,"gold_gain":0,"player_choice":"Fought Nobs","damage_taken":0,"max_hp_gain":0,"max_hp_loss":0,"event_name":"Colosseum","floor":29,"gold_loss":0}],"is_beta":false,"boss_relics":[{"not_picked":["Eternal Feather","Tiny House"],"picked":"Coffee Dripper"}],"items_purged_floors":[],"is_endless":false,"potions_floor_spawned":[1,10,14,19,22,24,29],"killed_by":"Colosseum Nobs","ascension_level":2}