{"gold_per_floor":[217,19,94,110,128,157,157,187,211,224,244,277,297,309,309,414,414,433,433,446,458,64,120,120,152,179,10,10,36,36,51,51,153,153,170,189,62,62,75,110,110,145,218,229,229,28,40,68,68,68],"floor_reached":51,"playtime":4153,"items_purged":["Regret","Writhe","Clumsy"],"score":1112,"play_id":"39f82cb3-85de-4c2c-84fd-c74dc71eed80","local_time":"20190205210616","is_ascension_mode":true,"campfire_choices":[{"floor":7,"key":"REST"},{"data":"Demon Form","floor":15,"key":"SMITH"},{"floor":30,"key":"REST"},{"data":"Apotheosis","floor":32,"key":"SMITH"},{"floor":45,"key":"REST"},{"floor":49,"key":"REST"}],"neow_cost":"NONE","seed_source_timestamp":1122300047573500,"circlet_count":0,"master_deck":["Strike_R","Strike_R","Defend_R","Defend_R","Defend_R","Defend_R","Bash","Sword Boomerang","Seeing Red","Iron Wave","Cleave","Shockwave","Spot Weakness","Flex","Demon Form+1","Flame Barrier","Clothesline","Barricade","Shrug It Off","Body Slam+1","Twin Strike+1","Apotheosis+1","Immolate","Warcry","Demon Form","Iron Wave","Rage+1","Battle Trance+1","Offering","Feed+1","Fiend Fire+1","Reckless Charge+1","Disarm+1","Heavy Blade","Metallicize","Juggernaut","Thunderclap","Discovery","Finesse","Iron Wave","Flex+1","Flame Barrier+1","Demon Form"],"relics":["Burning Blood","Strange Spoon","Vajra","Anchor","Bronze Scales","Incense Burner","Cursed Key","Membership Card","PreservedInsect","Tiny Chest","The Courier","Centennial Puzzle","Bag of Marbles","Potion Belt","Red Skull","Bottled Lightning","Astrolabe","Boot","Shuriken","Darkstone Periapt","Art of War","Strawberry","Molten Egg 2"],"potions_floor_usage":[6,6,8,12,16,18,23,25,47,47,48,48,50,50],"damage_taken":[{"damage":7,"enemies":"Jaw Worm","floor":1,"turns":3},{"damage":1,"enemies":"Cultist","floor":4,"turns":3},{"damage":6,"enemies":"Small Slimes","floor":5,"turns":3},{"damage":25,"enemies":"Lagavulin","floor":6,"turns":5},{"damage":15,"enemies":"3 Sentries","floor":8,"turns":4},{"damage":0,"enemies":"2 Fungi Beasts","floor":10,"turns":2},{"damage":0,"enemies":"Exordium Wildlife","floor":11,"turns":2},{"damage":11,"enemies":"Gremlin Nob","floor":12,"turns":3},{"damage":0,"enemies":"Large Slime","floor":13,"turns":3},{"damage":0,"enemies":"Red Slaver","floor":14,"turns":2},{"damage":10,"enemies":"The Guardian","floor":16,"turns":7},{"damage":28,"enemies":"Shell Parasite","floor":18,"turns":4},{"damage":13,"enemies":"Chosen","floor":20,"turns":5},{"damage":3,"enemies":"Centurion and Healer","floor":21,"turns":7},{"damage":14,"enemies":"Book of Stabbing","floor":23,"turns":4},{"damage":14,"enemies":"Slavers","floor":25,"turns":3},{"damage":0,"enemies":"Gremlin Leader","floor":29,"turns":4},{"damage":6,"enemies":"Shelled Parasite and Fungi","floor":31,"turns":4},{"damage":10,"enemies":"Collector","floor":33,"turns":8},{"damage":0,"enemies":"3 Shapes","floor":35,"turns":1},{"damage":6,"enemies":"3 Darklings","floor":36,"turns":3},{"damage":25,"enemies":"4 Shapes","floor":39,"turns":4},{"damage":22,"enemies":"Reptomancer","floor":40,"turns":4},{"damage":13,"enemies":"Nemesis","floor":42,"turns":3},{"damage":9,"enemies":"Transient","floor":44,"turns":5},{"damage":9,"enemies":"3 Darklings","floor":47,"turns":3},{"damage":26,"enemies":"Reptomancer","floor":48,"turns":4},{"damage":53,"enemies":"Awakened One","floor":50,"turns":9}],"seed_played":"-8532782071457888818","potions_obtained":[{"floor":1,"key":"Swift Potion"},{"floor":4,"key":"AttackPotion"},{"floor":5,"key":"Strength Potion"},{"floor":6,"key":"PowerPotion"},{"floor":12,"key":"SkillPotion"},{"floor":14,"key":"SpeedPotion"},{"floor":20,"key":"SpeedPotion"},{"floor":23,"key":"Swift Potion"},{"floor":36,"key":"Poison Potion"},{"floor":39,"key":"EssenceOfSteel"},{"floor":42,"key":"FearPotion"},{"floor":44,"key":"Regen Potion"},{"floor":47,"key":"Block Potion"}],"is_trial":false,"path_per_floor":["M","$","?","M","M","E","R","E","T","M","M","E","M","M","R","B",null,"M","?","M","M","$","E","T","E","T","$","$","E","R","M","R","B",null,"M","M","$","?","M","E","?","E","T","M","R","$","M","E","R","B",null],"character_chosen":"IRONCLAD","items_purchased":["Strange Spoon","Membership Card","Apotheosis","PreservedInsect","Immolate","Iron Wave","Potion Belt","Red Skull","Metallicize","Juggernaut","Art of War","Strawberry","Fire Potion"],"campfire_rested":4,"item_purchase_floors":[2,22,22,22,22,27,27,27,37,37,46,46,46],"current_hp_per_floor":[71,71,63,68,68,49,73,64,64,70,76,71,77,80,80,76,79,57,42,35,38,38,30,30,22,22,22,22,28,53,53,53,49,76,82,82,82,81,62,46,41,34,34,31,55,62,59,44,70,23],"gold":68,"neow_bonus":"HUNDRED_GOLD","is_prod":false,"is_daily":false,"chose_seed":false,"campfire_upgraded":2,"win_rate":0,"timestamp":1549418776,"path_taken":["M","$","?","M","M","E","R","E","T","M","M","E","M","?","R","BOSS","M","?","M","M","$","E","?","E","T","?","$","E","R","M","R","BOSS","M","M","$","?","M","E","?","E","T","M","R","$","M","E","R","BOSS"],"build_version":"2019-01-23","purchased_purges":3,"victory":true,"max_hp_per_floor":[80,80,80,80,80,80,80,80,80,80,80,80,80,80,80,80,80,80,85,85,85,85,85,85,85,85,85,85,85,85,85,85,85,85,85,85,85,81,81,81,81,81,81,81,81,88,88,88,88,88],"card_choices":[{"not_picked":["Havoc","Anger"],"picked":"Sword Boomerang","floor":1},{"not_picked":["Twin Strike","Iron Wave"],"picked":"Seeing Red","floor":4},{"not_picked":["Battle Trance","Twin Strike"],"picked":"Iron Wave","floor":5},{"not_picked":["True Grit","Feel No Pain"],"picked":"Cleave","floor":6},{"not_picked":["Rampage","Dark Embrace"],"picked":"Shockwave","floor":8},{"not_picked":["Iron Wave","Burning Pact"],"picked":"Spot Weakness","floor":10},{"not_picked":["Blood for Blood","Anger"],"picked":"Flex","floor":11},{"not_picked":["Shrug It Off","Wild Strike"],"picked":"Demon Form","floor":12},{"not_picked":["Havoc","Wild Strike"],"picked":"Flame Barrier","floor":13},{"not_picked":["Combust","Dropkick"],"picked":"Clothesline","floor":14},{"not_picked":["Offering","Exhume"],"picked":"Barricade","floor":16},{"not_picked":["Headbutt+1","Wild Strike+1"],"picked":"Shrug It Off","floor":18},{"not_picked":["Twin Strike","Evolve"],"picked":"Body Slam+1","floor":20},{"not_picked":["Body Slam","Warcry"],"picked":"Twin Strike+1","floor":21},{"not_picked":["Thunderclap","Sword Boomerang"],"picked":"Warcry","floor":23},{"not_picked":["Sword Boomerang","Thunderclap+1"],"picked":"Demon Form","floor":25},{"not_picked":["Uppercut","Thunderclap"],"picked":"Rage+1","floor":29},{"not_picked":["Combust","Pommel Strike+1"],"picked":"Battle Trance+1","floor":31},{"not_picked":["Bludgeon","Immolate"],"picked":"Offering","floor":33},{"not_picked":["Spot Weakness","Wild Strike"],"picked":"Disarm+1","floor":35},{"not_picked":["Headbutt+1","Dual Wield+1"],"picked":"Heavy Blade","floor":36},{"not_picked":["Armaments+1","Warcry+1","Battle Trance"],"picked":"SKIP","floor":39},{"not_picked":["Searing Blow+1","Cleave"],"picked":"Thunderclap","floor":40},{"not_picked":["Good Instincts","The Bomb"],"picked":"Discovery","floor":41},{"not_picked":["Flash of Steel","Master of Strategy"],"picked":"Finesse","floor":41},{"not_picked":["Rupture","True Grit+1"],"picked":"Iron Wave","floor":42},{"not_picked":["Perfected Strike","Warcry"],"picked":"Flex+1","floor":44},{"not_picked":["Shrug It Off+1","Rupture+1"],"picked":"Flame Barrier+1","floor":47},{"not_picked":["Clash+1","Perfected Strike+1"],"picked":"Demon Form","floor":48}],"player_experience":448572,"relics_obtained":[{"floor":6,"key":"Vajra"},{"floor":8,"key":"Anchor"},{"floor":9,"key":"Bronze Scales"},{"floor":12,"key":"Incense Burner"},{"floor":23,"key":"Tiny Chest"},{"floor":24,"key":"The Courier"},{"floor":25,"key":"Centennial Puzzle"},{"floor":26,"key":"Bag of Marbles"},{"floor":29,"key":"Bottled Lightning"},{"floor":40,"key":"Boot"},{"floor":42,"key":"Shuriken"},{"floor":43,"key":"Darkstone Periapt"},{"floor":48,"key":"Molten Egg 2"}],"event_choices":[{"damage_healed":0,"gold_gain":75,"player_choice":"Touch","damage_taken":8,"max_hp_gain":0,"max_hp_loss":0,"event_name":"FaceTrader","floor":3,"gold_loss":0},{"damage_healed":0,"gold_gain":0,"player_choice":"Shed Blood","damage_taken":20,"max_hp_gain":5,"max_hp_loss":0,"event_name":"Forgotten Altar","floor":19,"gold_loss":0},{"damage_healed":0,"gold_gain":0,"player_choice":"Max HP","damage_taken":0,"max_hp_gain":0,"max_hp_loss":4,"event_name":"Winding Halls","floor":38,"gold_loss":0},{"damage_healed":0,"gold_gain":0,"player_choice":"Memory 2","damage_taken":5,"max_hp_gain":0,"max_hp_loss":0,"event_name":"SensoryStone","floor":41,"gold_loss":0}],"is_beta":false,"boss_relics":[{"not_picked":["Orrery","Empty Cage"],"picked":"Cursed Key"},{"not_picked":["White Beast Statue","Mark of Pain"],"picked":"Astrolabe"}],"items_purged_floors":[27,37,46],"is_endless":false,"potions_floor_spawned":[1,4,5,6,12,14,20,23,36,39,42,44,47],"ascension_level":6}