{"path_per_floor":["M","?","M","M","$","R","E","R","T","E","M","R","M","M","R","B",null,"M","M","?","$","M","R","?","?","T","R","?","M","R","M","R","B",null,"M","?","M","M","$","?","M","M","T","M","T","?"],"character_chosen":"IRONCLAD","items_purchased":["Shrug It Off","Finesse","Inflame","Molten Egg 2"],"gold_per_floor":[114,114,126,145,2,2,36,36,109,140,159,159,173,186,186,291,291,307,319,319,5,19,19,19,19,19,19,19,35,35,45,45,142,142,161,0,17,37,37,37,57,71,95,109,109,109],"floor_reached":47,"campfire_rested":3,"playtime":5720,"current_hp_per_floor":[80,68,70,70,70,70,57,57,57,67,68,68,76,75,75,54,94,76,71,71,71,39,67,67,48,48,77,77,71,71,61,90,33,99,96,96,60,33,33,33,35,21,21,13,13,13],"items_purged":["Strike_R"],"gold":109,"score":439,"play_id":"e7d160de-8242-4711-89a6-9ab618d45a26","is_prod":false,"is_daily":false,"is_ascension_mode":false,"campfire_upgraded":5,"path_taken":["M","?","M","M","$","R","E","R","T","E","?","R","M","M","R","BOSS","M","?","?","$","M","R","?","?","T","R","?","?","R","M","R","BOSS","M","?","?","M","$","?","M","M","T","?","?","?","?"],"build_version":"2018-02-22-PROD2","purchased_purges":1,"victory":false,"master_deck":["Strike_R","Strike_R","Strike_R","Defend_R","Defend_R","Defend_R","Defend_R","Bash","Armaments+1","Anger","Shrug It Off+1","Finesse","Body Slam+1","Pommel Strike","Armaments+1","Iron Wave","Impervious+1","Headbutt","Ghostly Armor+1","Inflame","Dual Wield+1","Juggernaut","Infernal Blade+1","Shockwave+1","Rampage+1","Heavy Blade+1"],"max_hp_per_floor":[80,80,80,80,80,80,80,80,80,94,94,94,94,94,94,94,94,94,94,94,94,94,94,94,99,99,99,99,99,99,99,99,99,99,99,99,99,99,99,99,99,99,99,99,99,99],"relics":["Burning Blood","Blood Vial","Orichalcum","The Courier","Mango","White Beast Statue","Molten Egg 2","Kunai","Velvet Choker","Red Mask","War Paint","Frozen Eye"],"card_choices":[{"not_picked":["Sword Boomerang","Pummel"],"picked":"Twin Strike"},{"not_picked":["Thunderclap","Pommel Strike"],"picked":"Armaments"},{"not_picked":["Rupture","Feel No Pain"],"picked":"Anger"},{"not_picked":["Rupture","Sword Boomerang"],"picked":"Body Slam"},{"not_picked":["Wild Strike","Clash"],"picked":"Pommel Strike"},{"not_picked":["Heavy Blade","Entrench"],"picked":"Armaments"},{"not_picked":["Intimidate","Uppercut"],"picked":"Iron Wave"},{"not_picked":["Brutality","Fiend Fire"],"picked":"Impervious"},{"not_picked":["Combust","Perfected Strike"],"picked":"Headbutt"},{"not_picked":["Sword Boomerang","Perfected Strike"],"picked":"Ghostly Armor"},{"not_picked":["True Grit","Anger"],"picked":"Dual Wield"},{"not_picked":["Berserk","Bludgeon"],"picked":"Juggernaut"},{"not_picked":["Perfected Strike","Intimidate"],"picked":"Infernal Blade"},{"not_picked":["Intimidate","Clash"],"picked":"Shockwave"},{"not_picked":["Offering","Flex"],"picked":"Rampage"},{"not_picked":["Wild Strike","Clothesline"],"picked":"Heavy Blade"}],"player_experience":69213,"potions_floor_usage":[10,10,16,19,19,31,33,33,33,38,38,42,44,44,47],"damage_taken":[{"damage":6,"enemies":"Cultist","floor":1,"turns":3},{"damage":6,"enemies":"Small Slimes","floor":3,"turns":3},{"damage":8,"enemies":"Jaw Worm","floor":4,"turns":3},{"damage":21,"enemies":"Lagavulin","floor":7,"turns":7},{"damage":12,"enemies":"3 Sentries","floor":10,"turns":7},{"damage":7,"enemies":"Red Slaver","floor":11,"turns":2},{"damage":0,"enemies":"Lots of Slimes","floor":13,"turns":4},{"damage":9,"enemies":"Exordium Wildlife","floor":14,"turns":5},{"damage":29,"enemies":"Slime Boss","floor":16,"turns":12},{"damage":24,"enemies":"Spheric Guardian","floor":18,"turns":6},{"damage":13,"enemies":"Chosen","floor":19,"turns":5},{"damage":40,"enemies":"Snake Plant","floor":22,"turns":7},{"damage":14,"enemies":"Sentry and Sphere","floor":29,"turns":7},{"damage":18,"enemies":"Slaver and Parasite","floor":31,"turns":9},{"damage":80,"enemies":"Collector","floor":33,"turns":17},{"damage":9,"enemies":"3 Shapes","floor":35,"turns":6},{"damage":44,"enemies":"3 Darklings","floor":37,"turns":11},{"damage":35,"enemies":"Maw","floor":38,"turns":10},{"damage":6,"enemies":"4 Shapes","floor":41,"turns":6},{"damage":22,"enemies":"3 Darklings","floor":42,"turns":6},{"damage":16,"enemies":"Maw","floor":44,"turns":10},{"damage":8,"enemies":"Sphere and 2 Shapes","floor":47,"turns":4}],"event_choices":[{"event_name":"Scrap Ooze","player_choice":"success","floor":2,"damage_taken":12},{"event_name":"Back to Basics","player_choice":"Elegance","floor":20,"damage_taken":0},{"event_name":"Addict","player_choice":"Ignored","floor":24,"damage_taken":0},{"event_name":"Forgotten Altar","player_choice":"Shed Blood","floor":25,"damage_taken":0},{"event_name":"Cursed Tome","player_choice":"Ignored","floor":28,"damage_taken":0},{"event_name":"Tomb of Lord Red Mask","player_choice":"Paid","floor":36,"damage_taken":0},{"event_name":"Mysterious Sphere","player_choice":"Ignore","floor":46,"damage_taken":0}],"boss_relics":[{"not_picked":["Snecko Eye","Calling Bell"],"picked":"White Beast Statue"},{"not_picked":["Cursed Key","Sozu"],"picked":"Velvet Choker"}],"potions_floor_spawned":[3,4,7,16,18,19,22,29,31,33,35,37,38,41,42,44],"seed_played":"-5787190197816089043","killed_by":"Sphere and 2 Shapes","ascension_level":0,"is_trial":false}