{"gold_per_floor":[119,194,194,204,215,215,232,232,280,280,299,314,342,8,8,8],"floor_reached":16,"playtime":1198,"items_purged":[],"score":117,"play_id":"9955da23-7971-4812-baf7-3508c12d2879","local_time":"20181111223352","is_ascension_mode":true,"campfire_choices":[{"data":"Perfected Strike","floor":6,"key":"SMITH"},{"data":"Flex","floor":8,"key":"SMITH"},{"data":"Bash","floor":10,"key":"SMITH"},{"data":"Dual Wield","floor":15,"key":"SMITH"}],"neow_cost":"NONE","seed_source_timestamp":701478591885865,"circlet_count":0,"master_deck":["Strike_R","Strike_R","Strike_R","Strike_R","Defend_R","Defend_R","Defend_R","Defend_R+1","Bash+1","Flex+1","Perfected Strike+1","True Grit+1","Flex","Twin Strike","Dual Wield+1"],"relics":["Burning Blood","Anchor","War Paint","Lantern","Pear"],"potions_floor_usage":[16,16,16],"damage_taken":[{"damage":2,"enemies":"Jaw Worm","floor":1,"turns":3},{"damage":0,"enemies":"2 Louse","floor":4,"turns":2},{"damage":0,"enemies":"Small Slimes","floor":5,"turns":2},{"damage":15,"enemies":"2 Fungi Beasts","floor":7,"turns":3},{"damage":0,"enemies":"3 Louse","floor":11,"turns":4},{"damage":8,"enemies":"Large Slime","floor":12,"turns":2},{"damage":26,"enemies":"Lagavulin","floor":13,"turns":5},{"damage":70,"enemies":"Slime Boss","floor":16,"turns":11}],"seed_played":"1391598537704416894","potions_obtained":[{"floor":7,"key":"BloodPotion"},{"floor":12,"key":"SteroidPotion"},{"floor":13,"key":"Weak Potion"}],"is_trial":false,"path_per_floor":["M","?","?","M","M","R","M","R","T","R","M","M","E","$","R","B"],"character_chosen":"IRONCLAD","items_purchased":["Dual Wield","Pear"],"campfire_rested":0,"item_purchase_floors":[14,14],"current_hp_per_floor":[80,69,62,68,74,74,65,65,65,65,71,69,49,59,59,0],"gold":8,"neow_bonus":"RANDOM_COMMON_RELIC","is_prod":false,"is_daily":false,"chose_seed":false,"campfire_upgraded":4,"win_rate":0,"timestamp":1541993632,"path_taken":["M","?","?","M","M","R","M","R","T","R","M","M","E","$","R","BOSS"],"build_version":"2018-11-08","purchased_purges":0,"victory":false,"max_hp_per_floor":[80,80,80,80,80,80,80,80,80,80,80,80,80,90,90,90],"card_choices":[{"not_picked":["Wild Strike","Twin Strike"],"picked":"Flex","floor":1},{"not_picked":["Iron Wave","Second Wind"],"picked":"Perfected Strike","floor":4},{"not_picked":["Havoc","Sentinel","Body Slam"],"picked":"SKIP","floor":5},{"not_picked":["Shrug It Off","Cleave"],"picked":"True Grit","floor":7},{"not_picked":["Metallicize","Entrench"],"picked":"Flex","floor":11},{"not_picked":["Heavy Blade","Iron Wave","Flame Barrier"],"picked":"SKIP","floor":12},{"not_picked":["Heavy Blade","Barricade"],"picked":"Twin Strike","floor":13}],"player_experience":796268,"relics_obtained":[{"floor":9,"key":"War Paint"},{"floor":13,"key":"Lantern"}],"event_choices":[{"damage_healed":0,"gold_gain":75,"player_choice":"Gather Gold","damage_taken":11,"max_hp_gain":0,"max_hp_loss":0,"event_name":"World of Goop","floor":2,"gold_loss":0},{"cards_removed":["Strike_R"],"damage_healed":0,"gold_gain":0,"player_choice":"Card Removal","damage_taken":7,"max_hp_gain":0,"max_hp_loss":0,"event_name":"Golden Wing","floor":3,"gold_loss":0}],"is_beta":false,"boss_relics":[],"items_purged_floors":[],"is_endless":false,"potions_floor_spawned":[7,12,13],"killed_by":"Slime Boss","ascension_level":3}