{"path_per_floor":["M","$","?","$","M","R","?","?","T","R","M","M","?","M","R"],"character_chosen":"DEFECT","items_purchased":["Capacitor","Capacitor"],"gold_per_floor":[111,65,65,16,36,36,36,136,183,183,207,225,250,273,273,273],"floor_reached":16,"campfire_rested":1,"playtime":1754,"current_hp_per_floor":[75,75,75,75,71,71,64,64,64,64,63,59,22,20,42,0],"items_purged":[],"gold":273,"score":90,"play_id":"8f495af9-e41f-4e9a-8526-ca3d8aab5bc6","local_time":"20180427014531","is_prod":false,"is_daily":false,"chose_seed":false,"is_ascension_mode":false,"campfire_upgraded":2,"timestamp":1524807931,"path_taken":["M","$","?","?","?","R","?","?","T","R","?","M","?","M","R","BOSS"],"build_version":"2018-04-26","seed_source_timestamp":1077045363812631,"purchased_purges":0,"victory":false,"master_deck":["Strike_B","Strike_B","Strike_B","Defend_B","Defend_B","Defend_B","Defend_B","Zap+1","Dualcast","Capacitor","Capacitor","Injury","Capacitor+1","Skim","Coolheaded","Skim","Machine Learning","Stack"],"max_hp_per_floor":[75,75,75,75,75,75,75,75,75,75,75,75,75,75,75,75],"relics":["Cracked Core","Golden Idol","Bronze Scales","Odd Mushroom"],"card_choices":[{"not_picked":["Stack","Hello World"],"picked":"Capacitor","floor":1},{"not_picked":["Loop","Hello World"],"picked":"Skim","floor":5},{"not_picked":["Capacitor","Streamline"],"picked":"Coolheaded","floor":11},{"not_picked":["Leap","Cold Snap"],"picked":"Skim","floor":12},{"not_picked":["Loop","Skim"],"picked":"Machine Learning","floor":13},{"not_picked":["Flux Capacitor","Heatsinks"],"picked":"Stack","floor":14}],"player_experience":6675,"potions_floor_usage":[14,16],"damage_taken":[{"damage":0,"enemies":"2 Louse","floor":1,"turns":2},{"damage":4,"enemies":"Small Slimes","floor":5,"turns":4},{"damage":1,"enemies":"Cultist","floor":11,"turns":4},{"damage":4,"enemies":"Red Slaver","floor":12,"turns":4},{"damage":37,"enemies":"The Mushroom Lair","floor":13,"turns":5},{"damage":2,"enemies":"Looter","floor":14,"turns":3},{"damage":44,"enemies":"Hexaghost","floor":16,"turns":9}],"event_choices":[{"event_name":"Golden Idol","player_choice":"Take Wound","floor":3,"damage_taken":0},{"event_name":"Golden Wing","player_choice":"Card Removal","floor":7,"damage_taken":0},{"event_name":"Golden Shrine","player_choice":"Pray","floor":8,"damage_taken":0},{"event_name":"Mushrooms","player_choice":"Fought Mushrooms","floor":13,"damage_taken":0}],"boss_relics":[],"potions_floor_spawned":[11,13],"seed_played":"3501493390635693538","killed_by":"Hexaghost","ascension_level":0,"is_trial":false}