{"gold_per_floor":[115,115,126,141,160,160,60,60,60,60,78,97,116,136,136,239,239,256,171,171,18,18,18,38,53,53,3,3],"floor_reached":28,"playtime":1082,"items_purged":["Strike_G","Strike_G"],"score":384,"play_id":"3ae15656-63bd-4bee-a16d-f84d226ba419","local_time":"20190303004612","is_ascension_mode":true,"campfire_choices":[{"data":"Die Die Die","floor":6,"key":"SMITH"},{"floor":15,"key":"REST"},{"data":"Burst","floor":23,"key":"SMITH"}],"neow_cost":"","seed_source_timestamp":701173383437200,"circlet_count":0,"master_deck":["Defend_G","Defend_G","Defend_G","Defend_G","Defend_G","Survivor","Neutralize","Blade Dance","Infinite Blades","Die Die Die+1","Noxious Fumes","Crippling Poison","Noxious Fumes+1","Blade Dance","Escape Plan","Infinite Blades","Burst+1","Outmaneuver+1","Bite","Bite","Bite","Bite","Bite","Bullet Time","Deflect"],"relics":["Ring of the Snake","Boot","Letter Opener","Lizard Tail","Question Card","Vajra","Kunai","Paper Crane"],"potions_floor_usage":[16,16,25],"damage_taken":[{"damage":1,"enemies":"Jaw Worm","floor":1,"turns":2},{"damage":0,"enemies":"Cultist","floor":3,"turns":3},{"damage":6,"enemies":"2 Louse","floor":4,"turns":2},{"damage":11,"enemies":"Large Slime","floor":5,"turns":6},{"damage":4,"enemies":"3 Louse","floor":11,"turns":2},{"damage":1,"enemies":"Gremlin Gang","floor":12,"turns":3},{"damage":1,"enemies":"Looter","floor":13,"turns":4},{"damage":0,"enemies":"Blue Slaver","floor":14,"turns":4},{"damage":9,"enemies":"Hexaghost","floor":16,"turns":8},{"damage":19,"enemies":"Chosen","floor":18,"turns":6},{"damage":27,"enemies":"Spheric Guardian","floor":24,"turns":4},{"damage":56,"enemies":"Shelled Parasite and Fungi","floor":25,"turns":7},{"damage":22,"enemies":"Snake Plant","floor":28,"turns":3}],"seed_played":"301674186563275104","potions_obtained":[{"floor":3,"key":"GhostInAJar"},{"floor":11,"key":"PowerPotion"},{"floor":16,"key":"EssenceOfSteel"},{"floor":24,"key":"Fruit Juice"}],"is_trial":false,"path_per_floor":["M","?","M","M","M","R","$","?","T","$","M","M","M","M","R","B",null,"M","?","?","$","?","R","M","M","T","$","M"],"character_chosen":"THE_SILENT","items_purchased":["Boot","Blade Dance","Infinite Blades","Die Die Die","Vajra","Deflect"],"campfire_rested":1,"item_purchase_floors":[0,0,0,0,21,27],"current_hp_per_floor":[47,47,47,41,30,30,30,30,30,30,26,25,24,24,45,36,70,51,51,49,49,49,49,22,10,10,10,0],"gold":3,"neow_bonus":"","is_prod":false,"is_daily":false,"chose_seed":false,"campfire_upgraded":2,"win_rate":0,"timestamp":1551570372,"path_taken":["M","?","?","M","M","R","$","?","T","$","M","M","M","?","R","BOSS","M","?","?","$","?","R","M","M","T","$","M"],"build_version":"2019-01-23","purchased_purges":2,"victory":false,"max_hp_per_floor":[70,70,70,70,70,70,70,70,70,70,70,70,70,70,70,70,70,70,70,49,49,49,49,49,54,54,54,54],"card_choices":[{"not_picked":["Flying Knee","Acrobatics"],"picked":"Noxious Fumes","floor":1},{"not_picked":["Expertise","Outmaneuver"],"picked":"Crippling Poison","floor":3},{"not_picked":["Acrobatics","Flying Knee"],"picked":"Noxious Fumes","floor":4},{"not_picked":["Bane","Poisoned Stab"],"picked":"Blade Dance","floor":5},{"not_picked":["Poisoned Stab","Tactician","Skewer"],"picked":"SKIP","floor":11},{"not_picked":["Dodge and Roll","Blade Dance","Bouncing Flask"],"picked":"SKIP","floor":12},{"not_picked":["Prepared","Dodge and Roll"],"picked":"Escape Plan","floor":13},{"not_picked":["Sucker Punch","Glass Knife"],"picked":"Infinite Blades","floor":14},{"not_picked":["Doppelganger","Night Terror"],"picked":"Burst","floor":16},{"not_picked":["Blade Dance","Cloak And Dagger"],"picked":"Outmaneuver+1","floor":18},{"not_picked":["Deflect","Deadly Poison","Accuracy"],"picked":"Bullet Time","floor":24},{"not_picked":["Eviscerate","Prepared","Blade Dance","Catalyst+1"],"picked":"SKIP","floor":25}],"player_experience":148936,"relics_obtained":[{"floor":9,"key":"Letter Opener"},{"floor":22,"key":"Kunai"},{"floor":26,"key":"Paper Crane"}],"event_choices":[{"damage_healed":0,"gold_gain":0,"player_choice":"Ignored","damage_taken":0,"max_hp_gain":0,"max_hp_loss":0,"event_name":"WeMeetAgain","floor":2,"gold_loss":0},{"damage_healed":0,"gold_gain":0,"player_choice":"Upgraded","damage_taken":0,"max_hp_gain":0,"max_hp_loss":0,"event_name":"Upgrade Shrine","floor":8,"gold_loss":0,"cards_upgraded":["Noxious Fumes"]},{"damage_healed":0,"gold_gain":0,"player_choice":"Obtained Relic","damage_taken":0,"relics_obtained":["Question Card"],"max_hp_gain":0,"max_hp_loss":0,"event_name":"Addict","floor":19,"gold_loss":85},{"damage_healed":0,"gold_gain":0,"player_choice":"Became a vampire","damage_taken":0,"max_hp_gain":0,"max_hp_loss":21,"event_name":"Vampires","floor":20,"gold_loss":0,"cards_obtained":["Bite","Bite","Bite","Bite","Bite"]},{"damage_healed":0,"gold_gain":0,"player_choice":"Relic","damage_taken":0,"max_hp_gain":0,"max_hp_loss":0,"event_name":"Wheel of Change","floor":22,"gold_loss":0}],"is_beta":false,"boss_relics":[{"not_picked":["Velvet Choker","Tiny House"],"picked":"Lizard Tail"}],"items_purged_floors":[0,7],"is_endless":false,"potions_floor_spawned":[3,11,16,24],"killed_by":"Snake Plant","ascension_level":3}