{"gold_per_floor":[114,114,132,282,295,327,327,346,346,365,365,365],"floor_reached":12,"playtime":500,"items_purged":[],"score":152,"play_id":"96f52e36-4dbb-4db3-a549-5c20c1e4cf84","local_time":"20190303063745","is_ascension_mode":true,"campfire_choices":[{"floor":7,"key":"REST"}],"neow_cost":"NONE","seed_source_timestamp":121877201254078,"circlet_count":0,"master_deck":["AscendersBane","Defend_G","Defend_G","Defend_G","Defend_G","Defend_G","Strike_G","Strike_G","Strike_G","Strike_G","Strike_G","Survivor","Neutralize","Infinite Blades","Acrobatics","Doubt","Tools of the Trade","Backstab","Deflect+1"],"relics":["Ring of the Snake","NeowsBlessing","WarpedTongs","Tough Bandages","Toxic Egg 2"],"potions_floor_usage":[6,12],"damage_taken":[{"damage":0,"enemies":"Small Slimes","floor":1,"turns":1},{"damage":1,"enemies":"Cultist","floor":3,"turns":1},{"damage":2,"enemies":"2 Louse","floor":5,"turns":1},{"damage":53,"enemies":"Gremlin Nob","floor":6,"turns":6},{"damage":4,"enemies":"2 Fungi Beasts","floor":8,"turns":5},{"damage":5,"enemies":"Red Slaver","floor":10,"turns":4},{"damage":16,"enemies":"Gremlin Gang","floor":12,"turns":3}],"seed_played":"1706868987034751862","potions_obtained":[{"floor":1,"key":"Ancient Potion"},{"floor":8,"key":"Weak Potion"},{"floor":10,"key":"SkillPotion"}],"is_trial":false,"path_per_floor":["M","?","M","?","M","E","R","M","T","M","?","M"],"character_chosen":"THE_SILENT","items_purchased":[],"campfire_rested":1,"item_purchase_floors":[],"current_hp_per_floor":[59,59,58,58,56,3,22,18,18,13,13,0],"gold":365,"neow_bonus":"THREE_ENEMY_KILL","is_prod":false,"is_daily":false,"chose_seed":false,"campfire_upgraded":0,"win_rate":0,"timestamp":1551587865,"path_taken":["M","?","?","?","M","E","R","M","T","M","?","M"],"build_version":"2019-01-23","purchased_purges":0,"victory":false,"max_hp_per_floor":[66,66,66,66,66,66,66,66,66,66,66,66],"card_choices":[{"not_picked":["Prepared","Terror"],"picked":"Infinite Blades","floor":1},{"not_picked":["Deflect","Reflex"],"picked":"Acrobatics","floor":3},{"not_picked":["Noxious Fumes","Blade Dance"],"picked":"Tools of the Trade","floor":5},{"not_picked":["A Thousand Cuts","Flying Knee"],"picked":"Backstab","floor":6},{"not_picked":["Deadly Poison","Deflect","Bane"],"picked":"SKIP","floor":8},{"not_picked":["Prepared+1","Acrobatics+1"],"picked":"Deflect+1","floor":10}],"player_experience":340746,"relics_obtained":[{"floor":6,"key":"Tough Bandages"},{"floor":9,"key":"Toxic Egg 2"}],"event_choices":[{"damage_healed":0,"gold_gain":0,"player_choice":"Rummage","damage_taken":0,"relics_obtained":["WarpedTongs"],"max_hp_gain":0,"max_hp_loss":0,"event_name":"Accursed Blacksmith","floor":2,"gold_loss":0,"cards_obtained":["Pain"]},{"damage_healed":0,"gold_gain":150,"player_choice":"AGREE","damage_taken":0,"max_hp_gain":0,"max_hp_loss":0,"event_name":"Liars Game","floor":4,"gold_loss":0,"cards_obtained":["Doubt"]},{"cards_removed":["Pain"],"damage_healed":0,"gold_gain":0,"player_choice":"Forget","damage_taken":0,"max_hp_gain":0,"max_hp_loss":0,"event_name":"Living Wall","floor":11,"gold_loss":0}],"is_beta":false,"boss_relics":[],"items_purged_floors":[],"is_endless":false,"potions_floor_spawned":[1,8,10],"killed_by":"Gremlin Gang","ascension_level":18}