{"path_per_floor":["M","?","M","M","?","R","M","R","T","M","?","M","?","$","R","B",null,"M","M","?","M","?","R","?","R","T","M","R","M","M","$","R"],"character_chosen":"THE_SILENT","items_purchased":["Infinite Blades","Molten Egg 2","Backflip","Poisoned Stab","Backflip"],"gold_per_floor":[112,112,124,136,311,311,321,321,321,335,335,353,353,21,21,120,120,136,124,124,144,144,144,44,44,44,60,60,74,86,16,16],"floor_reached":33,"campfire_rested":3,"playtime":4096,"current_hp_per_floor":[70,70,70,67,67,67,59,59,59,59,52,52,45,45,66,27,70,54,54,54,40,40,61,61,61,61,50,50,38,7,7,28],"items_purged":[],"gold":16,"play_id":"24ab1230-57ea-4778-b98c-cc5ffd65cffc","is_prod":false,"is_daily":false,"is_ascension_mode":false,"campfire_upgraded":4,"path_taken":["M","?","M","M","?","R","?","R","T","M","?","M","?","$","R","BOSS","M","M","?","M","?","R","?","R","T","M","R","?","M","$","R","BOSS"],"build_version":"2018-02-01-PROD3","purchased_purges":0,"victory":false,"master_deck":["Defend_G","Defend_G","Defend_G","Defend_G","Defend_G","Strike_G","Strike_G","Strike_G","Strike_G","Survivor","Neutralize","Outmaneuver","Sucker Punch","Dagger Throw+1","Dodge and Roll","Quick Slash+1","Outmaneuver","After Image+1","Flying Knee","Infinite Blades","Backflip","Adrenaline+1","Noxious Fumes","Flying Knee+1","Poisoned Stab+1","J.A.X.","Dagger Spray+1","Poisoned Stab+1","Choke+1","Poisoned Stab+1","Backflip+1"],"max_hp_per_floor":[70,70,70,70,70,70,70,70,70,70,70,70,70,70,70,70,70,70,70,70,70,70,70,70,70,70,70,70,70,70,70,70],"relics":["Ring of the Snake","Kunai","Anchor","Molten Egg 2","Question Card","Happy Flower","Toxic Egg 2"],"card_choices":[{"not_picked":["Dagger Spray","Deflect"],"picked":"Outmaneuver"},{"not_picked":["Bane","Deadly Poison"],"picked":"Sucker Punch"},{"not_picked":["Outmaneuver","Dagger Throw"],"picked":"Dodge and Roll"},{"not_picked":["Acrobatics","Deadly Poison"],"picked":"Quick Slash"},{"not_picked":["Slice","Skewer"],"picked":"Outmaneuver"},{"not_picked":["Calculated Gamble","Poisoned Stab"],"picked":"After Image"},{"not_picked":["Quick Slash","PiercingWail"],"picked":"Flying Knee"},{"not_picked":["Venomology","Phantasmal Killer"],"picked":"Adrenaline"},{"not_picked":["Deadly Poison","Infinite Blades","Slice"],"picked":"Noxious Fumes"},{"not_picked":["Dodge and Roll","Backflip","Eviscerate"],"picked":"Flying Knee"},{"not_picked":["Acrobatics","Quick Slash","Bane"],"picked":"Poisoned Stab"},{"not_picked":["Well Laid Plans","All Out Attack","Quick Slash"],"picked":"Dagger Spray"},{"not_picked":["Quick Slash","Deflect","Caltrops"],"picked":"Poisoned Stab"},{"not_picked":["Slice","Acrobatics","Venomology"],"picked":"Choke"}],"player_experience":20018,"potions_floor_usage":[12,16,30,33],"damage_taken":[{"damage":0,"enemies":"Small Slimes","floor":1,"turns":6},{"damage":0,"enemies":"Jaw Worm","floor":3,"turns":6},{"damage":3,"enemies":"2 Louse","floor":4,"turns":4},{"damage":8,"enemies":"Exordium Thugs","floor":7,"turns":5},{"damage":0,"enemies":"2 Fungi Beasts","floor":10,"turns":3},{"damage":0,"enemies":"Looter","floor":12,"turns":4},{"damage":39,"enemies":"Slime Boss","floor":16,"turns":16},{"damage":16,"enemies":"3 Byrds","floor":18,"turns":8},{"damage":0,"enemies":"2 Thieves","floor":19,"turns":4},{"damage":14,"enemies":"Centurion and Healer","floor":21,"turns":9},{"damage":11,"enemies":"3 Cultists","floor":27,"turns":5},{"damage":12,"enemies":"Snecko","floor":29,"turns":4},{"damage":31,"enemies":"Cultist and Chosen","floor":30,"turns":5},{"damage":32,"enemies":"Collector","floor":33,"turns":3}],"event_choices":[{"event_name":"Living Wall","player_choice":"Change","floor":2,"damage_taken":0},{"event_name":"Liars Game","player_choice":"agreed","floor":5,"damage_taken":0},{"event_name":"Scrap Ooze","player_choice":"success","floor":11,"damage_taken":7},{"event_name":"Golden Wing","player_choice":"Card Removal","floor":13,"damage_taken":0},{"event_name":"Beggar","player_choice":"Ignored","floor":20,"damage_taken":0},{"event_name":"Accursed Blacksmith","player_choice":"Rummage","floor":22,"damage_taken":0},{"event_name":"Drug Dealer","player_choice":"Got JAXXED","floor":24,"damage_taken":0}],"boss_relics":[{"not_picked":["Philosopher\u0027s Stone","Runic Dome"],"picked":"Question Card"}],"potions_floor_spawned":[3,7,10,27,29],"seed_played":"-2381282135812151117","killed_by":"Collector","ascension_level":0,"is_trial":false}