{"path_per_floor":["M","M","?","?","$","R","?","R","T","$","M","M","M","M","R","B",null,"M","?","M","M","M","R","$","M","T","M","M","M","?","$","R","B",null,"M","$","M","M","M","R","M","M","T","?","$","M","M","?","R"],"character_chosen":"THE_SILENT","items_purchased":["Reflex","Prepared","Strawberry","Reflex","Mind Blast","Well Laid Plans","Pear","Girya"],"gold_per_floor":[16,28,28,28,28,28,28,28,102,63,77,96,109,133,133,253,253,274,274,294,315,335,335,146,160,237,260,284,298,298,54,54,182,182,200,200,218,232,251,251,272,285,285,653,100,120,138,471,471],"floor_reached":50,"campfire_rested":6,"playtime":4288,"current_hp_per_floor":[68,64,64,47,47,68,68,68,68,68,65,62,53,53,70,59,70,58,58,53,33,22,43,50,25,25,25,25,14,14,14,29,14,53,47,47,47,37,21,50,50,52,52,39,49,51,28,28,60],"items_purged":[],"gold":471,"score":494,"play_id":"bec529e7-688b-44b8-97fd-4df76e26d3c0","is_prod":false,"is_daily":false,"is_ascension_mode":false,"campfire_upgraded":1,"path_taken":["M","M","?","?","$","R","?","R","T","?","M","?","M","M","R","BOSS","M","?","M","M","M","R","$","M","T","M","M","M","?","$","R","BOSS","M","$","M","M","M","R","M","M","T","?","$","M","M","?","R","BOSS"],"build_version":"2018-02-12-PROD1","purchased_purges":0,"victory":false,"master_deck":["Defend_G","Defend_G","Defend_G","Defend_G","Defend_G","Survivor+1","Neutralize","Quick Slash","Bouncing Flask","Reflex+1","Flying Knee","Acrobatics+1","Leg Sweep+1","Dagger Throw","Adrenaline+1","PiercingWail+1","Noxious Fumes","Prepared+1","Wraith Form","Prepared+1","Calculated Gamble+1","Prepared+1","Quick Slash","Bite","Bite","Bite","Bite","Bite","Reflex+1","Mind Blast","Well Laid Plans","Adrenaline+1","Acrobatics+1","Underhanded Strike+1","Dagger Throw+1","Storm of Steel+1","Dagger Throw+1","Reflex+1"],"max_hp_per_floor":[70,70,70,70,70,70,70,70,70,70,70,70,70,70,70,70,70,70,70,70,70,70,70,77,77,77,77,77,77,53,53,53,53,53,53,53,53,53,53,53,53,53,53,53,63,63,63,63,63],"relics":["Ring of the Snake","Tingsha","Toxic Egg 2","Darkstone Periapt","Lizard Tail","Spirit Poop","Strawberry","Mummified Hand","Eternal Feather","Frozen Eye","Old Coin","Pear","Girya"],"card_choices":[{"not_picked":["Sucker Punch","Poisoned Stab"],"picked":"Quick Slash"},{"not_picked":["Slice","Bane"],"picked":"Bouncing Flask"},{"not_picked":["Deflect","Outmaneuver"],"picked":"Flying Knee"},{"not_picked":["Flechettes","Slice"],"picked":"Acrobatics"},{"not_picked":["Sucker Punch","Venomology"],"picked":"Leg Sweep"},{"not_picked":["PiercingWail","Infinite Blades"],"picked":"Dagger Throw"},{"not_picked":["Venomology","Corpse Explosion"],"picked":"Adrenaline"},{"not_picked":["Dagger Spray","Blade Dance"],"picked":"PiercingWail"},{"not_picked":["Outmaneuver","Infinite Blades"],"picked":"Noxious Fumes"},{"not_picked":["Quick Slash","Sucker Punch"],"picked":"Prepared"},{"not_picked":["Dagger Spray","Crippling Poison"],"picked":"Wraith Form"},{"not_picked":["Backflip","Leg Sweep"],"picked":"Calculated Gamble"},{"not_picked":["Backflip","Deadly Poison"],"picked":"Prepared"},{"not_picked":["Night Terror","Slice"],"picked":"Quick Slash"},{"not_picked":["Bullet Time","Venomology"],"picked":"Adrenaline"},{"not_picked":["Malaise","Outmaneuver"],"picked":"Acrobatics"},{"not_picked":["Flying Knee","Deadly Poison"],"picked":"Underhanded Strike"},{"not_picked":["Blade Dance","Flying Knee"],"picked":"Dagger Throw"},{"not_picked":["Terror","Reflex"],"picked":"Storm of Steel"},{"not_picked":["Backstab","Malaise"],"picked":"Dagger Throw"},{"not_picked":["Cloak And Dagger","Quick Slash"],"picked":"Reflex"}],"player_experience":122995,"potions_floor_usage":[50,50],"damage_taken":[{"damage":2.0,"enemies":"Small Slimes","floor":1.0,"turns":4.0},{"damage":4.0,"enemies":"Cultist","floor":2.0,"turns":5.0},{"damage":3.0,"enemies":"Blue Slaver","floor":11.0,"turns":4.0},{"damage":3.0,"enemies":"3 Louse","floor":12.0,"turns":5.0},{"damage":9.0,"enemies":"Exordium Wildlife","floor":13.0,"turns":4.0},{"damage":0.0,"enemies":"Large Slime","floor":14.0,"turns":6.0},{"damage":11.0,"enemies":"The Guardian","floor":16.0,"turns":8.0},{"damage":12.0,"enemies":"3 Byrds","floor":18.0,"turns":6.0},{"damage":5.0,"enemies":"Shell Parasite","floor":20.0,"turns":6.0},{"damage":20.0,"enemies":"Snecko","floor":21.0,"turns":6.0},{"damage":11.0,"enemies":"Snake Plant","floor":22.0,"turns":5.0},{"damage":25.0,"enemies":"Chosen and Byrds","floor":25.0,"turns":8.0},{"damage":0.0,"enemies":"Centurion and Healer","floor":27.0,"turns":7.0},{"damage":0.0,"enemies":"Snake Plant","floor":28.0,"turns":3.0},{"damage":11.0,"enemies":"Chosen and Byrds","floor":29.0,"turns":6.0},{"damage":59.0,"enemies":"Automaton","floor":33.0,"turns":10.0},{"damage":8.0,"enemies":"3 Shapes","floor":35.0,"turns":3.0},{"damage":0.0,"enemies":"Orb Walker","floor":37.0,"turns":3.0},{"damage":12.0,"enemies":"3 Darklings","floor":38.0,"turns":3.0},{"damage":22.0,"enemies":"Maw","floor":39.0,"turns":5.0},{"damage":0.0,"enemies":"Sphere and 2 Shapes","floor":41.0,"turns":3.0},{"damage":0.0,"enemies":"3 Darklings","floor":42.0,"turns":4.0},{"damage":15.0,"enemies":"Mysterious Sphere","floor":44.0,"turns":3.0},{"damage":0.0,"enemies":"Maw","floor":46.0,"turns":4.0},{"damage":25,"enemies":"4 Shapes","floor":47,"turns":3},{"damage":72,"enemies":"Time Eater","floor":50,"turns":4}],"event_choices":[{"event_name":"The Cleric","player_choice":"Leave","floor":3.0,"damage_taken":0.0},{"event_name":"Golden Idol","player_choice":"Take Damage","floor":4.0,"damage_taken":0.0},{"event_name":"Accursed Blacksmith","player_choice":"Rummage","floor":7.0,"damage_taken":0.0},{"event_name":"Bonfire Elementals","player_choice":"CURSE","floor":19.0,"damage_taken":0.0},{"event_name":"Vampires","player_choice":"Became a vampire","floor":30.0,"damage_taken":0.0},{"event_name":"Mysterious Sphere","player_choice":"Fight","floor":44.0,"damage_taken":0.0},{"event_name":"The Moai Head","player_choice":"Gave Idol","floor":48,"damage_taken":0}],"boss_relics":[],"potions_floor_spawned":[2,12,13,16,18,25,29,33,35,37,41,46],"seed_played":"-4840942744943314523","killed_by":"Time Eater","ascension_level":0,"is_trial":false}