{"path_per_floor":["M","$","M","?","?","E","M","$","T","R","?","M","M","E","R","B",null,"M","$","?","?","M","R","M","M","T"],"character_chosen":"IRONCLAD","items_purchased":["Rupture","Combust","Sword Boomerang","Bronze Scales","Shrug It Off"],"gold_per_floor":[113,36,49,49,49,76,93,0,53,53,53,67,86,120,120,225,225,241,41,41,41,54,54,74,93,161],"floor_reached":27,"campfire_rested":1,"playtime":1299,"current_hp_per_floor":[76,76,78,78,78,64,65,65,65,65,65,65,55,37,61,51,80,80,80,80,80,77,77,56,13,13],"items_purged":[],"gold":161,"score":245,"play_id":"c2109b38-c2a2-4d3e-952a-7a0d5bbccd59","is_prod":false,"is_daily":false,"is_ascension_mode":true,"campfire_upgraded":2,"path_taken":["M","$","M","?","?","E","M","?","T","R","?","M","?","E","R","BOSS","M","$","?","?","?","R","M","M","T","M"],"build_version":"2018-02-15-PROD1","purchased_purges":0,"victory":false,"master_deck":["Strike_R","Strike_R","Strike_R","Strike_R","Defend_R","Defend_R","Defend_R","Defend_R","Bash","Brutality","Warcry","Rupture+1","Hemokinesis","Hemokinesis","Inflame","Combust","Sword Boomerang","True Grit","Flame Barrier","Rupture","Armaments","Fiend Fire","Shrug It Off","Heavy Blade+1","Hemokinesis","Rupture","Injury"],"max_hp_per_floor":[80,80,80,80,80,80,80,80,80,80,80,80,80,80,80,80,80,80,80,80,80,80,80,80,80,80],"relics":["Burning Blood","Magic Flower","Oddly Smooth Stone","Dream Catcher","Cursed Key","Bronze Scales","The Courier"],"card_choices":[{"not_picked":["Thunderclap","Brutality"],"picked":"Warcry"},{"not_picked":["Iron Wave","Anger"],"picked":"Hemokinesis"},{"not_picked":["Cleave","Thunderclap"],"picked":"Hemokinesis"},{"not_picked":["Searing Blow","Body Slam"],"picked":"Inflame"},{"not_picked":["Perfected Strike","Shrug It Off"],"picked":"True Grit"},{"not_picked":["Infernal Blade","Thunderclap"],"picked":"Flame Barrier"},{"not_picked":["Pommel Strike","True Grit"],"picked":"Rupture"},{"not_picked":["Dual Wield","Power Through"],"picked":"Armaments"},{"not_picked":["Brutality","Impervious"],"picked":"Fiend Fire"},{"not_picked":["Corruption","Pommel Strike"],"picked":"Hemokinesis"},{"not_picked":["Exhume","True Grit"],"picked":"Rupture"}],"player_experience":186558,"potions_floor_usage":[14,16,22,22,27],"damage_taken":[{"damage":10,"enemies":"2 Louse","floor":1,"turns":3},{"damage":4,"enemies":"Cultist","floor":3,"turns":4},{"damage":20,"enemies":"Gremlin Nob","floor":6,"turns":4},{"damage":8,"enemies":"Jaw Worm","floor":7,"turns":3},{"damage":9,"enemies":"Blue Slaver","floor":12,"turns":4},{"damage":19,"enemies":"Large Slime","floor":13,"turns":4},{"damage":27,"enemies":"3 Sentries","floor":14,"turns":5},{"damage":44,"enemies":"The Guardian","floor":16,"turns":8},{"damage":6,"enemies":"3 Byrds","floor":18,"turns":2},{"damage":12,"enemies":"Chosen","floor":22,"turns":4},{"damage":30,"enemies":"Centurion and Healer","floor":24,"turns":5},{"damage":52,"enemies":"3 Cultists","floor":25,"turns":5},{"damage":24,"enemies":"Snake Plant","floor":27,"turns":2}],"event_choices":[{"event_name":"Purifier","player_choice":"One Purge","floor":4,"damage_taken":0},{"event_name":"Liars Game","player_choice":"disagreed","floor":5,"damage_taken":0},{"event_name":"The Lab","player_choice":"Got Potions","floor":11,"damage_taken":0},{"event_name":"The Library","player_choice":"Read","floor":20,"damage_taken":0},{"event_name":"Beggar","player_choice":"Ignored","floor":21,"damage_taken":0}],"boss_relics":[{"not_picked":["Eternal Feather","Sozu"],"picked":"Cursed Key"}],"potions_floor_spawned":[3,6,14,16,18,24,25],"seed_played":"-2723580972941408960","killed_by":"Snake Plant","ascension_level":2,"is_trial":false}