{"gold_per_floor":[118,129,147,222,222,29,56,56,56,90,106,31,58,73,73,176,176,187,204,25,36,36,71,71,82,82,82,7,25,25,38,38,134,134,144,44,62,62,62,62,74,74,74,90,116,133,147,2,2,2],"floor_reached":51,"playtime":4881,"items_purged":["Strike_R","Strike_R"],"score":803,"play_id":"072b3a7c-e4c3-4a77-843d-440e5535b4a3","local_time":"20190216150736","is_ascension_mode":true,"campfire_choices":[{"data":"Bash","floor":8,"key":"SMITH"},{"data":"Inflame","floor":15,"key":"SMITH"},{"data":"Uppercut","floor":24,"key":"SMITH"},{"data":"Metallicize","floor":27,"key":"SMITH"},{"floor":32,"key":"REST"},{"data":"Echo Form","floor":40,"key":"SMITH"},{"floor":42,"key":"REST"},{"floor":49,"key":"REST"}],"neow_cost":"NONE","seed_source_timestamp":2342288484686946,"circlet_count":0,"master_deck":["Strike_R","Defend_R","Defend_R","Defend_R","Defend_R","Bash+1","Cleave","Shrug It Off","Pummel","Sweeping Beam","Ball Lightning","Inflame+1","Shockwave","Swift Strike","Echo Form+1","Shrug It Off","Spot Weakness","Metallicize+1","Carnage","Shrug It Off+1","Uppercut+1","Battle Trance","Distraction","Adrenaline","Ghostly Armor","Beam Cell","Power Through","Flame Barrier","Heavy Blade+1","Stack+1","Finesse","Heel Hook+1","Battle Trance","Feel No Pain"],"relics":["Burning Blood","Boot","PrismaticShard","Ornamental Fan","Meat on the Bone","Anchor","Omamori","Philosopher\u0027s Stone","Kunai","Champion Belt","Mark of Pain","Paper Frog","Torii"],"potions_floor_usage":[10,10,10,10,23,31,33,46,47,50,50,50],"damage_taken":[{"damage":1,"enemies":"Cultist","floor":1,"turns":4},{"damage":9,"enemies":"Jaw Worm","floor":2,"turns":3},{"damage":6,"enemies":"2 Louse","floor":3,"turns":3},{"damage":34,"enemies":"3 Sentries","floor":7,"turns":8},{"damage":44,"enemies":"Lagavulin","floor":10,"turns":8},{"damage":3,"enemies":"Large Slime","floor":11,"turns":4},{"damage":17,"enemies":"3 Sentries","floor":13,"turns":5},{"damage":0,"enemies":"Exordium Thugs","floor":14,"turns":3},{"damage":23,"enemies":"The Guardian","floor":16,"turns":12},{"damage":0,"enemies":"Chosen","floor":18,"turns":4},{"damage":24,"enemies":"Spheric Guardian","floor":19,"turns":5},{"damage":3,"enemies":"Cultist and Chosen","floor":21,"turns":5},{"damage":35,"enemies":"Book of Stabbing","floor":23,"turns":4},{"damage":22,"enemies":"3 Cultists","floor":25,"turns":4},{"damage":8,"enemies":"Centurion and Healer","floor":29,"turns":5},{"damage":16,"enemies":"Cultist and Chosen","floor":31,"turns":7},{"damage":37,"enemies":"Champ","floor":33,"turns":13},{"damage":0,"enemies":"Orb Walker","floor":35,"turns":3},{"damage":1,"enemies":"3 Shapes","floor":37,"turns":6},{"damage":34,"enemies":"Sphere and 2 Shapes","floor":41,"turns":5},{"damage":23,"enemies":"Maw","floor":44,"turns":9},{"damage":18,"enemies":"Giant Head","floor":45,"turns":7},{"damage":23,"enemies":"Transient","floor":46,"turns":5},{"damage":17,"enemies":"Sphere and 2 Shapes","floor":47,"turns":5},{"damage":60,"enemies":"Donu and Deca","floor":50,"turns":12}],"seed_played":"-444929707647513488","potions_obtained":[{"floor":3,"key":"BloodPotion"},{"floor":5,"key":"Ancient Potion"},{"floor":5,"key":"EntropicBrew"},{"floor":10,"key":"Ancient Potion"},{"floor":13,"key":"GamblersBrew"},{"floor":19,"key":"Energy Potion"},{"floor":23,"key":"Swift Potion"},{"floor":31,"key":"Fire Potion"},{"floor":33,"key":"Swift Potion"},{"floor":46,"key":"Explosive Potion"},{"floor":47,"key":"Energy Potion"}],"is_trial":false,"path_per_floor":["M","M","M","?","?","$","E","R","T","E","M","$","E","M","R","B",null,"M","M","$","M","?","E","R","M","T","R","$","M","?","M","R","B",null,"M","$","M","?","?","R","M","R","T","M","E","M","M","$","R","B",null],"character_chosen":"IRONCLAD","items_purchased":["PrismaticShard","Spot Weakness","Metallicize","Carnage","Ghostly Armor","Battle Trance","Feel No Pain"],"campfire_rested":3,"item_purchase_floors":[6,20,20,20,28,48,48],"current_hp_per_floor":[80,77,77,66,66,66,38,38,38,32,47,47,48,54,54,49,80,80,62,62,65,65,48,48,44,44,44,44,54,54,56,80,49,80,80,80,80,80,80,80,52,76,76,59,47,42,43,43,67,25],"gold":2,"neow_bonus":"RANDOM_COMMON_RELIC","is_prod":false,"is_daily":false,"chose_seed":false,"campfire_upgraded":5,"win_rate":0,"timestamp":1550329656,"path_taken":["M","M","M","?","?","$","E","R","T","E","?","$","E","M","R","BOSS","M","M","$","M","?","E","R","M","T","R","$","M","?","M","R","BOSS","M","$","M","?","?","R","M","R","T","M","E","M","M","?","R","BOSS"],"build_version":"2019-01-23","purchased_purges":2,"victory":true,"max_hp_per_floor":[80,80,80,80,80,80,80,80,80,80,80,80,80,80,80,80,80,80,80,80,80,80,80,80,80,80,80,80,80,80,80,80,80,80,80,80,80,80,80,80,80,80,80,80,80,80,80,80,80,80],"card_choices":[{"not_picked":["Corruption","Heavy Blade"],"picked":"Cleave","floor":1},{"not_picked":["Thunderclap","Havoc"],"picked":"Shrug It Off","floor":2},{"not_picked":["Disarm","Searing Blow"],"picked":"Pummel","floor":3},{"not_picked":["Skewer","Heavy Blade"],"picked":"Sweeping Beam","floor":7},{"not_picked":["Trip","Storm of Steel"],"picked":"Ball Lightning","floor":10},{"not_picked":["Leap","Caltrops"],"picked":"Inflame","floor":11},{"not_picked":["Secret Technique","Stack"],"picked":"Shockwave","floor":13},{"not_picked":["Concentrate","Leap"],"picked":"Swift Strike","floor":14},{"not_picked":["Unload","Dark Embrace"],"picked":"Echo Form","floor":16},{"not_picked":["Clothesline","Pommel Strike+1","Anger"],"picked":"SKIP","floor":18},{"not_picked":["Trip+1","Fusion"],"picked":"Shrug It Off","floor":19},{"not_picked":["Inflame+1","Chaos+1"],"picked":"Shrug It Off+1","floor":21},{"not_picked":["Skim","Spot Weakness"],"picked":"Distraction","floor":23},{"not_picked":["Sweeping Beam","Sever Soul+1"],"picked":"Adrenaline","floor":25},{"not_picked":["Go for the Eyes","Forethought+1"],"picked":"Beam Cell","floor":29},{"not_picked":["Impatience","Dagger Throw"],"picked":"Flame Barrier","floor":31},{"not_picked":["Bane","Chaos+1"],"picked":"Heavy Blade+1","floor":35},{"not_picked":["Blade Dance","Hemokinesis+1"],"picked":"Stack+1","floor":37},{"not_picked":["Panacea","Transmutation"],"picked":"Finesse","floor":39},{"not_picked":["Dagger Throw+1","Bane","Warcry+1"],"picked":"SKIP","floor":41},{"not_picked":["Go for the Eyes+1","Outmaneuver"],"picked":"Heel Hook+1","floor":44},{"not_picked":["Sweeping Beam","Consume+1","Havoc+1"],"picked":"SKIP","floor":45},{"not_picked":["Cloak And Dagger+1","Glacier+1","Wild Strike"],"picked":"SKIP","floor":46},{"not_picked":["Infernal Blade","Flechettes+1","Rupture"],"picked":"SKIP","floor":47}],"player_experience":483701,"relics_obtained":[{"floor":7,"key":"Ornamental Fan"},{"floor":9,"key":"Meat on the Bone"},{"floor":10,"key":"Anchor"},{"floor":13,"key":"Omamori"},{"floor":23,"key":"Kunai"},{"floor":26,"key":"Champion Belt"},{"floor":43,"key":"Paper Frog"},{"floor":45,"key":"Torii"}],"event_choices":[{"damage_healed":0,"gold_gain":75,"player_choice":"Gather Gold","damage_taken":11,"max_hp_gain":0,"max_hp_loss":0,"event_name":"World of Goop","floor":4,"gold_loss":0},{"damage_healed":0,"gold_gain":0,"player_choice":"Got Potions","damage_taken":0,"max_hp_gain":0,"max_hp_loss":0,"event_name":"Lab","floor":5,"gold_loss":0},{"damage_healed":0,"gold_gain":0,"cards_transformed":["Strike_R","Strike_R"],"player_choice":"Became Test Subject","damage_taken":0,"max_hp_gain":0,"max_hp_loss":0,"event_name":"Drug Dealer","floor":22,"gold_loss":0,"cards_obtained":["Uppercut","Battle Trance"]},{"damage_healed":0,"gold_gain":0,"player_choice":"Read","damage_taken":0,"max_hp_gain":0,"max_hp_loss":0,"event_name":"The Library","floor":30,"gold_loss":0,"cards_obtained":["Power Through"]},{"damage_healed":20,"gold_gain":0,"player_choice":"Writhe","damage_taken":0,"max_hp_gain":0,"max_hp_loss":0,"event_name":"Winding Halls","floor":38,"gold_loss":0,"cards_obtained":["Writhe"]},{"damage_healed":0,"gold_gain":0,"player_choice":"Memory 1","damage_taken":0,"max_hp_gain":0,"max_hp_loss":0,"event_name":"SensoryStone","floor":39,"gold_loss":0}],"is_beta":false,"boss_relics":[{"not_picked":["Busted Crown","Pandora\u0027s Box"],"picked":"Philosopher\u0027s Stone"},{"not_picked":["Tiny House","Runic Cube"],"picked":"Mark of Pain"}],"items_purged_floors":[12,36],"is_endless":false,"potions_floor_spawned":[3,7,10,13,19,23,31,33,41,45,46,47],"ascension_level":4}