{"gold_per_floor":[116,131,141,106,106,141,158,178,204,215,215,244,255,283,283,386,386,396,321,337,349,349,349,377,389,389,415,415,187,187,212,212,212],"floor_reached":33,"playtime":1808,"items_purged":["Pain"],"score":437,"play_id":"760729e6-c44b-4cb5-8066-b0afb37d171c","local_time":"20190108122650","is_ascension_mode":true,"campfire_choices":[{"data":"Defend_R","floor":15,"key":"SMITH"},{"data":"Shrug It Off","floor":23,"key":"SMITH"},{"floor":28,"key":"REST"},{"floor":30,"key":"REST"},{"data":"Barricade","floor":32,"key":"SMITH"}],"neow_cost":"PERCENT_DAMAGE","seed_source_timestamp":313395413339090,"circlet_count":0,"master_deck":["Strike_R","Strike_R","Strike_R+1","Strike_R","Defend_R+1","Defend_R+1","Defend_R","Defend_R","Bash","Twin Strike+1","Pommel Strike","Feed","Flex","Dropkick","Shrug It Off+1","Feed","Dual Wield","Shrug It Off","Barricade+1","Body Slam+1","True Grit+1","Metallicize","Body Slam"],"special_seed":0,"relics":["Burning Blood","Orichalcum","Bag of Preparation","Strawberry","Bag of Marbles","Pen Nib","Cursed Key","Ginger","Oddly Smooth Stone","Pantograph","War Paint","Gremlin Horn"],"potions_floor_usage":[24,24,24,33],"damage_taken":[{"damage":6.0,"enemies":"Jaw Worm","floor":1.0,"turns":5.0},{"damage":14.0,"enemies":"2 Louse","floor":2.0,"turns":3.0},{"damage":0.0,"enemies":"Small Slimes","floor":3.0,"turns":3.0},{"damage":14.0,"enemies":"Gremlin Nob","floor":6.0,"turns":3.0},{"damage":7.0,"enemies":"Looter","floor":7.0,"turns":3.0},{"damage":0.0,"enemies":"Large Slime","floor":8.0,"turns":2.0},{"damage":8,"enemies":"Lots of Slimes","floor":10,"turns":4},{"damage":15,"enemies":"Lagavulin","floor":12,"turns":7},{"damage":0,"enemies":"Gremlin Gang","floor":13,"turns":4},{"damage":0,"enemies":"Gremlin Nob","floor":14,"turns":3},{"damage":69,"enemies":"Slime Boss","floor":16,"turns":17},{"damage":19,"enemies":"2 Thieves","floor":18,"turns":4},{"damage":28,"enemies":"Shell Parasite","floor":20,"turns":6},{"damage":19,"enemies":"Centurion and Healer","floor":21,"turns":8},{"damage":39,"enemies":"Gremlin Leader","floor":24,"turns":6},{"damage":27,"enemies":"Snake Plant","floor":25,"turns":4},{"damage":44,"enemies":"Book of Stabbing","floor":27,"turns":7},{"damage":17,"enemies":"Slavers","floor":31,"turns":6},{"damage":170,"enemies":"Collector","floor":33,"turns":9}],"seed_played":"5408655051917647943","potions_obtained":[{"floor":1.0,"key":"Weak Potion"},{"floor":3.0,"key":"SpeedPotion"},{"floor":7.0,"key":"BloodPotion"},{"floor":12,"key":"LiquidBronze"},{"floor":13,"key":"Swift Potion"},{"floor":24,"key":"FairyPotion"},{"floor":27,"key":"Ancient Potion"}],"is_trial":false,"path_per_floor":["M","M","M","?","?","E","M","M","T","M","?","E","M","E","R","B",null,"M","?","M","M","?","R","E","M","T","E","R","$","R","E","R","B"],"character_chosen":"IRONCLAD","items_purchased":["War Paint"],"campfire_rested":2,"item_purchase_floors":[29],"current_hp_per_floor":[72,64,70,94,75,70,72,81,81,82,89,83,95,101,101,47,133,126,126,104,94,94,94,78,60,60,22,66,66,110,102,102,0],"gold":212,"neow_bonus":"TWENTY_PERCENT_HP_BONUS","is_prod":false,"is_daily":false,"chose_seed":false,"campfire_upgraded":3,"win_rate":0,"timestamp":1546979210,"path_taken":["M","M","M","?","?","E","M","?","T","M","?","E","M","E","R","BOSS","M","?","M","M","?","R","E","M","T","E","R","$","R","E","R","BOSS"],"build_version":"2019-01-03v4","purchased_purges":1,"victory":false,"max_hp_per_floor":[96,96,96,96,96,99,102,105,105,108,115,118,124,124,124,133,133,139,139,139,142,142,142,145,148,148,148,148,148,148,151,151,151],"card_choices":[{"not_picked":["Combust","Disarm"],"picked":"Twin Strike","floor":1.0},{"not_picked":["Wild Strike","Anger"],"picked":"Pommel Strike","floor":2.0},{"not_picked":["Thunderclap","Armaments"],"picked":"Feed","floor":3.0},{"not_picked":["Reckless Charge","Carnage"],"picked":"Flex","floor":6.0},{"not_picked":["Havoc","Evolve"],"picked":"Dropkick","floor":7.0},{"not_picked":["Uppercut","Warcry"],"picked":"Shrug It Off","floor":8.0},{"not_picked":["Cleave","Iron Wave"],"picked":"Feed","floor":10},{"not_picked":["Sever Soul","Body Slam"],"picked":"Dual Wield","floor":12},{"not_picked":["Headbutt","Warcry"],"picked":"Shrug It Off","floor":13},{"not_picked":["Thunderclap","Flex","Headbutt"],"picked":"SKIP","floor":14},{"not_picked":["Feed","Juggernaut"],"picked":"Barricade","floor":16},{"not_picked":["Pommel Strike","Carnage","Flex"],"picked":"SKIP","floor":18},{"not_picked":["Heavy Blade+1","Headbutt+1"],"picked":"Body Slam+1","floor":20},{"not_picked":["Flex","Perfected Strike","Fire Breathing"],"picked":"SKIP","floor":21},{"not_picked":["Iron Wave","Immolate"],"picked":"True Grit","floor":24},{"not_picked":["Seeing Red","Shrug It Off+1"],"picked":"Metallicize","floor":25},{"not_picked":["Flex","Rampage"],"picked":"Body Slam","floor":27},{"not_picked":["Clash","Anger+1","Rupture"],"picked":"SKIP","floor":31}],"player_experience":133846,"relics_obtained":[{"floor":6.0,"key":"Orichalcum"},{"floor":9.0,"key":"Bag of Preparation"},{"floor":12,"key":"Bag of Marbles"},{"floor":14,"key":"Pen Nib"},{"floor":24,"key":"Ginger"},{"floor":26,"key":"Oddly Smooth Stone"},{"floor":27,"key":"Pantograph"},{"floor":31,"key":"Gremlin Horn"}],"event_choices":[{"damage_healed":24.0,"max_hp_gain":0.0,"max_hp_loss":0.0,"gold_gain":0.0,"event_name":"The Cleric","player_choice":"Healed","floor":4.0,"gold_loss":35.0,"damage_taken":0.0},{"damage_healed":0.0,"max_hp_gain":0.0,"max_hp_loss":0.0,"gold_gain":0.0,"event_name":"Shining Light","player_choice":"Entered Light","floor":5.0,"gold_loss":0.0,"damage_taken":19.0,"cards_upgraded":["Twin Strike","Strike_R"]},{"damage_healed":0,"gold_gain":0,"player_choice":"Searched \u00272\u0027 times","damage_taken":0,"relics_obtained":["Strawberry"],"max_hp_gain":0,"max_hp_loss":0,"event_name":"Dead Adventurer","floor":11,"gold_loss":0},{"cards_removed":["Strike_R"],"damage_healed":0,"gold_gain":0,"player_choice":"Gave Gold","damage_taken":0,"max_hp_gain":0,"max_hp_loss":0,"event_name":"Beggar","floor":19,"gold_loss":75},{"damage_healed":0,"gold_gain":0,"player_choice":"Ignored","damage_taken":0,"max_hp_gain":0,"max_hp_loss":0,"event_name":"Vampires","floor":22,"gold_loss":0}],"is_beta":false,"boss_relics":[{"not_picked":["Ectoplasm","Runic Dome"],"picked":"Cursed Key"}],"items_purged_floors":[29],"is_endless":false,"potions_floor_spawned":[1,3,7,12,13,14,20,21,24,27],"killed_by":"Collector","ascension_level":2}