{"gold_per_floor":[362,362,287,287,287,287,309,309,309,322,334,344,344,371,383,469,481,513,525,554,583,595],"floor_reached":22,"playtime":1094,"items_purged":["Defend_R"],"score":359,"play_id":"ae5b0fe1-d755-4231-bde0-2daa0e9a1458","local_time":"20190302223846","is_ascension_mode":true,"campfire_choices":[{"data":"Perfected Strike","floor":6,"key":"SMITH"},{"data":"Bash","floor":8,"key":"SMITH"},{"data":"Perfected Strike","floor":15,"key":"SMITH"}],"neow_cost":"CURSE","seed_source_timestamp":0,"circlet_count":0,"master_deck":["AscendersBane","Strike_R","Strike_R","Strike_R","Strike_R+1","Strike_R+1","Defend_R","Defend_R","Bash+1","Perfected Strike+1","Pommel Strike","True Grit","Warcry","Perfected Strike+1","Pommel Strike","Fire Breathing+1"],"special_seed":0,"relics":["Burning Blood","Odd Mushroom","Whetstone","MawBank","Eternal Feather"],"potions_floor_usage":[16,21,21],"damage_taken":[{"damage":9.0,"enemies":"Jaw Worm","floor":1.0,"turns":4.0},{"damage":35,"enemies":"The Mushroom Lair","floor":7,"turns":4},{"damage":11,"enemies":"2 Louse","floor":10,"turns":3},{"damage":5,"enemies":"Small Slimes","floor":11,"turns":3},{"damage":0,"enemies":"2 Fungi Beasts","floor":12,"turns":3},{"damage":8,"enemies":"Gremlin Nob","floor":14,"turns":3},{"damage":26,"enemies":"Slime Boss","floor":16,"turns":8},{"damage":23,"enemies":"Spheric Guardian","floor":18,"turns":4},{"damage":12,"enemies":"Chosen","floor":20,"turns":3},{"damage":33,"enemies":"Snake Plant","floor":21,"turns":3},{"damage":0,"enemies":"Snecko","floor":22,"turns":2}],"seed_played":"7768750777169233149","potions_obtained":[{"floor":1.0,"key":"Block Potion"},{"floor":7,"key":"EssenceOfSteel"},{"floor":18,"key":"GamblersBrew"},{"floor":19,"key":"EssenceOfSteel"}],"is_trial":false,"path_per_floor":["M","?","$","?","?","R","?","R","T","M","M","M","?","E","R","B",null,"M","?","M","M","M"],"character_chosen":"IRONCLAD","items_purchased":[],"campfire_rested":0,"item_purchase_floors":[],"current_hp_per_floor":[65,65,65,58,58,58,29,29,29,24,25,31,31,29,29,9,59,42,42,36,9,9],"gold":595,"neow_bonus":"TWO_FIFTY_GOLD","is_prod":false,"is_daily":false,"chose_seed":false,"campfire_upgraded":3,"win_rate":0,"timestamp":1551533926,"path_taken":["M","?","$","?","?","R","?","R","T","?","M","M","?","E","R","BOSS","M","?","M","M","M"],"build_version":"2019-01-23","purchased_purges":1,"victory":false,"max_hp_per_floor":[75,75,75,75,75,75,75,75,75,75,75,75,75,75,75,75,75,75,75,75,75,75],"card_choices":[{"not_picked":["Twin Strike","Entrench"],"picked":"Perfected Strike","floor":1.0},{"not_picked":["Armaments","Fire Breathing"],"picked":"Pommel Strike","floor":7},{"not_picked":["Rage","Havoc"],"picked":"True Grit","floor":10},{"not_picked":["Power Through","Havoc","Offering"],"picked":"SKIP","floor":11},{"not_picked":["Reckless Charge","Sentinel"],"picked":"Warcry","floor":12},{"not_picked":["Inflame","Second Wind"],"picked":"Perfected Strike","floor":14},{"not_picked":["Perfected Strike","Power Through"],"picked":"Pommel Strike","floor":18},{"not_picked":["True Grit","Clash","Sword Boomerang"],"picked":"SKIP","floor":20},{"not_picked":["Iron Wave","Limit Break"],"picked":"Fire Breathing+1","floor":21}],"player_experience":1009237,"relics_obtained":[{"floor":7,"key":"Odd Mushroom"},{"floor":9,"key":"Whetstone"},{"floor":14,"key":"MawBank"}],"event_choices":[{"cards_removed":["Clumsy"],"damage_healed":0,"gold_gain":0,"player_choice":"Forget","damage_taken":0,"max_hp_gain":0,"max_hp_loss":0,"event_name":"Living Wall","floor":2,"gold_loss":0},{"cards_removed":["Defend_R"],"damage_healed":0,"gold_gain":0,"player_choice":"Card Removal","damage_taken":7,"max_hp_gain":0,"max_hp_loss":0,"event_name":"Golden Wing","floor":4,"gold_loss":0},{"damage_healed":0,"gold_gain":0,"player_choice":"Ignored","damage_taken":0,"max_hp_gain":0,"max_hp_loss":0,"event_name":"Liars Game","floor":5,"gold_loss":0},{"damage_healed":0,"gold_gain":0,"player_choice":"Fought Mushrooms","damage_taken":0,"max_hp_gain":0,"max_hp_loss":0,"event_name":"Mushrooms","floor":7,"gold_loss":0},{"damage_healed":0,"gold_gain":0,"player_choice":"Ignored","damage_taken":0,"max_hp_gain":0,"max_hp_loss":0,"event_name":"Golden Idol","floor":13,"gold_loss":0},{"damage_healed":0,"gold_gain":0,"player_choice":"Got Potions","damage_taken":0,"max_hp_gain":0,"max_hp_loss":0,"event_name":"Lab","floor":19,"gold_loss":0}],"is_beta":false,"boss_relics":[{"not_picked":["Runic Dome","Orrery"],"picked":"Eternal Feather"}],"items_purged_floors":[3],"is_endless":false,"potions_floor_spawned":[1,7,18,20],"killed_by":"Snecko","ascension_level":19}