{"path_per_floor":["M","?","M","M","?","M","M","?","T","R","M","M","$","?","R","B",null,"M","$","M","M","?","R","M","M","T","$","M","M","R"],"character_chosen":"IRONCLAD","items_purchased":["Bag of Preparation","Battle Trance","Armaments","True Grit","Inflame","Spot Weakness"],"gold_per_floor":[117,117,136,154,154,164,175,175,226,226,238,258,7,7,7,136,136,157,29,50,71,71,71,95,115,115,1,14,37,37,37],"floor_reached":31,"campfire_rested":1,"playtime":2023,"current_hp_per_floor":[71,71,77,80,73,75,76,69,69,69,69,62,62,62,62,42,71,67,67,52,51,51,51,39,31,31,31,25,7,31,0],"items_purged":["Injury"],"gold":37,"score":303,"play_id":"874951a6-d3eb-4b1b-8ef1-2fb6b3dc493a","local_time":"20180420001343","is_prod":false,"is_daily":false,"chose_seed":false,"is_ascension_mode":true,"campfire_upgraded":3,"timestamp":1524197623,"path_taken":["M","?","M","?","?","M","M","?","T","R","M","M","$","?","R","BOSS","M","$","M","M","?","R","M","M","T","$","M","M","R","M"],"build_version":"2018-04-19","seed_source_timestamp":466466957595359,"purchased_purges":3,"victory":false,"master_deck":["Strike_R","Strike_R","Strike_R","Strike_R","Strike_R","Defend_R","Defend_R","Bash","Perfected Strike+1","Metallicize","Shrug It Off","Battle Trance","Flex","Metallicize","Dual Wield+1","Pommel Strike+1","Battle Trance","Armaments","Offering","True Grit","Shrug It Off","Pommel Strike","Double Tap","Inflame","Spot Weakness"],"max_hp_per_floor":[80,80,80,80,80,80,80,80,80,80,80,80,80,80,80,80,80,80,80,80,80,80,80,80,80,80,80,80,80,80,80],"relics":["Burning Blood","Question Card","Art of War","Bag of Preparation","Golden Idol","Mark of Pain","The Courier"],"card_choices":[{"not_picked":["Twin Strike","Rupture"],"picked":"Perfected Strike","floor":0},{"not_picked":["Clothesline","Hemokinesis"],"picked":"Metallicize","floor":1},{"not_picked":["Rupture","Body Slam"],"picked":"Shrug It Off","floor":3},{"not_picked":["Sentinel","Iron Wave"],"picked":"Battle Trance","floor":4},{"not_picked":["Iron Wave","Anger"],"picked":"Flex","floor":6},{"not_picked":["Clash","Searing Blow"],"picked":"Metallicize","floor":7},{"not_picked":["Armaments","Barricade","Sever Soul"],"picked":"Dual Wield","floor":11},{"not_picked":["Searing Blow","Havoc","Clothesline"],"picked":"Pommel Strike","floor":12},{"not_picked":["Reaper","Dark Embrace","Bludgeon"],"picked":"Offering","floor":16},{"not_picked":["Dropkick","Flex","Clothesline"],"picked":"Shrug It Off","floor":20},{"not_picked":["Cleave","Iron Wave","Feel No Pain"],"picked":"Pommel Strike","floor":21},{"not_picked":["Warcry","Wild Strike","Sever Soul"],"picked":"Double Tap","floor":25}],"player_experience":481297,"potions_floor_usage":[16,16,20,28],"damage_taken":[{"damage":7,"enemies":"Jaw Worm","floor":1,"turns":2},{"damage":0,"enemies":"Cultist","floor":3,"turns":3},{"damage":0,"enemies":"2 Louse","floor":4,"turns":3},{"damage":4,"enemies":"Gremlin Gang","floor":6,"turns":7},{"damage":5,"enemies":"3 Louse","floor":7,"turns":4},{"damage":6,"enemies":"Looter","floor":11,"turns":3},{"damage":13,"enemies":"Exordium Thugs","floor":12,"turns":5},{"damage":41,"enemies":"Hexaghost","floor":16,"turns":11},{"damage":10,"enemies":"Spheric Guardian","floor":18,"turns":3},{"damage":21,"enemies":"Chosen","floor":20,"turns":4},{"damage":7,"enemies":"3 Cultists","floor":21,"turns":6},{"damage":18,"enemies":"Centurion and Healer","floor":24,"turns":5},{"damage":14,"enemies":"Snecko","floor":25,"turns":4},{"damage":12,"enemies":"3 Cultists","floor":28,"turns":5},{"damage":24,"enemies":"Snake Plant","floor":29,"turns":3},{"damage":49,"enemies":"Cultist and Chosen","floor":31,"turns":7}],"event_choices":[{"event_name":"Purifier","player_choice":"One Purge","floor":2,"damage_taken":0},{"event_name":"Golden Wing","player_choice":"Card Removal","floor":5,"damage_taken":0},{"event_name":"Scrap Ooze","player_choice":"success","floor":8,"damage_taken":7},{"event_name":"Golden Idol","player_choice":"Take Wound","floor":14,"damage_taken":0},{"event_name":"Ghosts","player_choice":"Ignored","floor":22,"damage_taken":0}],"boss_relics":[{"not_picked":["Tiny House","Calling Bell"],"picked":"Mark of Pain"}],"potions_floor_spawned":[1,6,7,12,25],"seed_played":"1210976936043472158","killed_by":"Cultist and Chosen","ascension_level":6,"is_trial":false}