{"gold_per_floor":[114,114,132,142,317,317,346,346,346,346,365,365,365,70,70,175,175,193,203,215,41,41],"floor_reached":22,"playtime":984,"items_purged":["Doubt","Pain"],"score":202,"play_id":"d01f88e1-1d3e-4f5e-9e11-cd834860f21b","local_time":"20181106210604","is_ascension_mode":true,"campfire_choices":[{"data":"Demon Form","floor":6.0,"key":"SMITH"},{"data":"Sword Boomerang","floor":8.0,"key":"SMITH"},{"floor":15.0,"key":"REST"}],"neow_cost":"NONE","seed_source_timestamp":259369461176774,"circlet_count":0,"master_deck":["Strike_R+1","Strike_R+1","Strike_R+1","Strike_R","Defend_R","Defend_R","Defend_R","Defend_R","Bash+1","Sword Boomerang+1","Demon Form+1","Flame Barrier","Madness","Sword Boomerang","Disarm","Parasite","Pain","Armaments","Pummel","Sword Boomerang","Feed","Metallicize","True Grit"],"special_seed":0,"relics":["Burning Blood","Ornamental Fan","Whetstone","Kunai","Membership Card","Calling Bell","Art of War","Self Forming Clay","StoneCalendar"],"potions_floor_usage":[19,20],"damage_taken":[{"damage":5.0,"enemies":"Small Slimes","floor":1.0,"turns":3.0},{"damage":1.0,"enemies":"Cultist","floor":3.0,"turns":3.0},{"damage":6.0,"enemies":"2 Louse","floor":4.0,"turns":2.0},{"damage":55.0,"enemies":"Gremlin Nob","floor":7.0,"turns":6.0},{"damage":12.0,"enemies":"Looter","floor":11.0,"turns":4.0},{"damage":19,"enemies":"The Guardian","floor":16,"turns":9},{"damage":33,"enemies":"Spheric Guardian","floor":18,"turns":6},{"damage":25,"enemies":"Chosen","floor":19,"turns":6},{"damage":25,"enemies":"Shelled Parasite and Fungi","floor":20,"turns":7},{"damage":24,"enemies":"Snake Plant","floor":22,"turns":3}],"seed_played":"-1082848507728394108","potions_obtained":[{"floor":1.0,"key":"Fire Potion"},{"floor":2.0,"key":"FairyPotion"},{"floor":2.0,"key":"Ancient Potion"},{"floor":19,"key":"Fire Potion"}],"is_trial":false,"path_per_floor":["M","?","M","M","?","R","E","R","T","?","M","?","T","$","R","B",null,"M","M","M","$","M"],"character_chosen":"IRONCLAD","items_purchased":["Membership Card","Sword Boomerang","Disarm","Feed","Metallicize","True Grit"],"campfire_rested":1,"item_purchase_floors":[14,14,14,21,21,21],"current_hp_per_floor":[80,80,80,80,80,80,31,31,31,31,25,9,9,9,33,20,80,53,34,15,15,0],"gold":41,"neow_bonus":"REMOVE_CARD","is_prod":false,"is_daily":false,"chose_seed":false,"campfire_upgraded":2,"win_rate":0,"timestamp":1541556364,"path_taken":["M","?","M","?","?","R","E","R","T","?","?","?","?","?","R","BOSS","M","M","M","$","M"],"build_version":"2018-11-01","purchased_purges":2,"victory":false,"max_hp_per_floor":[80,80,80,80,80,80,80,80,80,80,80,80,80,80,80,80,80,80,80,80,80,80],"card_choices":[{"not_picked":["Reckless Charge","Spot Weakness"],"picked":"Sword Boomerang","floor":1.0},{"not_picked":["Infernal Blade","Corruption","Clash"],"picked":"SKIP","floor":3.0},{"not_picked":["Clash","Iron Wave"],"picked":"Demon Form","floor":4.0},{"not_picked":["Seeing Red","Pommel Strike","Clothesline"],"picked":"SKIP","floor":7.0},{"not_picked":["Warcry","Shockwave","Reckless Charge"],"picked":"SKIP","floor":11.0},{"not_picked":["Corruption","Warcry"],"picked":"Armaments","floor":18},{"not_picked":["Disarm","Perfected Strike"],"picked":"Pummel","floor":19},{"not_picked":["Clash","Intimidate"],"picked":"Sword Boomerang","floor":20}],"player_experience":756462,"relics_obtained":[{"floor":7.0,"key":"Ornamental Fan"},{"floor":9.0,"key":"Whetstone"},{"floor":13.0,"key":"Kunai"},{"floor":17,"key":"Art of War"},{"floor":17,"key":"Self Forming Clay"},{"floor":17,"key":"StoneCalendar"}],"event_choices":[{"damage_healed":0.0,"max_hp_gain":0.0,"max_hp_loss":0.0,"gold_gain":0.0,"event_name":"Lab","player_choice":"Got Potions","floor":2.0,"gold_loss":0.0,"damage_taken":0.0},{"damage_healed":0.0,"max_hp_gain":0.0,"max_hp_loss":0.0,"gold_gain":175.0,"event_name":"Liars Game","player_choice":"AGREE","floor":5.0,"gold_loss":0.0,"damage_taken":0.0,"cards_obtained":["Doubt"]},{"damage_healed":0.0,"max_hp_gain":0.0,"max_hp_loss":0.0,"gold_gain":0.0,"event_name":"Match and Keep!","player_choice":"2 cards matched","floor":10.0,"gold_loss":0.0,"damage_taken":0.0,"cards_obtained":["Flame Barrier","Madness"]},{"damage_healed":0.0,"max_hp_gain":0.0,"max_hp_loss":0.0,"gold_gain":0.0,"event_name":"Shining Light","player_choice":"Entered Light","floor":12.0,"gold_loss":0.0,"damage_taken":16.0,"cards_upgraded":["Strike_R","Bash"]}],"is_beta":false,"boss_relics":[{"not_picked":["Runic Cube","Black Blood"],"picked":"Calling Bell"}],"items_purged_floors":[14,21],"is_endless":false,"potions_floor_spawned":[1,4,11,16,19],"killed_by":"Snake Plant","ascension_level":2}