{"path_per_floor":["M","?","M","$","M","R","M","$","T","R","?","M","R","?","R","B",null,"M","?","$","M","M","R","M","$","T","$","R","E","M","M","R"],"character_chosen":"THE_SILENT","items_purchased":["Footwork","Leg Sweep","Prepared","Noxious Fumes","Calculated Gamble"],"gold_per_floor":[116,191,201,15,35,35,46,46,46,46,46,65,65,65,65,164,164,145,145,98,118,133,133,146,0,48,48,48,77,90,106,106,106],"floor_reached":33,"campfire_rested":2,"playtime":1681,"current_hp_per_floor":[63,52,45,45,45,45,44,44,44,44,54,52,52,36,60,56,74,65,65,65,63,63,63,67,67,67,67,67,38,19,7,33,0],"items_purged":["Strike_G"],"gold":106,"score":424,"play_id":"5b83df5f-e108-4fab-b78d-101a1b32486b","local_time":"20180420225824","is_prod":false,"is_daily":false,"chose_seed":false,"is_ascension_mode":true,"campfire_upgraded":5,"timestamp":1524279504,"path_taken":["M","?","M","$","M","R","M","$","T","R","?","?","R","?","R","BOSS","M","?","$","M","M","R","M","$","T","?","R","E","?","M","R","BOSS"],"build_version":"2018-04-19","seed_source_timestamp":548691917778880,"purchased_purges":1,"victory":false,"master_deck":["Defend_G","Defend_G","Defend_G","Defend_G","Defend_G","Strike_G","Strike_G","Strike_G+1","Strike_G+1","Survivor","Neutralize","Dagger Spray","Quick Slash","Footwork+1","Leg Sweep+1","Dagger Throw","Dodge and Roll","Dash+1","Venomology","Prepared+1","Noxious Fumes+1","Noxious Fumes","Calculated Gamble+1","Concentrate","Dagger Spray+1"],"max_hp_per_floor":[70,70,70,70,70,70,70,70,70,70,80,80,80,80,80,80,80,80,80,80,80,80,80,80,80,80,80,80,87,87,87,87,87],"relics":["Ring of the Snake","Bronze Scales","Pear","Philosopher\u0027s Stone","Vajra","Strawberry"],"card_choices":[{"not_picked":["Bane","Well Laid Plans"],"picked":"Dagger Spray","floor":1},{"not_picked":["Underhanded Strike","Dodge and Roll"],"picked":"Quick Slash","floor":3},{"not_picked":["Distraction","Dagger Spray"],"picked":"Dagger Throw","floor":5},{"not_picked":["Deflect","Deadly Poison"],"picked":"Dodge and Roll","floor":7},{"not_picked":["Finisher","Poisoned Stab"],"picked":"Dash","floor":12},{"not_picked":["Corpse Explosion","Night Terror"],"picked":"Venomology","floor":16},{"not_picked":["All Out Attack","Expertise"],"picked":"Noxious Fumes","floor":22},{"not_picked":["Deflect","Accuracy"],"picked":"Concentrate","floor":29},{"not_picked":["Burst","Well Laid Plans"],"picked":"Dagger Spray","floor":30}],"player_experience":485007,"potions_floor_usage":[16,21,22,24,29,30,31,31,31,33,33],"damage_taken":[{"damage":0,"enemies":"Cultist","floor":1,"turns":4},{"damage":7,"enemies":"Jaw Worm","floor":3,"turns":4},{"damage":0,"enemies":"2 Louse","floor":5,"turns":4},{"damage":1,"enemies":"Blue Slaver","floor":7,"turns":5},{"damage":2,"enemies":"Large Slime","floor":12,"turns":6},{"damage":4,"enemies":"Slime Boss","floor":16,"turns":10},{"damage":9,"enemies":"2 Thieves","floor":18,"turns":4},{"damage":2,"enemies":"Spheric Guardian","floor":21,"turns":4},{"damage":0,"enemies":"Snecko","floor":22,"turns":6},{"damage":8,"enemies":"Snake Plant","floor":24,"turns":4},{"damage":36,"enemies":"Slavers","floor":29,"turns":7},{"damage":19,"enemies":"Cultist and Chosen","floor":30,"turns":7},{"damage":12,"enemies":"Slaver and Parasite","floor":31,"turns":5},{"damage":35,"enemies":"Automaton","floor":33,"turns":6}],"event_choices":[{"event_name":"World of Goop","player_choice":"Gather Gold","floor":2,"damage_taken":0},{"event_name":"Big Fish","player_choice":"Box","floor":11,"damage_taken":0},{"event_name":"Shining Light","player_choice":"Entered Light","floor":14,"damage_taken":0},{"event_name":"Purifier","player_choice":"One Purge","floor":19,"damage_taken":0}],"boss_relics":[{"not_picked":["Black Star","Lizard Tail"],"picked":"Philosopher\u0027s Stone"}],"potions_floor_spawned":[3,5,7,22,29,30],"seed_played":"-624614564775479351","killed_by":"Automaton","ascension_level":6,"is_trial":false}