{"gold_per_floor":[115,131,52,127,15,15,15,15,68,68,68,78,88,119,119,222,222,238,338,358,358,378,378,393,408,464,464,480,182,182,215,215,318,318,330,345,277,288,138,158,183,183,183,235,235,139,171,171,171,171],"floor_reached":51,"playtime":1227,"items_purged":["Strike_R","Strike_R"],"score":798,"play_id":"1ff875ec-98fd-45f9-a6f7-acbf3d8559f7","local_time":"20190302172435","is_ascension_mode":false,"campfire_choices":[{"data":"Whirlwind","floor":6.0,"key":"SMITH"},{"data":"Metallicize","floor":8.0,"key":"SMITH"},{"data":"Defend_R","floor":10.0,"key":"SMITH"},{"data":"Dropkick","floor":15.0,"key":"SMITH"},{"floor":23,"key":"REST"},{"floor":32,"key":"REST"},{"floor":42,"key":"RECALL"}],"neow_cost":"NONE","seed_source_timestamp":4336625763238,"circlet_count":0,"master_deck":["Defend_R+1","Defend_R","Defend_R","Defend_R","Bash+1","Dropkick","Metallicize+1","Whirlwind+1","Dropkick","Thunderclap","Dropkick+1","Juggernaut","Metallicize+1","Fire Breathing+1","Headbutt+1","Double Tap","Seeing Red","Infernal Blade+1","Barricade","Whirlwind+1","Havoc+1","Immolate","Double Tap","Flame Barrier","Shockwave","Whirlwind","Whirlwind","Offering","Uppercut+1","Flash of Steel","Impatience","Secret Weapon"],"special_seed":0,"relics":["Burning Blood","Regal Pillow","Juzu Bracelet","Fusion Hammer","Du-Vu Doll","Mummified Hand","Tiny Chest","Chemical X","Letter Opener","Coffee Dripper","PreservedInsect","Mercury Hourglass","Bottled Tornado","Torii","Paper Frog","Pen Nib"],"potions_floor_usage":[24,24,31,40,41,50],"damage_taken":[{"damage":1.0,"enemies":"Jaw Worm","floor":1.0,"turns":6.0},{"damage":3.0,"enemies":"Small Slimes","floor":2.0,"turns":4.0},{"damage":0.0,"enemies":"Cultist","floor":12.0,"turns":2.0},{"damage":0.0,"enemies":"3 Louse","floor":13.0,"turns":1.0},{"damage":6.0,"enemies":"Gremlin Nob","floor":14.0,"turns":3.0},{"damage":45.0,"enemies":"Hexaghost","floor":16.0,"turns":7.0},{"damage":0.0,"enemies":"3 Byrds","floor":18.0,"turns":4.0},{"damage":28.0,"enemies":"Colosseum Slavers","floor":19.0,"turns":4.0},{"damage":17.0,"enemies":"Colosseum Nobs","floor":19.0,"turns":5.0},{"damage":3.0,"enemies":"Shell Parasite","floor":20.0,"turns":4.0},{"damage":0,"enemies":"3 Cultists","floor":22,"turns":3},{"damage":8,"enemies":"Cultist and Chosen","floor":24,"turns":5},{"damage":29,"enemies":"Snake Plant","floor":25,"turns":4},{"damage":9,"enemies":"Snecko","floor":28,"turns":4},{"damage":0,"enemies":"Slavers","floor":31,"turns":1},{"damage":21,"enemies":"Automaton","floor":33,"turns":7},{"damage":5,"enemies":"3 Shapes","floor":35,"turns":1},{"damage":0,"enemies":"3 Darklings","floor":36,"turns":1},{"damage":0,"enemies":"Sphere and 2 Shapes","floor":38,"turns":1},{"damage":14,"enemies":"4 Shapes","floor":40,"turns":2},{"damage":0,"enemies":"Reptomancer","floor":41,"turns":2},{"damage":0,"enemies":"2 Orb Walkers","floor":44,"turns":1},{"damage":7,"enemies":"Giant Head","floor":47,"turns":4},{"damage":24,"enemies":"Donu and Deca","floor":50,"turns":5}],"seed_played":"-8736397197989062983","potions_obtained":[{"floor":1.0,"key":"PowerPotion"},{"floor":11.0,"key":"Dexterity Potion"},{"floor":11.0,"key":"FearPotion"},{"floor":14.0,"key":"AttackPotion"},{"floor":16.0,"key":"SkillPotion"},{"floor":19.0,"key":"SkillPotion"},{"floor":22,"key":"SkillPotion"},{"floor":24,"key":"Explosive Potion"},{"floor":31,"key":"GamblersBrew"},{"floor":36,"key":"Poison Potion"},{"floor":40,"key":"AttackPotion"},{"floor":44,"key":"Dexterity Potion"},{"floor":47,"key":"Ancient Potion"}],"is_trial":false,"path_per_floor":["M","M","$","?","$","R","?","R","T","R","?","M","M","E","R","B",null,"M","?","M","?","M","R","M","M","T","?","M","$","?","E","R","B",null,"M","M","$","M","$","M","E","R","T","?","R","?","E","?","R","B",null],"character_chosen":"IRONCLAD","items_purchased":["Metallicize","Whirlwind","Chemical X","Shockwave","PreservedInsect"],"campfire_rested":2,"item_purchase_floors":[3,5,29,37,39],"current_hp_per_floor":[80,80,80,69,69,69,62,62,62,62,62,68,74,74,74,35,80,80,47,50,50,56,80,78,55,55,55,52,52,52,58,80,65,80,80,80,80,80,80,72,78,78,78,80,80,80,79,69,69,51],"gold":171,"neow_bonus":"UPGRADE_CARD","is_prod":false,"is_daily":false,"chose_seed":false,"campfire_upgraded":4,"win_rate":0,"timestamp":1551569075,"path_taken":["M","M","$","?","$","R","?","R","T","R","?","M","?","E","R","BOSS","M","?","M","?","M","R","M","M","T","?","M","$","?","E","R","BOSS","M","M","$","M","$","M","E","R","T","?","R","?","E","?","R","BOSS"],"build_version":"2019-01-23","purchased_purges":2,"victory":true,"max_hp_per_floor":[80,80,80,80,80,80,80,80,80,80,80,80,80,80,80,80,80,80,80,80,80,80,80,80,80,80,80,80,80,80,80,80,80,80,80,80,80,80,80,80,80,80,80,80,80,80,80,80,80,80],"card_choices":[{"not_picked":["Havoc","Bloodletting"],"picked":"Dropkick","floor":1.0},{"not_picked":["Fire Breathing","Heavy Blade","Havoc"],"picked":"SKIP","floor":2.0},{"not_picked":["Ghostly Armor","Iron Wave"],"picked":"Dropkick","floor":12.0},{"not_picked":["Clothesline","Sentinel"],"picked":"Thunderclap","floor":13.0},{"not_picked":["Shrug It Off","Heavy Blade"],"picked":"Dropkick","floor":14.0},{"not_picked":["Dark Embrace","Reaper"],"picked":"Juggernaut","floor":16.0},{"not_picked":["Warcry+1","Sever Soul"],"picked":"Metallicize+1","floor":18.0},{"not_picked":["Flame Barrier","Thunderclap"],"picked":"Fire Breathing+1","floor":19.0},{"not_picked":["Havoc","Pommel Strike"],"picked":"Headbutt+1","floor":20.0},{"not_picked":["Evolve+1","Heavy Blade"],"picked":"Infernal Blade+1","floor":22},{"not_picked":["Heavy Blade","Seeing Red","Warcry+1"],"picked":"SKIP","floor":24},{"not_picked":["Blood for Blood+1","Wild Strike"],"picked":"Barricade","floor":25},{"not_picked":["Flex","Armaments"],"picked":"Havoc+1","floor":28},{"not_picked":["Perfected Strike","Second Wind"],"picked":"Immolate","floor":31},{"not_picked":["Berserk","Barricade"],"picked":"Double Tap","floor":33},{"not_picked":["Searing Blow","Clash","Sever Soul"],"picked":"SKIP","floor":35},{"not_picked":["Power Through","Heavy Blade"],"picked":"Flame Barrier","floor":36},{"not_picked":["Wild Strike","Sentinel","Bloodletting+1"],"picked":"SKIP","floor":38},{"not_picked":["Wild Strike+1","Seeing Red"],"picked":"Whirlwind","floor":40},{"not_picked":["Seeing Red+1","Clash"],"picked":"Whirlwind","floor":41},{"not_picked":["Ghostly Armor","Twin Strike+1"],"picked":"Offering","floor":44},{"not_picked":["Twin Strike","Armaments"],"picked":"Uppercut+1","floor":47},{"not_picked":["Swift Strike","Dramatic Entrance"],"picked":"Flash of Steel","floor":48},{"not_picked":["Dramatic Entrance","Bandage Up"],"picked":"Impatience","floor":48},{"not_picked":["Madness","HandOfGreed"],"picked":"Secret Weapon","floor":48}],"player_experience":967645,"relics_obtained":[{"floor":9.0,"key":"Regal Pillow"},{"floor":14.0,"key":"Juzu Bracelet"},{"floor":19.0,"key":"Du-Vu Doll"},{"floor":19.0,"key":"Mummified Hand"},{"floor":26,"key":"Tiny Chest"},{"floor":31,"key":"Letter Opener"},{"floor":41,"key":"Mercury Hourglass"},{"floor":43,"key":"Bottled Tornado"},{"floor":44,"key":"Torii"},{"floor":47,"key":"Pen Nib"}],"event_choices":[{"damage_healed":0.0,"max_hp_gain":0.0,"max_hp_loss":0.0,"gold_gain":75.0,"event_name":"World of Goop","player_choice":"Gather Gold","floor":4.0,"gold_loss":0.0,"damage_taken":11.0},{"cards_removed":["Strike_R"],"damage_healed":0.0,"max_hp_gain":0.0,"max_hp_loss":0.0,"gold_gain":0.0,"event_name":"Golden Wing","player_choice":"Card Removal","floor":7.0,"gold_loss":0.0,"damage_taken":7.0},{"damage_healed":0.0,"max_hp_gain":0.0,"max_hp_loss":0.0,"gold_gain":0.0,"event_name":"Lab","player_choice":"Got Potions","floor":11.0,"gold_loss":0.0,"damage_taken":0.0},{"damage_healed":0.0,"max_hp_gain":0.0,"max_hp_loss":0.0,"gold_gain":0.0,"event_name":"Colosseum","player_choice":"Fight","floor":19.0,"gold_loss":0.0,"damage_taken":0.0},{"damage_healed":0.0,"max_hp_gain":0.0,"max_hp_loss":0.0,"gold_gain":0.0,"event_name":"Colosseum","player_choice":"Fought Nobs","floor":19.0,"gold_loss":0.0,"damage_taken":0.0},{"damage_healed":0.0,"max_hp_gain":0.0,"max_hp_loss":0.0,"gold_gain":0.0,"cards_transformed":["Strike_R","Strike_R"],"event_name":"Drug Dealer","player_choice":"Became Test Subject","floor":21.0,"gold_loss":0.0,"damage_taken":0.0,"cards_obtained":["Double Tap","Seeing Red"]},{"damage_healed":0,"gold_gain":0,"player_choice":"Copied","damage_taken":0,"max_hp_gain":0,"max_hp_loss":0,"event_name":"Duplicator","floor":27,"gold_loss":0,"cards_obtained":["Whirlwind"]},{"damage_healed":0,"gold_gain":0,"player_choice":"Ignored","damage_taken":0,"max_hp_gain":0,"max_hp_loss":0,"event_name":"Vampires","floor":30,"gold_loss":0},{"damage_healed":0,"gold_gain":0,"player_choice":"Fight","damage_taken":0,"max_hp_gain":0,"max_hp_loss":0,"event_name":"Mysterious Sphere","floor":44,"gold_loss":0},{"damage_healed":0,"gold_gain":0,"player_choice":"Paid Gold","damage_taken":0,"relics_obtained":["Paper Frog"],"max_hp_gain":0,"max_hp_loss":0,"event_name":"WeMeetAgain","floor":46,"gold_loss":96},{"damage_healed":0,"gold_gain":0,"player_choice":"Memory 3","damage_taken":10,"max_hp_gain":0,"max_hp_loss":0,"event_name":"SensoryStone","floor":48,"gold_loss":0}],"is_beta":false,"boss_relics":[{"not_picked":["Runic Cube","Empty Cage"],"picked":"Fusion Hammer"},{"not_picked":["Lizard Tail","Eternal Feather"],"picked":"Coffee Dripper"}],"items_purged_floors":[5,29],"is_endless":false,"potions_floor_spawned":[1,14,16,19,19,22,24,31,36,40,44,47],"ascension_level":0}