{"gold_per_floor":[117,44,44,119,138,169,169,180,180,209,228,248,52,70,70,170],"floor_reached":16,"playtime":660,"items_purged":[],"score":187,"play_id":"325889c7-74d2-4a4e-a6b4-84bc6152cd2b","local_time":"20190108181734","is_ascension_mode":false,"campfire_choices":[{"data":"construct:AttackMode","floor":7,"key":"SMITH"},{"floor":15,"key":"REST"}],"neow_cost":"NONE","seed_source_timestamp":4203867766349,"circlet_count":0,"master_deck":["construct:Strike_Gold","construct:Strike_Gold","construct:Strike_Gold","construct:Strike_Gold","construct:Strike_Gold","construct:Defend_Gold","construct:Defend_Gold","construct:Defend_Gold","construct:Defend_Gold","construct:Defend_Gold","construct:AttackMode+1","construct:DefenseMode","construct:ForceCore+1","construct:PowerUp","construct:SyphonStrike","construct:FocusedBeam","construct:OneWayMirror","construct:Reinforce","construct:ModeShift","Apotheosis"],"special_seed":0,"relics":["construct:Cogwheel","NeowsBlessing","hubris:MysteriousPyramids","hubris:TenFootPole","Bag of Preparation"],"potions_floor_usage":[14,16],"damage_taken":[{"damage":0.0,"enemies":"Jaw Worm","floor":1.0,"turns":1.0},{"damage":0,"enemies":"Cultist","floor":5,"turns":1},{"damage":0,"enemies":"Lagavulin","floor":6,"turns":1},{"damage":5,"enemies":"Small Slimes","floor":8,"turns":3},{"damage":45,"enemies":"3 Sentries","floor":10,"turns":7},{"damage":10,"enemies":"Looter","floor":11,"turns":2},{"damage":0,"enemies":"Red Slaver","floor":12,"turns":4},{"damage":4,"enemies":"Gremlin Gang","floor":14,"turns":4},{"damage":32,"enemies":"Hexaghost","floor":16,"turns":7}],"seed_played":"-4774583053815164385","potions_obtained":[{"floor":5,"key":"Poison Potion"},{"floor":10,"key":"FearPotion"},{"floor":14,"key":"Ancient Potion"},{"floor":16,"key":"Explosive Potion"}],"is_trial":false,"path_per_floor":["M","$","?","?","M","E","R","M","T","E","M","M","$","M","R","B"],"character_chosen":"THE_CONSTRUCT_MOD","items_purchased":["construct:PowerUp","Apotheosis"],"campfire_rested":1,"item_purchase_floors":[2,13],"current_hp_per_floor":[85,85,85,77,77,77,77,72,72,27,17,17,17,13,38,6],"gold":170,"neow_bonus":"THREE_ENEMY_KILL","is_prod":false,"is_daily":false,"chose_seed":false,"campfire_upgraded":1,"win_rate":0.0,"timestamp":1546967854,"path_taken":["M","$","?","?","?","E","R","M","T","E","M","M","?","M","R","BOSS"],"build_version":"2019-01-03v4","purchased_purges":0,"victory":false,"max_hp_per_floor":[85,85,85,85,85,85,85,85,85,85,85,85,85,85,85,85],"card_choices":[{"not_picked":["construct:Accumulate","construct:Analyze"],"picked":"construct:ForceCore","floor":1.0},{"not_picked":["construct:HeavyBolt","construct:FierceBash"],"picked":"construct:SyphonStrike","floor":5},{"not_picked":["construct:Autoturret","construct:SuppressiveFire","construct:FocusedBeam"],"picked":"SKIP","floor":6},{"not_picked":["construct:Autoturret","construct:SuppressiveFire"],"picked":"construct:FocusedBeam","floor":6},{"not_picked":["construct:Missile","construct:Anticipate","construct:Failsafe"],"picked":"SKIP","floor":8},{"not_picked":["construct:Electrocute","construct:Autoturret"],"picked":"construct:OneWayMirror","floor":10},{"not_picked":["construct:SuppressiveFire","construct:HeavyBolt"],"picked":"construct:Reinforce","floor":11},{"not_picked":["construct:HardReboot","construct:SweepLaser"],"picked":"construct:ModeShift","floor":12},{"not_picked":["construct:SyphonStrike","construct:ClusterMines","construct:UnbalancingBlast"],"picked":"SKIP","floor":14}],"player_experience":568329,"relics_obtained":[{"floor":6,"key":"hubris:MysteriousPyramids"},{"floor":9,"key":"hubris:TenFootPole"},{"floor":10,"key":"Bag of Preparation"}],"event_choices":[{"damage_healed":0.0,"max_hp_gain":0.0,"max_hp_loss":0.0,"gold_gain":0.0,"event_name":"Living Wall","player_choice":"Grow","floor":3.0,"gold_loss":0.0,"damage_taken":0.0,"cards_upgraded":["construct:ForceCore"]},{"damage_healed":0,"gold_gain":75,"player_choice":"Touch","damage_taken":8,"max_hp_gain":0,"max_hp_loss":0,"event_name":"FaceTrader","floor":4,"gold_loss":0}],"is_beta":false,"boss_relics":[],"items_purged_floors":[],"is_endless":false,"potions_floor_spawned":[5,10,14,16],"killed_by":"Hexaghost","ascension_level":0}