{"gold_per_floor":[112,287,287,8,27,27,27,43,69,142,142,17,61,84,84,204,204,229,254,254,84,105,141,141],"floor_reached":24,"playtime":882,"items_purged":["Doubt","Shame"],"score":235,"play_id":"776d84fb-1259-4ae0-8fbf-0298e4630226","local_time":"20181230144034","is_ascension_mode":true,"campfire_choices":[{"data":"Bash","floor":6,"key":"SMITH"},{"data":"Inflame","floor":15,"key":"SMITH"}],"neow_cost":"NONE","seed_source_timestamp":852103249603278,"circlet_count":0,"master_deck":["Strike_R","Strike_R","Strike_R","Strike_R","Strike_R","Defend_R+1","Defend_R","Defend_R","Defend_R","Bash+1","Perfected Strike","Burning Pact","Pummel","Inflame+1","Perfected Strike","Cleave","Pommel Strike","Limit Break+1","Doubt","Decay","Parasite","Wild Strike+1","Infernal Blade+1","Exhume","Armaments+1","Metallicize"],"relics":["Burning Blood","NeowsBlessing","Strange Spoon","Self Forming Clay","Anchor","Golden Idol","Bag of Marbles","Calling Bell","Torii","Darkstone Periapt","War Paint","Ancient Tea Set","Gremlin Horn"],"potions_floor_usage":[13,16,22,23],"damage_taken":[{"damage":0,"enemies":"Small Slimes","floor":1,"turns":1},{"damage":0,"enemies":"Jaw Worm","floor":5,"turns":1},{"damage":0,"enemies":"Cultist","floor":8,"turns":1},{"damage":14,"enemies":"Gremlin Nob","floor":13,"turns":3},{"damage":8,"enemies":"Blue Slaver","floor":14,"turns":3},{"damage":40,"enemies":"Hexaghost","floor":16,"turns":8},{"damage":23,"enemies":"Spheric Guardian","floor":18,"turns":4},{"damage":1,"enemies":"Chosen","floor":19,"turns":3},{"damage":30,"enemies":"Snake Plant","floor":22,"turns":5},{"damage":28,"enemies":"Slavers","floor":23,"turns":4},{"damage":38,"enemies":"Centurion and Healer","floor":24,"turns":5}],"seed_played":"-3619151780540144727","potions_obtained":[{"floor":1,"key":"Regen Potion"},{"floor":8,"key":"Energy Potion"},{"floor":13,"key":"FairyPotion"},{"floor":18,"key":"Weak Potion"},{"floor":22,"key":"AttackPotion"}],"is_trial":false,"path_per_floor":["M","?","?","$","M","R","?","M","T","?","?","$","E","M","R","B",null,"M","M","?","$","M","E","M"],"character_chosen":"IRONCLAD","items_purchased":["Strange Spoon","Inflame","Perfected Strike","Exhume"],"campfire_rested":0,"item_purchase_floors":[4,12,12,21],"current_hp_per_floor":[80,80,80,80,80,80,62,68,68,68,48,48,45,43,43,9,80,63,68,74,74,50,28,0],"gold":141,"neow_bonus":"THREE_ENEMY_KILL","is_prod":false,"is_daily":false,"chose_seed":false,"campfire_upgraded":2,"win_rate":0,"timestamp":1546198834,"path_taken":["M","?","?","$","?","R","?","M","T","?","?","?","E","?","R","BOSS","M","M","?","$","M","E","M"],"build_version":"2018-12-20","purchased_purges":2,"victory":false,"max_hp_per_floor":[80,80,80,80,80,80,80,80,80,80,80,80,80,80,80,80,80,80,80,86,86,86,86,86],"card_choices":[{"not_picked":["Entrench","Anger"],"picked":"Perfected Strike","floor":1},{"not_picked":["Shrug It Off","Heavy Blade"],"picked":"Burning Pact","floor":5},{"not_picked":["Anger","Flex"],"picked":"Pummel","floor":8},{"not_picked":["Sword Boomerang","Dropkick"],"picked":"Cleave","floor":13},{"not_picked":["Flex","Anger"],"picked":"Pommel Strike","floor":14},{"not_picked":["Bludgeon","Brutality"],"picked":"Limit Break","floor":16},{"not_picked":["Shrug It Off+1","Sword Boomerang"],"picked":"Wild Strike+1","floor":18},{"not_picked":["Feed","Flex"],"picked":"Infernal Blade+1","floor":19},{"not_picked":["Hemokinesis","Sentinel"],"picked":"Armaments+1","floor":22},{"not_picked":["Iron Wave+1","Clothesline"],"picked":"Metallicize","floor":23}],"player_experience":404921,"relics_obtained":[{"floor":9,"key":"Anchor"},{"floor":13,"key":"Bag of Marbles"},{"floor":17,"key":"Torii"},{"floor":17,"key":"Darkstone Periapt"},{"floor":17,"key":"War Paint"},{"floor":23,"key":"Gremlin Horn"}],"event_choices":[{"damage_healed":0,"gold_gain":175,"player_choice":"AGREE","damage_taken":0,"max_hp_gain":0,"max_hp_loss":0,"event_name":"Liars Game","floor":2,"gold_loss":0,"cards_obtained":["Doubt"]},{"damage_healed":0,"gold_gain":0,"player_choice":"Bought 0 Potions","damage_taken":0,"max_hp_gain":0,"max_hp_loss":0,"event_name":"The Woman in Blue","floor":3,"gold_loss":0},{"damage_healed":0,"gold_gain":0,"player_choice":"Success","damage_taken":18,"relics_obtained":["Self Forming Clay"],"max_hp_gain":0,"max_hp_loss":0,"event_name":"Scrap Ooze","floor":7,"gold_loss":0},{"damage_healed":0,"gold_gain":73,"player_choice":"Gained Gold","damage_taken":0,"max_hp_gain":0,"max_hp_loss":0,"event_name":"Golden Wing","floor":10,"gold_loss":0},{"damage_healed":0,"gold_gain":0,"player_choice":"Take Damage","damage_taken":20,"relics_obtained":["Golden Idol"],"max_hp_gain":0,"max_hp_loss":0,"event_name":"Golden Idol","floor":11,"gold_loss":0},{"damage_healed":0,"gold_gain":0,"player_choice":"Stole Relic","damage_taken":0,"relics_obtained":["Ancient Tea Set"],"max_hp_gain":0,"max_hp_loss":0,"event_name":"Addict","floor":20,"gold_loss":0,"cards_obtained":["Shame"]}],"is_beta":false,"boss_relics":[{"not_picked":["Snecko Eye","Eternal Feather"],"picked":"Calling Bell"}],"items_purged_floors":[4,21],"is_endless":false,"potions_floor_spawned":[1,8,13,18,22],"killed_by":"Centurion and Healer","ascension_level":2}