{"gold_per_floor":[115,115,115,128,140,174,174,208,231,241,241,276,276,276,276,402,402,420,420,434,434],"floor_reached":21,"playtime":1249,"items_purged":[],"score":315,"play_id":"cc683b4a-6590-451e-a346-930e25763ee4","local_time":"20190114141317","is_ascension_mode":true,"campfire_choices":[{"floor":7,"key":"REST"},{"floor":11,"key":"REST"},{"floor":13,"key":"REST"},{"floor":15,"key":"REST"}],"neow_cost":"PERCENT_DAMAGE","seed_source_timestamp":3290827560387,"circlet_count":0,"master_deck":["AscendersBane","Defend_G","Defend_G","Defend_G","Defend_G","Defend_G","Strike_G","Strike_G","Strike_G","Strike_G","Strike_G","Survivor","Neutralize","Backflip","Backflip","Noxious Fumes","Dodge and Roll","Blade Dance","Acrobatics","A Thousand Cuts","Caltrops","Accuracy","Infinite Blades"],"relics":["Ring of the Snake","Bag of Marbles","Boot","Lantern","Happy Flower","Pen Nib","Golden Idol","WristBlade"],"potions_floor_usage":[6,8,8,16,18,21],"damage_taken":[{"damage":4,"enemies":"Small Slimes","floor":1,"turns":6},{"damage":6,"enemies":"Jaw Worm","floor":4,"turns":5},{"damage":1,"enemies":"Cultist","floor":5,"turns":4},{"damage":30,"enemies":"3 Sentries","floor":6,"turns":11},{"damage":31,"enemies":"Gremlin Nob","floor":8,"turns":4},{"damage":0,"enemies":"Exordium Wildlife","floor":10,"turns":4},{"damage":9,"enemies":"3 Sentries","floor":12,"turns":8},{"damage":41,"enemies":"The Guardian","floor":16,"turns":17},{"damage":18,"enemies":"2 Thieves","floor":18,"turns":4},{"damage":20,"enemies":"3 Byrds","floor":20,"turns":4},{"damage":30,"enemies":"Snake Plant","floor":21,"turns":3}],"seed_played":"1278652572872376712","potions_obtained":[{"floor":4,"key":"FearPotion"},{"floor":5,"key":"FearPotion"},{"floor":6,"key":"Explosive Potion"},{"floor":12,"key":"SteroidPotion"},{"floor":16,"key":"PowerPotion"},{"floor":20,"key":"LiquidBronze"}],"is_trial":false,"path_per_floor":["M","?","T","M","M","E","R","E","T","M","R","E","R","?","R","B",null,"M","?","M","M"],"character_chosen":"THE_SILENT","items_purchased":[],"campfire_rested":4,"item_purchase_floors":[],"current_hp_per_floor":[55,55,55,49,48,18,43,12,12,12,37,28,53,32,57,16,67,49,49,29,0],"gold":434,"neow_bonus":"TWENTY_PERCENT_HP_BONUS","is_prod":false,"is_daily":false,"chose_seed":false,"campfire_upgraded":0,"win_rate":0,"timestamp":1547467997,"path_taken":["M","?","?","M","M","E","R","E","T","?","R","E","R","?","R","BOSS","M","?","M","M"],"build_version":"2019-01-10","purchased_purges":0,"victory":false,"max_hp_per_floor":[84,84,84,84,84,84,84,84,84,84,84,84,84,84,84,84,84,84,84,84,84],"card_choices":[{"not_picked":["Dodge and Roll","Reflex"],"picked":"Backflip","floor":1},{"not_picked":["Deflect","PiercingWail","Backflip"],"picked":"SKIP","floor":4},{"not_picked":["Deflect","PiercingWail"],"picked":"Backflip","floor":4},{"not_picked":["Prepared","Accuracy"],"picked":"Noxious Fumes","floor":5},{"not_picked":["Quick Slash","Deflect"],"picked":"Dodge and Roll","floor":6},{"not_picked":["Predator","Phantasmal Killer"],"picked":"Blade Dance","floor":8},{"not_picked":["Dagger Throw","Slice"],"picked":"Acrobatics","floor":10},{"not_picked":["Acrobatics","Backflip","Eviscerate"],"picked":"SKIP","floor":12},{"not_picked":["Night Terror","Burst"],"picked":"A Thousand Cuts","floor":16},{"not_picked":["Bane","Backflip"],"picked":"Caltrops","floor":18},{"not_picked":["Endless Agony","Sucker Punch"],"picked":"Infinite Blades","floor":20}],"player_experience":270567,"relics_obtained":[{"floor":3,"key":"Bag of Marbles"},{"floor":6,"key":"Boot"},{"floor":8,"key":"Lantern"},{"floor":9,"key":"Happy Flower"},{"floor":12,"key":"Pen Nib"}],"event_choices":[{"damage_healed":0,"gold_gain":0,"player_choice":"Ignored","damage_taken":0,"max_hp_gain":0,"max_hp_loss":0,"event_name":"Golden Wing","floor":2,"gold_loss":0},{"damage_healed":0,"gold_gain":0,"player_choice":"Take Damage","damage_taken":21,"relics_obtained":["Golden Idol"],"max_hp_gain":0,"max_hp_loss":0,"event_name":"Golden Idol","floor":14,"gold_loss":0},{"damage_healed":0,"gold_gain":0,"player_choice":"Read","damage_taken":0,"max_hp_gain":0,"max_hp_loss":0,"event_name":"The Library","floor":19,"gold_loss":0,"cards_obtained":["Accuracy"]}],"is_beta":false,"boss_relics":[{"not_picked":["Philosopher\u0027s Stone","Runic Dome"],"picked":"WristBlade"}],"items_purged_floors":[],"is_endless":false,"potions_floor_spawned":[4,5,6,12,16,20],"killed_by":"Snake Plant","ascension_level":12}