{"gold_per_floor":[109,284,302,577,589,617,617,643,643,657,668,668,668,668,668,771,771,781,781,781,794,804,804,814,814,814,729,746,143,173,185,185,288,288,302,315,315,415,415,415],"floor_reached":40,"playtime":2189,"items_purged":["Regret"],"score":491,"play_id":"97a37a8d-0394-4ec3-8549-a5c1fe7f60a1","local_time":"20181110183154","is_ascension_mode":false,"campfire_choices":[{"data":"White Noise","floor":7,"key":"SMITH"},{"data":"Fission","floor":12,"key":"SMITH"},{"data":"Go for the Eyes","floor":15,"key":"SMITH"},{"floor":25,"key":"REST"},{"data":"Defragment","floor":32,"key":"SMITH"}],"neow_cost":"NONE","seed_source_timestamp":433302689482132,"circlet_count":0,"master_deck":["Strike_B","Strike_B","Strike_B","Strike_B","Defend_B","Defend_B","Defend_B","Defend_B","Zap","Dualcast","Go for the Eyes+1","White Noise+1","Tempest","Tempest","Hello World","Genetic Algorithm","Fission+1","Biased Cognition","Lockon+1","Tempest","Gash+1","Tempest","Melter","Defragment+1","Undo","Coolheaded+1","Rainbow","Gash+1","Gash+1","Hello World","Madness","Madness"],"relics":["Cracked Core","NeowsBlessing","Mercury Hourglass","Gambling Chip","Mango","Bottled Flame","Sozu","Enchiridion","Pear","MutagenicStrength","Juzu Bracelet","Question Card","Chemical X","Bottled Tornado","Kunai","Snecko Eye","Pocketwatch"],"potions_floor_usage":[30,33],"damage_taken":[{"damage":0,"enemies":"Small Slimes","floor":1,"turns":1},{"damage":0,"enemies":"Cultist","floor":3,"turns":1},{"damage":0,"enemies":"2 Louse","floor":5,"turns":1},{"damage":24,"enemies":"Lagavulin","floor":6,"turns":5},{"damage":28,"enemies":"Gremlin Nob","floor":8,"turns":4},{"damage":10,"enemies":"Blue Slaver","floor":10,"turns":3},{"damage":10,"enemies":"2 Fungi Beasts","floor":11,"turns":3},{"damage":19,"enemies":"Slime Boss","floor":16,"turns":6},{"damage":21,"enemies":"Shell Parasite","floor":18,"turns":4},{"damage":13,"enemies":"2 Thieves","floor":21,"turns":3},{"damage":14,"enemies":"Shelled Parasite and Fungi","floor":22,"turns":4},{"damage":31,"enemies":"Centurion and Healer","floor":24,"turns":5},{"damage":0,"enemies":"Snake Plant","floor":28,"turns":2},{"damage":21,"enemies":"Slavers","floor":30,"turns":3},{"damage":0,"enemies":"Shelled Parasite and Fungi","floor":31,"turns":2},{"damage":7,"enemies":"Collector","floor":33,"turns":6},{"damage":0,"enemies":"3 Darklings","floor":35,"turns":3},{"damage":22,"enemies":"3 Shapes","floor":36,"turns":2},{"damage":2,"enemies":"Mind Bloom Boss Battle","floor":38,"turns":4},{"damage":66,"enemies":"Nemesis","floor":40,"turns":5}],"seed_played":"4042313723524513900","potions_obtained":[{"floor":5,"key":"SneckoOil"},{"floor":11,"key":"Poison Potion"},{"floor":16,"key":"Regen Potion"}],"is_trial":false,"path_per_floor":["M","?","M","?","M","E","R","E","T","M","M","R","?","T","R","B",null,"M","?","?","M","M","?","M","R","T","?","M","$","E","M","R","B",null,"M","M","?","?","?","E"],"character_chosen":"DEFECT","items_purchased":["Chemical X","Defragment","Bottled Tornado"],"campfire_rested":1,"item_purchase_floors":[29,29,29],"current_hp_per_floor":[75,75,75,75,75,51,51,23,37,27,17,17,39,39,39,20,89,68,52,62,49,35,35,4,33,33,33,33,33,21,21,21,14,99,99,77,77,75,63,0],"gold":415,"neow_bonus":"THREE_ENEMY_KILL","is_prod":false,"is_daily":false,"chose_seed":false,"campfire_upgraded":4,"win_rate":0.0,"timestamp":1541892714,"path_taken":["M","?","M","?","M","E","R","E","T","M","?","R","?","?","R","BOSS","M","?","?","M","M","?","M","R","T","?","M","?","E","M","R","BOSS","M","M","?","?","?","E"],"build_version":"2018-11-08","purchased_purges":1,"victory":false,"max_hp_per_floor":[75,75,75,75,75,75,75,75,89,89,89,89,89,89,89,89,89,89,89,99,99,99,99,99,99,99,99,99,99,99,99,99,99,99,99,99,96,96,96,96],"card_choices":[{"not_picked":["Sweeping Beam","Barrage"],"picked":"Go for the Eyes","floor":1},{"not_picked":["Conserve Battery","Sweeping Beam"],"picked":"White Noise","floor":3},{"not_picked":["Hologram","Loop"],"picked":"Tempest","floor":5},{"not_picked":["Conserve Battery","Reboot"],"picked":"Tempest","floor":6},{"not_picked":["Streamline","Self Repair"],"picked":"Hello World","floor":8},{"not_picked":["Conserve Battery","Cold Snap"],"picked":"Genetic Algorithm","floor":10},{"not_picked":["Leap","Scrape"],"picked":"Fission","floor":11},{"not_picked":["Creative AI","Amplify"],"picked":"Biased Cognition","floor":16},{"not_picked":["Go for the Eyes","Beam Cell"],"picked":"Lockon+1","floor":18},{"not_picked":["Sweeping Beam","Coolheaded"],"picked":"Tempest","floor":21},{"not_picked":["Conserve Battery","Consume"],"picked":"Gash+1","floor":22},{"not_picked":["Redo","Machine Learning"],"picked":"Tempest","floor":24},{"not_picked":["Beam Cell","Streamline","Coolheaded"],"picked":"Melter","floor":28},{"not_picked":["Hologram","Go for the Eyes","Auto Shields"],"picked":"Undo","floor":30},{"not_picked":["Redo","Gash","Steam"],"picked":"Coolheaded+1","floor":31},{"not_picked":["Meteor Strike","Hyperbeam","Core Surge"],"picked":"Rainbow","floor":33},{"not_picked":["Stack","Go for the Eyes+1","Conserve Battery+1"],"picked":"Gash+1","floor":35},{"not_picked":["Darkness","Reinforced Body","Go for the Eyes+1"],"picked":"Gash+1","floor":36},{"not_picked":["Coolheaded+1","Conserve Battery","Heatsinks+1"],"picked":"Hello World","floor":38}],"player_experience":160666,"relics_obtained":[{"floor":6,"key":"Mercury Hourglass"},{"floor":8,"key":"Gambling Chip"},{"floor":9,"key":"Mango"},{"floor":14,"key":"Bottled Flame"},{"floor":19,"key":"Enchiridion"},{"floor":26,"key":"Juzu Bracelet"},{"floor":30,"key":"Kunai"},{"floor":38,"key":"Pocketwatch"}],"event_choices":[{"damage_healed":0,"gold_gain":175,"player_choice":"AGREE","damage_taken":0,"max_hp_gain":0,"max_hp_loss":0,"event_name":"Liars Game","floor":2,"gold_loss":0,"cards_obtained":["Doubt"]},{"damage_healed":0,"gold_gain":275,"player_choice":"Desecrate","damage_taken":0,"max_hp_gain":0,"max_hp_loss":0,"event_name":"Golden Shrine","floor":4,"gold_loss":0,"cards_obtained":["Regret"]},{"damage_healed":22,"gold_gain":0,"player_choice":"Healed and dodged fight","damage_taken":0,"max_hp_gain":0,"max_hp_loss":0,"event_name":"Mushrooms","floor":13,"gold_loss":0,"cards_obtained":["Parasite"]},{"damage_healed":0,"gold_gain":0,"player_choice":"Obtained Book","damage_taken":16,"max_hp_gain":0,"max_hp_loss":0,"event_name":"Cursed Tome","floor":19,"gold_loss":0},{"damage_healed":0,"gold_gain":0,"player_choice":"Opened","damage_taken":0,"relics_obtained":["Pear"],"max_hp_gain":0,"max_hp_loss":0,"event_name":"The Mausoleum","floor":20,"gold_loss":0},{"damage_healed":0,"gold_gain":0,"player_choice":"Inject Mutagens","damage_taken":0,"relics_obtained":["MutagenicStrength"],"max_hp_gain":0,"max_hp_loss":0,"event_name":"Drug Dealer","floor":23,"gold_loss":0},{"damage_healed":0,"gold_gain":0,"player_choice":"Obtained Relic","damage_taken":0,"relics_obtained":["Question Card"],"max_hp_gain":0,"max_hp_loss":0,"event_name":"Addict","floor":27,"gold_loss":85},{"cards_removed":["Parasite","Doubt"],"damage_healed":0,"gold_gain":0,"player_choice":"Removed Curses","damage_taken":0,"max_hp_gain":0,"max_hp_loss":0,"event_name":"Fountain of Cleansing","floor":37,"gold_loss":0},{"damage_healed":0,"gold_gain":0,"player_choice":"Fight","damage_taken":0,"max_hp_gain":0,"max_hp_loss":0,"event_name":"MindBloom","floor":38,"gold_loss":0},{"damage_healed":0,"gold_gain":0,"player_choice":"Embrace Madness","damage_taken":12,"max_hp_gain":0,"max_hp_loss":0,"event_name":"Winding Halls","floor":39,"gold_loss":0,"cards_obtained":["Madness","Madness"]}],"is_beta":false,"boss_relics":[{"not_picked":["Empty Cage","Inserter"],"picked":"Sozu"},{"not_picked":["Velvet Choker","Runic Pyramid"],"picked":"Snecko Eye"}],"items_purged_floors":[29],"is_endless":false,"potions_floor_spawned":[5,11,16,18,21,22,30,35,38],"killed_by":"Nemesis","ascension_level":0}