{"path_per_floor":["M","M","?","?","M","R","M","M","T","R","M","R","E","$","R"],"character_chosen":"THE_SILENT","items_purchased":[],"gold_per_floor":[113,125,125,200,210,210,221,232,256,256,270,270,303,228,228,228],"floor_reached":16,"campfire_rested":0,"playtime":598,"item_purchase_floors":[],"current_hp_per_floor":[63,63,63,52,52,52,48,41,41,41,26,26,3,3,3,3],"items_purged":["Regret"],"gold":228,"score":168,"play_id":"a934c140-b0bf-49b8-b1b5-90474838c0df","local_time":"20180606232951","is_prod":false,"is_daily":false,"chose_seed":false,"is_ascension_mode":true,"campfire_upgraded":4,"win_rate":0,"timestamp":1528295391,"campfire_choices":[{"data":"Crippling Poison","floor":6,"key":"SMITH"},{"data":"Dodge and Roll","floor":10,"key":"SMITH"},{"data":"Neutralize","floor":12,"key":"SMITH"},{"data":"Dash","floor":15,"key":"SMITH"}],"path_taken":["M","M","?","?","?","R","M","M","T","R","M","R","E","$","R","BOSS"],"build_version":"2018-05-31","seed_source_timestamp":2016493241198,"purchased_purges":1,"victory":false,"master_deck":["Defend_G","Defend_G","Defend_G","Defend_G","Defend_G","Strike_G","Strike_G","Strike_G","Strike_G","Strike_G","Survivor","Neutralize+1","AscendersBane","Blade Dance","Crippling Poison+1","Dodge and Roll+1","Dash+1"],"max_hp_per_floor":[70,70,70,70,70,70,70,70,70,70,70,70,70,70,70,70],"relics":["Ring of the Snake","NeowsBlessing","Oddly Smooth Stone","Art of War","Boot"],"card_choices":[{"not_picked":["Underhanded Strike","Poisoned Stab"],"picked":"Blade Dance","floor":1},{"not_picked":["Deadly Poison","Dagger Throw"],"picked":"Crippling Poison","floor":2},{"not_picked":["Concentrate","Poisoned Stab","Finisher"],"picked":"SKIP","floor":5},{"not_picked":["Acrobatics","Night Terror","Slice"],"picked":"SKIP","floor":7},{"not_picked":["Acrobatics","Dagger Spray"],"picked":"Dodge and Roll","floor":8},{"not_picked":["Flechettes","Acrobatics","Flying Knee"],"picked":"SKIP","floor":11},{"not_picked":["Flying Knee","Outmaneuver"],"picked":"Dash","floor":13}],"player_experience":785382,"potions_floor_usage":[],"damage_taken":[{"damage":0,"enemies":"Jaw Worm","floor":1,"turns":1},{"damage":0,"enemies":"2 Louse","floor":2,"turns":1},{"damage":0,"enemies":"Small Slimes","floor":5,"turns":1},{"damage":4,"enemies":"2 Fungi Beasts","floor":7,"turns":4},{"damage":7,"enemies":"Exordium Thugs","floor":8,"turns":4},{"damage":15,"enemies":"Lots of Slimes","floor":11,"turns":3},{"damage":23,"enemies":"3 Sentries","floor":13,"turns":15},{"damage":0,"enemies":"The Guardian","floor":16,"turns":1}],"relics_obtained":[{"floor":9,"key":"Art of War"},{"floor":13,"key":"Boot"}],"event_choices":[{"event_name":"Big Fish","player_choice":"Box","floor":3,"damage_taken":0},{"event_name":"World of Goop","player_choice":"Gather Gold","floor":4,"damage_taken":0}],"boss_relics":[],"items_purged_floors":[14],"potions_floor_spawned":[2,11,13],"seed_played":"320562904107998006","killed_by":"The Guardian","ascension_level":13,"potions_obtained":[{"floor":2,"key":"Energy Potion"},{"floor":11,"key":"Regen Potion"},{"floor":13,"key":"EssenceOfSteel"}],"is_trial":false}