{"path_per_floor":["M","M","?","$","M","E","M","M","T","$","?","M","R","M","R"],"character_chosen":"THE_SILENT","items_purchased":["Slice","Acrobatics","Quick Slash","Backflip","Slice"],"gold_per_floor":[117,127,127,8,26,59,77,97,97,24,24,38,38,53,53],"floor_reached":16,"campfire_rested":2,"playtime":2459,"current_hp_per_floor":[67,66,66,66,65,59,57,46,46,46,46,39,60,59,70],"items_purged":[],"gold":53,"play_id":"306eea37-4770-4c90-a954-3bbce5f0da42","is_prod":false,"is_daily":false,"is_ascension_mode":false,"campfire_upgraded":0,"path_taken":["M","?","?","?","M","E","M","?","T","$","?","M","R","M","R","BOSS"],"build_version":"2018-02-01-PROD3","purchased_purges":0,"victory":false,"master_deck":["Defend_G","Defend_G","Defend_G","Defend_G","Defend_G","Strike_G","Strike_G","Strike_G","Strike_G","Strike_G","Survivor","Neutralize","Choke+1","Slice","Slice","Acrobatics","Quick Slash","Deflect","Slice","Deflect","Finisher","Backflip","Slice","Slice","Outmaneuver"],"max_hp_per_floor":[70,70,70,70,70,70,70,70,70,70,70,70,70,70,70],"relics":["Ring of the Snake","Lantern","Matryoshka"],"card_choices":[{"not_picked":["Prepared","Dagger Spray"],"picked":"Choke"},{"not_picked":["Acrobatics","Unload"],"picked":"Slice"},{"not_picked":["Backflip","Crippling Poison"],"picked":"Deflect"},{"not_picked":["Predator","After Image"],"picked":"Slice"},{"not_picked":["Prepared","Calculated Gamble"],"picked":"Deflect"},{"not_picked":["Outmaneuver","Dagger Throw"],"picked":"Finisher"},{"not_picked":["Noxious Fumes","Quick Slash"],"picked":"Slice"},{"not_picked":["Dagger Throw","Deadly Poison"],"picked":"Outmaneuver"}],"player_experience":2773,"potions_floor_usage":[],"damage_taken":[{"damage":3,"enemies":"Blue Slaver","floor":1,"turns":6},{"damage":1,"enemies":"Jaw Worm","floor":2,"turns":5},{"damage":1,"enemies":"Cultist","floor":5,"turns":3},{"damage":6,"enemies":"3 Sentries","floor":6,"turns":10},{"damage":2,"enemies":"Gremlin Gang","floor":7,"turns":6},{"damage":11,"enemies":"Exordium Wildlife","floor":8,"turns":4},{"damage":7,"enemies":"Large Slime","floor":12,"turns":5},{"damage":1,"enemies":"Exordium Thugs","floor":14,"turns":4},{"damage":71,"enemies":"Hexaghost","floor":16,"turns":13}],"event_choices":[{"event_name":"Accursed Blacksmith","player_choice":"Forge","floor":3,"damage_taken":0},{"event_name":"Liars Game","player_choice":"disagreed","floor":11,"damage_taken":0}],"boss_relics":[],"potions_floor_spawned":[5,12],"seed_played":"-2591008849852838220","killed_by":"Hexaghost","ascension_level":0,"is_trial":false}