{"path_per_floor":["M","$","M","?","?","R","M","R","T","M","M","M","?","M","R","B",null,"M","?","M","M","$","R","$","R","T","$","?","M","?","M","R","B",null,"M","?","$","?","$","R"],"character_chosen":"THE_SILENT","items_purchased":["Accuracy","Infinite Blades","Choke","Prepared","Infinite Blades","PiercingWail","Caltrops","Well Laid Plans","Blade Dance"],"gold_per_floor":[117,35,48,48,48,48,68,68,139,157,169,186,186,206,206,302,302,314,314,280,291,129,129,28,28,80,41,41,53,53,68,68,173,173,190,190,43,43,9,9],"floor_reached":41,"campfire_rested":5,"playtime":3095,"current_hp_per_floor":[70,70,61,61,61,61,58,58,58,58,57,57,57,57,70,35,70,67,67,33,9,9,30,30,51,58,58,58,60,46,45,69,11,82,58,58,58,58,58,82],"items_purged":["Normality"],"gold":9,"score":331,"play_id":"cc9c3431-e2f2-4a8d-80d9-f6196e8c023b","is_prod":false,"is_daily":false,"is_ascension_mode":false,"campfire_upgraded":2,"path_taken":["M","$","M","?","?","R","?","R","T","M","M","?","?","M","R","BOSS","M","?","M","?","$","R","$","R","T","$","?","M","?","M","R","BOSS","M","?","$","?","$","R","E"],"build_version":"2018-02-12-PROD1","purchased_purges":1,"victory":false,"master_deck":["Defend_G","Defend_G","Defend_G","Defend_G","Defend_G","Strike_G","Strike_G","Strike_G","Strike_G","Survivor","Neutralize","Dagger Throw","Accuracy+1","Dagger Spray","After Image+1","Cloak And Dagger","Quick Slash","Adrenaline","Writhe","Dash","Cloak And Dagger","Choke+1","Infinite Blades+1","Choke","Prepared","Infinite Blades","PiercingWail","Caltrops","Cloak And Dagger","Tools of the Trade","Backflip","Well Laid Plans","Blade Dance"],"max_hp_per_floor":[70,70,70,70,70,70,70,70,70,70,70,70,70,70,70,70,70,70,70,70,70,70,70,70,70,77,77,77,77,82,82,82,82,82,82,82,82,82,82,82],"relics":["Ring of the Snake","Ginger","Ninja Scroll","Calling Bell","Bag of Preparation","Bird Faced Urn","Darkstone Periapt","Strawberry"],"card_choices":[{"not_picked":["Outmaneuver","Acrobatics"],"picked":"Dagger Throw"},{"not_picked":["Dagger Throw","Terror"],"picked":"After Image"},{"not_picked":["Outmaneuver","Leg Sweep"],"picked":"Cloak And Dagger"},{"not_picked":["Deadly Poison","Caltrops"],"picked":"Quick Slash"},{"not_picked":["Unload","Corpse Explosion"],"picked":"Adrenaline"},{"not_picked":["Malaise","Skewer"],"picked":"Dash"},{"not_picked":["Deflect","Endless Agony"],"picked":"Cloak And Dagger"},{"not_picked":["Noxious Fumes","Prepared"],"picked":"Choke"},{"not_picked":["Leg Sweep","All Out Attack"],"picked":"Cloak And Dagger"},{"not_picked":["Venomology","Die Die Die"],"picked":"Tools of the Trade"},{"not_picked":["Flying Knee","Backstab"],"picked":"Backflip"}],"player_experience":95222,"potions_floor_usage":[33,33,33,41],"damage_taken":[{"damage":0.0,"enemies":"2 Louse","floor":1.0,"turns":3.0},{"damage":9.0,"enemies":"Cultist","floor":3.0,"turns":4.0},{"damage":3.0,"enemies":"Jaw Worm","floor":7.0,"turns":4.0},{"damage":0.0,"enemies":"Large Slime","floor":10.0,"turns":4.0},{"damage":1.0,"enemies":"2 Fungi Beasts","floor":11.0,"turns":3.0},{"damage":0.0,"enemies":"Red Slaver","floor":12.0,"turns":2.0},{"damage":0.0,"enemies":"Gremlin Gang","floor":14.0,"turns":2.0},{"damage":35.0,"enemies":"The Guardian","floor":16.0,"turns":11.0},{"damage":5.0,"enemies":"Chosen","floor":18.0,"turns":6.0},{"damage":36.0,"enemies":"2 Thieves","floor":20.0,"turns":5.0},{"damage":28.0,"enemies":"Snake Plant","floor":21.0,"turns":6.0},{"damage":8,"enemies":"Centurion and Healer","floor":29,"turns":6},{"damage":7,"enemies":"3 Cultists","floor":31,"turns":6},{"damage":83,"enemies":"Champ","floor":33,"turns":13},{"damage":24,"enemies":"Orb Walker","floor":35,"turns":5},{"damage":113,"enemies":"Giant Head","floor":41,"turns":8}],"event_choices":[{"event_name":"Living Wall","player_choice":"Change","floor":4.0,"damage_taken":0.0},{"event_name":"Big Fish","player_choice":"Box","floor":5.0,"damage_taken":0.0},{"event_name":"Wheel of Change","player_choice":"Card Removal","floor":13.0,"damage_taken":0.0},{"event_name":"Back to Basics","player_choice":"Elegance","floor":19.0,"damage_taken":0.0},{"event_name":"Accursed Blacksmith","player_choice":"Forge","floor":28,"damage_taken":0},{"event_name":"Forgotten Altar","player_choice":"Shed Blood","floor":30,"damage_taken":0},{"event_name":"Tomb of Lord Red Mask","player_choice":"Ignored","floor":36,"damage_taken":0},{"event_name":"Mysterious Sphere","player_choice":"Ignore","floor":38,"damage_taken":0}],"boss_relics":[{"not_picked":["Runic Dome","Velvet Choker","Sozu"]}],"potions_floor_spawned":[10,11,12,14,16,21,29,35],"seed_played":"-8794088425552217063","killed_by":"Giant Head","ascension_level":0,"is_trial":false}