{"gold_per_floor":[114,114,114,39,55,89,106,106,181,181,194,228,228,248,248,326,326,345,358,358,358,368,368,268,268,268,268],"floor_reached":27,"playtime":1998,"items_purged":["Strike_R","Strike_R"],"score":480,"play_id":"a05e8738-3e34-438e-bde6-0b1e07df7d06","local_time":"20190301172706","is_ascension_mode":true,"campfire_choices":[{"data":"Rampage","floor":8,"key":"SMITH"},{"data":"Brutality","floor":10,"key":"SMITH"},{"data":"Cleave","floor":13,"key":"SMITH"},{"floor":15,"key":"REST"},{"data":"Reaper","floor":23,"key":"SMITH"},{"data":"Thunderclap","floor":25,"key":"SMITH"}],"neow_cost":"NONE","seed_source_timestamp":7880936853477,"circlet_count":0,"master_deck":["AscendersBane","Strike_R+1","Strike_R","Strike_R","Defend_R","Defend_R","Defend_R","Defend_R","Bash+1","Rampage+1","Brutality+1","Cleave+1","Thunderclap+1","Reaper+1","Reckless Charge+1","Sword Boomerang+1","Impervious"],"relics":["Burning Blood","NeowsBlessing","Self Forming Clay","Pen Nib","Sundial","Calipers","White Beast Statue","Potion Belt"],"potions_floor_usage":[12,16,16,27],"damage_taken":[{"damage":0,"enemies":"Jaw Worm","floor":1,"turns":1},{"damage":0,"enemies":"Cultist","floor":5,"turns":1},{"damage":0,"enemies":"Gremlin Nob","floor":6,"turns":1},{"damage":10,"enemies":"2 Louse","floor":7,"turns":3},{"damage":15,"enemies":"Exordium Wildlife","floor":11,"turns":4},{"damage":16,"enemies":"Lagavulin","floor":12,"turns":5},{"damage":15,"enemies":"Blue Slaver","floor":14,"turns":3},{"damage":34,"enemies":"Hexaghost","floor":16,"turns":8},{"damage":36,"enemies":"2 Thieves","floor":18,"turns":4},{"damage":27,"enemies":"Chosen","floor":19,"turns":4},{"damage":27,"enemies":"Snake Plant","floor":22,"turns":4},{"damage":13,"enemies":"Slavers","floor":27,"turns":1}],"seed_played":"8364482701120429896","potions_obtained":[{"floor":5,"key":"GamblersBrew"},{"floor":11,"key":"EssenceOfSteel"},{"floor":14,"key":"Weak Potion"},{"floor":18,"key":"FearPotion"},{"floor":19,"key":"Dexterity Potion"},{"floor":22,"key":"Fire Potion"}],"is_trial":false,"path_per_floor":["M","?","T","$","M","E","M","R","T","R","M","E","R","M","R","B",null,"M","M","?","?","M","R","$","R","T","E"],"character_chosen":"IRONCLAD","items_purchased":[],"campfire_rested":1,"item_purchase_floors":[],"current_hp_per_floor":[74,51,51,51,57,63,59,59,59,59,50,40,40,31,53,25,63,45,30,30,30,9,9,9,9,9,0],"gold":268,"neow_bonus":"THREE_ENEMY_KILL","is_prod":false,"is_daily":false,"chose_seed":false,"campfire_upgraded":5,"win_rate":0,"timestamp":1551428826,"path_taken":["M","?","?","$","?","E","M","R","T","R","M","E","R","M","R","BOSS","M","M","?","?","?","R","$","R","T","E"],"build_version":"2019-01-23","purchased_purges":2,"victory":false,"max_hp_per_floor":[75,75,75,75,75,75,75,75,75,75,75,75,75,75,75,75,75,75,75,75,75,75,75,75,75,75,75],"card_choices":[{"not_picked":["Armaments","Shrug It Off","Disarm"],"picked":"SKIP","floor":1},{"not_picked":["Feel No Pain","Shrug It Off"],"picked":"Rampage","floor":5},{"not_picked":["Corruption","Warcry"],"picked":"Brutality","floor":6},{"not_picked":["Heavy Blade","Seeing Red","Body Slam"],"picked":"SKIP","floor":7},{"not_picked":["Intimidate","Anger"],"picked":"Cleave","floor":11},{"not_picked":["Body Slam","Iron Wave","Fiend Fire"],"picked":"SKIP","floor":12},{"not_picked":["Shrug It Off","Perfected Strike"],"picked":"Thunderclap","floor":14},{"not_picked":["Double Tap","Barricade"],"picked":"Reaper","floor":16},{"not_picked":["Clash","Sentinel"],"picked":"Reckless Charge+1","floor":18},{"not_picked":["Disarm","Flex"],"picked":"Sword Boomerang+1","floor":19},{"not_picked":["Pommel Strike","True Grit"],"picked":"Impervious","floor":22}],"player_experience":975450,"relics_obtained":[{"floor":3,"key":"Self Forming Clay"},{"floor":6,"key":"Pen Nib"},{"floor":9,"key":"Sundial"},{"floor":12,"key":"Calipers"},{"floor":26,"key":"Potion Belt"}],"event_choices":[{"damage_healed":0,"gold_gain":0,"player_choice":"Entered Light","damage_taken":23,"max_hp_gain":0,"max_hp_loss":0,"event_name":"Shining Light","floor":2,"gold_loss":0,"cards_upgraded":["Strike_R","Bash"]},{"damage_healed":0,"gold_gain":0,"player_choice":"Ignored","damage_taken":0,"max_hp_gain":0,"max_hp_loss":0,"event_name":"Ghosts","floor":20,"gold_loss":0},{"damage_healed":0,"gold_gain":0,"player_choice":"Ignored","damage_taken":0,"max_hp_gain":0,"max_hp_loss":0,"event_name":"Vampires","floor":21,"gold_loss":0}],"is_beta":false,"boss_relics":[{"not_picked":["Mark of Pain","Runic Dome"],"picked":"White Beast Statue"}],"items_purged_floors":[4,24],"is_endless":false,"potions_floor_spawned":[5,11,14,18,19,22],"killed_by":"Slavers","ascension_level":19}