{"gold_per_floor":[115,115,134,145,70,105,117,143,178,215,40,40,60,90,90,191,191,210,309,18,18,30,61,61,92,146,164,164,198,228,59,59,157,157,172,172,185,197,214,246,246,257,338,44,79,0,0,0,0,0],"floor_reached":51,"playtime":2862,"items_purged":["Decay","Searing Blow+1"],"score":1114,"play_id":"5716a533-05bd-436f-a71e-96be36613bb9","local_time":"20190205194705","is_ascension_mode":true,"campfire_choices":[{"data":"Bash","floor":7,"key":"SMITH"},{"data":"Apotheosis","floor":12,"key":"SMITH"},{"data":"Impervious","floor":15,"key":"SMITH"},{"floor":24,"key":"REST"},{"floor":28,"key":"REST"},{"floor":32,"key":"REST"},{"floor":41,"key":"REST"},{"data":"Offering","floor":49,"key":"SMITH"}],"neow_cost":"NONE","seed_source_timestamp":1118839391769000,"circlet_count":0,"master_deck":["Strike_R","Strike_R","Strike_R","Strike_R","Strike_R","Defend_R","Defend_R","Defend_R","Defend_R","Bash+1","Shrug It Off","Thunderclap","Impervious+1","Twin Strike","Pommel Strike","Pommel Strike","Apotheosis+1","Perfected Strike","Uppercut","Immolate","Battle Trance","Inflame","Perfected Strike+1","Shrug It Off","Wild Strike+1","Juggernaut","Impervious","Twin Strike+1","Inflame","Flex","Spot Weakness+1","Shrug It Off+1","Metallicize+1","Perfected Strike+1","Seeing Red","Pommel Strike+1","Inflame+1","Offering+1","Heavy Blade+1"],"relics":["Burning Blood","Happy Flower","MawBank","Ancient Tea Set","Boot","Paper Frog","Sozu","Thread and Needle","Pen Nib","Molten Egg 2","Regal Pillow","FossilizedHelix","Tiny Chest","Oddly Smooth Stone","Orrery","Pocketwatch","Shuriken","Frozen Egg 2","Red Skull","Red Mask","Champion Belt"],"potions_floor_usage":[14,16,33,33,45],"damage_taken":[{"damage":9,"enemies":"Small Slimes","floor":1,"turns":3},{"damage":1,"enemies":"Cultist","floor":3,"turns":4},{"damage":3,"enemies":"2 Louse","floor":4,"turns":2},{"damage":27,"enemies":"3 Sentries","floor":6,"turns":11},{"damage":2,"enemies":"Exordium Wildlife","floor":8,"turns":3},{"damage":2,"enemies":"Gremlin Nob","floor":10,"turns":4},{"damage":3,"enemies":"Exordium Thugs","floor":13,"turns":3},{"damage":12,"enemies":"3 Sentries","floor":14,"turns":5},{"damage":0,"enemies":"Slime Boss","floor":16,"turns":7},{"damage":33,"enemies":"3 Byrds","floor":18,"turns":4},{"damage":18,"enemies":"2 Thieves","floor":22,"turns":3},{"damage":4,"enemies":"Slavers","floor":23,"turns":4},{"damage":0,"enemies":"Gremlin Leader","floor":25,"turns":4},{"damage":3,"enemies":"Shelled Parasite and Fungi","floor":27,"turns":2},{"damage":7,"enemies":"Slavers","floor":29,"turns":4},{"damage":40,"enemies":"Collector","floor":33,"turns":6},{"damage":0,"enemies":"Orb Walker","floor":35,"turns":3},{"damage":0,"enemies":"3 Shapes","floor":37,"turns":2},{"damage":0,"enemies":"Jaw Worm Horde","floor":38,"turns":3},{"damage":14,"enemies":"Sphere and 2 Shapes","floor":39,"turns":4},{"damage":4,"enemies":"Nemesis","floor":40,"turns":3},{"damage":7,"enemies":"3 Darklings","floor":42,"turns":5},{"damage":0,"enemies":"Reptomancer","floor":45,"turns":2},{"damage":77,"enemies":"Donu and Deca","floor":50,"turns":8}],"seed_played":"-7662715576970714462","potions_obtained":[{"floor":1,"key":"SpeedPotion"},{"floor":6,"key":"SteroidPotion"},{"floor":13,"key":"Regen Potion"},{"floor":14,"key":"Strength Potion"},{"floor":16,"key":"AttackPotion"}],"is_trial":false,"path_per_floor":["M","?","M","M","$","E","R","M","T","E","$","R","M","E","R","B",null,"M","?","$","?","M","E","R","E","T","M","R","E","T","$","R","B",null,"M","T","M","M","M","E","R","M","T","$","E","?","$","T","R","B",null],"character_chosen":"IRONCLAD","items_purchased":["Apotheosis","Thread and Needle","Oddly Smooth Stone","Wild Strike+1","Inflame+1","Offering"],"campfire_rested":4,"item_purchase_floors":[11,20,31,31,44,44],"current_hp_per_floor":[77,77,80,80,80,59,59,63,63,67,67,67,70,78,78,80,80,53,53,53,53,41,43,67,73,73,76,80,79,79,79,80,46,72,78,78,80,80,72,74,80,79,79,79,80,80,80,80,80,9],"gold":0,"neow_bonus":"RANDOM_COMMON_RELIC","is_prod":false,"is_daily":false,"chose_seed":false,"campfire_upgraded":4,"win_rate":0,"timestamp":1549414025,"path_taken":["M","?","?","M","$","E","R","M","T","E","$","R","M","E","R","BOSS","M","?","$","?","M","E","R","E","T","?","R","E","?","$","R","BOSS","M","?","M","?","M","E","R","M","T","$","E","?","$","?","R","BOSS"],"build_version":"2019-01-23","purchased_purges":2,"victory":true,"max_hp_per_floor":[80,80,80,80,80,80,80,80,80,80,80,80,80,80,80,80,80,80,80,80,80,80,80,80,80,80,80,80,80,80,80,80,80,80,80,80,80,80,80,80,80,80,80,80,80,80,80,80,80,80],"card_choices":[{"not_picked":["Combust","Clothesline"],"picked":"Shrug It Off","floor":1},{"not_picked":["True Grit","Sword Boomerang"],"picked":"Thunderclap","floor":3},{"not_picked":["Heavy Blade","Clash"],"picked":"Impervious","floor":4},{"not_picked":["Wild Strike","Power Through"],"picked":"Twin Strike","floor":6},{"not_picked":["Clash","Reckless Charge"],"picked":"Pommel Strike","floor":8},{"not_picked":["Reckless Charge","Wild Strike"],"picked":"Pommel Strike","floor":10},{"not_picked":["Shrug It Off","Flex"],"picked":"Perfected Strike","floor":13},{"not_picked":["Brutality","Body Slam"],"picked":"Uppercut","floor":14},{"not_picked":["Limit Break","Double Tap"],"picked":"Immolate","floor":16},{"not_picked":["Headbutt+1","Pummel"],"picked":"Battle Trance","floor":18},{"not_picked":["Shrug It Off","Sword Boomerang"],"picked":"Inflame","floor":22},{"not_picked":["Hemokinesis","Reckless Charge","Body Slam"],"picked":"SKIP","floor":23},{"not_picked":["Dual Wield","Sword Boomerang"],"picked":"Perfected Strike","floor":25},{"not_picked":["Dropkick+1","Armaments+1"],"picked":"Shrug It Off","floor":27},{"not_picked":["Evolve","Clash+1"],"picked":"Searing Blow+1","floor":29},{"not_picked":["Brutality","Impervious"],"picked":"Juggernaut","floor":33},{"not_picked":["Warcry","Armaments"],"picked":"Impervious","floor":34},{"not_picked":["Shockwave","Clash+1"],"picked":"Twin Strike+1","floor":34},{"not_picked":["Second Wind","Seeing Red"],"picked":"Inflame","floor":34},{"not_picked":["Anger+1","Sword Boomerang+1"],"picked":"Flex","floor":34},{"not_picked":["Dropkick+1","Twin Strike+1"],"picked":"Spot Weakness+1","floor":35},{"not_picked":["Headbutt+1","Anger+1"],"picked":"Shrug It Off+1","floor":37},{"not_picked":["Shrug It Off","Warcry+1"],"picked":"Metallicize+1","floor":38},{"not_picked":["Body Slam+1","Cleave+1"],"picked":"Perfected Strike+1","floor":39},{"not_picked":["Burning Pact+1","Second Wind+1"],"picked":"Seeing Red","floor":40},{"not_picked":["Headbutt+1","Power Through+1"],"picked":"Pommel Strike+1","floor":42},{"not_picked":["Berserk+1","Pummel+1"],"picked":"Heavy Blade+1","floor":45}],"player_experience":445710,"relics_obtained":[{"floor":6,"key":"MawBank"},{"floor":9,"key":"Ancient Tea Set"},{"floor":10,"key":"Boot"},{"floor":14,"key":"Paper Frog"},{"floor":23,"key":"Pen Nib"},{"floor":25,"key":"Molten Egg 2"},{"floor":26,"key":"Regal Pillow"},{"floor":29,"key":"FossilizedHelix"},{"floor":30,"key":"Tiny Chest"},{"floor":36,"key":"Pocketwatch"},{"floor":40,"key":"Shuriken"},{"floor":43,"key":"Frozen Egg 2"},{"floor":45,"key":"Red Skull"},{"floor":48,"key":"Champion Belt"}],"event_choices":[{"damage_healed":0,"gold_gain":0,"player_choice":"Cursed","damage_taken":0,"max_hp_gain":0,"max_hp_loss":0,"event_name":"Wheel of Change","floor":2,"gold_loss":0,"cards_obtained":["Decay"]},{"damage_healed":0,"gold_gain":99,"player_choice":"Stole From Cult","damage_taken":0,"max_hp_gain":0,"max_hp_loss":0,"event_name":"Nest","floor":19,"gold_loss":0},{"damage_healed":0,"gold_gain":0,"player_choice":"Ignored","damage_taken":0,"max_hp_gain":0,"max_hp_loss":0,"event_name":"Vampires","floor":21,"gold_loss":0},{"damage_healed":0,"gold_gain":0,"player_choice":"Paid","damage_taken":0,"relics_obtained":["Red Mask"],"max_hp_gain":0,"max_hp_loss":0,"event_name":"Tomb of Lord Red Mask","floor":46,"gold_loss":79}],"is_beta":false,"boss_relics":[{"not_picked":["Eternal Feather","Velvet Choker"],"picked":"Sozu"},{"not_picked":["Runic Dome","Philosopher\u0027s Stone"],"picked":"Orrery"}],"items_purged_floors":[5,44],"is_endless":false,"potions_floor_spawned":[1,6,13,14,16,22,27,29,33,35,38,42],"ascension_level":5}