{"path_per_floor":["M","?","M","M","?","R","M","M","T","$","M","R","$","M","R","B",null,"M","?","?","?","?","R","M","M","T","R","M","?","?","M","R"],"character_chosen":"THE_SILENT","items_purchased":["Flash of Steel","Well Laid Plans","Oddly Smooth Stone"],"gold_per_floor":[118,118,131,144,319,319,335,354,354,172,192,192,6,24,24,121,121,139,139,54,54,54,54,66,82,82,82,98,98,98,116,116],"floor_reached":33,"campfire_rested":1,"playtime":3375,"current_hp_per_floor":[70,70,69,69,69,69,69,63,63,63,63,63,63,63,63,53,70,64,64,64,64,49,49,48,49,49,49,49,49,33,36,49],"items_purged":["Doubt"],"gold":116,"score":265,"play_id":"f13ca265-09dd-4236-a67c-852b67024993","local_time":"20180312234451","is_prod":false,"is_daily":false,"is_ascension_mode":false,"campfire_upgraded":5,"timestamp":1520898291,"path_taken":["M","?","?","?","?","R","?","M","T","$","M","R","?","M","R","BOSS","M","?","?","?","?","R","?","M","T","R","M","?","?","M","R","BOSS"],"build_version":"2018-03-09","purchased_purges":1,"victory":false,"master_deck":["Defend_G","Defend_G","Defend_G","Defend_G","Defend_G","Survivor+1","Neutralize+1","Expertise","Dagger Spray+1","Backflip+1","Flash of Steel","Leg Sweep+1","Well Laid Plans","Slice","Night Terror+1","PiercingWail+1","Writhe","Bite","Bite","Bite","Bite","Bite","Dagger Spray+1","Footwork","Necronomicurse","Noxious Fumes"],"max_hp_per_floor":[70,70,70,70,70,70,70,70,70,70,70,70,70,70,70,70,70,70,70,70,70,49,49,49,49,49,49,49,49,49,49,49],"relics":["Ring of the Snake","Tingsha","Oddly Smooth Stone","The Specimen","Lantern","Torii","Ginger","Necronomicon"],"card_choices":[{"not_picked":["Underhanded Strike","Dagger Throw"],"picked":"Expertise"},{"not_picked":["Dodge and Roll","Quick Slash"],"picked":"Dagger Spray"},{"not_picked":["Quick Slash","Outmaneuver"],"picked":"Backflip"},{"not_picked":["Poisoned Stab","Slice"],"picked":"Leg Sweep"},{"not_picked":["Poisoned Stab","Deadly Poison"],"picked":"Slice"},{"not_picked":["Envenom","Burst"],"picked":"Night Terror"},{"not_picked":["Masterful Stab","Distraction"],"picked":"PiercingWail"},{"not_picked":["Underhanded Strike","Flying Knee"],"picked":"Dagger Spray"},{"not_picked":["Predator","Sucker Punch"],"picked":"Noxious Fumes"}],"player_experience":104761,"potions_floor_usage":[11,16,18,31,33],"damage_taken":[{"damage":0,"enemies":"Jaw Worm","floor":1,"turns":5},{"damage":1,"enemies":"2 Louse","floor":3,"turns":4},{"damage":0,"enemies":"Cultist","floor":4,"turns":5},{"damage":0,"enemies":"Lots of Slimes","floor":7,"turns":1},{"damage":6,"enemies":"2 Fungi Beasts","floor":8,"turns":3},{"damage":0,"enemies":"Large Slime","floor":11,"turns":6},{"damage":0,"enemies":"3 Louse","floor":14,"turns":2},{"damage":10,"enemies":"Slime Boss","floor":16,"turns":13},{"damage":6,"enemies":"3 Byrds","floor":18,"turns":6},{"damage":10,"enemies":"Shell Parasite","floor":24,"turns":15},{"damage":13,"enemies":"Centurion and Healer","floor":25,"turns":12},{"damage":7,"enemies":"Snake Plant","floor":28,"turns":7},{"damage":9,"enemies":"3 Cultists","floor":31,"turns":6},{"damage":56,"enemies":"Collector","floor":33,"turns":6}],"event_choices":[{"event_name":"Living Wall","player_choice":"Forget","floor":2,"damage_taken":0},{"event_name":"Liars Game","player_choice":"agreed","floor":5,"damage_taken":0},{"event_name":"Drug Dealer","player_choice":"Ignored","floor":19,"damage_taken":0},{"event_name":"Addict","player_choice":"Obtained Relic","floor":20,"damage_taken":0},{"event_name":"The Mausoleum","player_choice":"Yes","floor":21,"damage_taken":0},{"event_name":"Vampires","player_choice":"Became a vampire","floor":22,"damage_taken":0},{"event_name":"The Library","player_choice":"Read","floor":29,"damage_taken":0},{"event_name":"Cursed Tome","player_choice":"Obtained Book","floor":30,"damage_taken":0}],"boss_relics":[{"not_picked":["Eternal Feather","Astrolabe"],"picked":"The Specimen"}],"potions_floor_spawned":[1,8,14,16,24,25],"seed_played":"7026766120812823591","killed_by":"Collector","ascension_level":0,"is_trial":false}