{"gold_per_floor":[117,117,133,152,152,152,167,216,240,240,240,280,280,42,42,42],"floor_reached":16,"playtime":839,"items_purged":[],"score":137,"play_id":"5f75780b-fe83-4d97-8530-41a80b75d1bb","local_time":"20181223110425","is_ascension_mode":true,"campfire_choices":[{"data":"Neutralize","floor":6,"key":"SMITH"},{"data":"Storm of Steel","floor":13,"key":"SMITH"},{"data":"Leg Sweep","floor":15,"key":"SMITH"}],"neow_cost":"TEN_PERCENT_HP_LOSS","seed_source_timestamp":234358819365842,"circlet_count":0,"master_deck":["Defend_G","Defend_G","Defend_G","Defend_G","Defend_G","Strike_G","Strike_G","Strike_G","Strike_G","Strike_G","Survivor","Neutralize+1","Leg Sweep+1","Poisoned Stab","Blur","Blur","Storm of Steel+1"],"relics":["Ring of the Snake","Torii","Strawberry","Happy Flower","Centennial Puzzle","Bag of Marbles","Golden Idol","Question Card","Pantograph"],"potions_floor_usage":[12,12],"damage_taken":[{"damage":0,"enemies":"Small Slimes","floor":1,"turns":3},{"damage":2,"enemies":"Jaw Worm","floor":3,"turns":7},{"damage":0,"enemies":"2 Louse","floor":4,"turns":3},{"damage":1,"enemies":"2 Fungi Beasts","floor":7,"turns":5},{"damage":3,"enemies":"3 Sentries","floor":12,"turns":17},{"damage":69,"enemies":"Slime Boss","floor":16,"turns":12}],"seed_played":"8789791802640657970","potions_obtained":[{"floor":4,"key":"Swift Potion"},{"floor":7,"key":"GhostInAJar"}],"is_trial":false,"path_per_floor":["M","?","M","M","T","R","M","T","T","?","?","E","R","$","R","B"],"character_chosen":"THE_SILENT","items_purchased":["Pantograph"],"campfire_rested":0,"item_purchase_floors":[14],"current_hp_per_floor":[63,63,61,61,68,68,67,67,67,42,42,39,39,39,39,0],"gold":42,"neow_bonus":"ONE_RARE_RELIC","is_prod":false,"is_daily":false,"chose_seed":false,"campfire_upgraded":3,"win_rate":0,"timestamp":1545581065,"path_taken":["M","?","M","M","?","R","M","?","T","?","?","E","R","$","R","BOSS"],"build_version":"2018-12-20","purchased_purges":0,"victory":false,"max_hp_per_floor":[63,63,63,63,70,70,70,70,70,70,65,65,65,65,65,65],"card_choices":[{"not_picked":["Cloak And Dagger","Outmaneuver"],"picked":"Leg Sweep","floor":1},{"not_picked":["Concentrate","Outmaneuver"],"picked":"Poisoned Stab","floor":3},{"not_picked":["Dagger Spray","Outmaneuver"],"picked":"Blur","floor":4},{"not_picked":["Prepared","Underhanded Strike"],"picked":"Blur","floor":7},{"not_picked":["Prepared","Predator"],"picked":"Storm of Steel","floor":12}],"player_experience":360180,"relics_obtained":[{"floor":5,"key":"Strawberry"},{"floor":8,"key":"Happy Flower"},{"floor":9,"key":"Centennial Puzzle"},{"floor":12,"key":"Question Card"}],"event_choices":[{"damage_healed":0,"gold_gain":0,"player_choice":"Leave","damage_taken":0,"max_hp_gain":0,"max_hp_loss":0,"event_name":"The Cleric","floor":2,"gold_loss":0},{"damage_healed":0,"gold_gain":0,"player_choice":"Success","damage_taken":25,"relics_obtained":["Bag of Marbles"],"max_hp_gain":0,"max_hp_loss":0,"event_name":"Scrap Ooze","floor":10,"gold_loss":0},{"damage_healed":0,"gold_gain":0,"player_choice":"Lose Max HP","damage_taken":0,"relics_obtained":["Golden Idol"],"max_hp_gain":0,"max_hp_loss":5,"event_name":"Golden Idol","floor":11,"gold_loss":0}],"is_beta":false,"boss_relics":[],"items_purged_floors":[],"is_endless":false,"potions_floor_spawned":[4,7],"killed_by":"Slime Boss","ascension_level":8}