{"gold_per_floor":[118,130,55,55,55,86,101,160,184,197,35,35,52,13,13,113,113,123,123,136,60,60],"floor_reached":22,"playtime":886,"items_purged":[],"score":243,"play_id":"f7b7d0ea-177c-4506-9dcf-7f983a801239","local_time":"20190205194104","is_ascension_mode":true,"campfire_choices":[{"floor":12.0,"key":"REST"},{"floor":15.0,"key":"REST"}],"neow_cost":"NONE","seed_source_timestamp":2252014159853688,"circlet_count":0,"master_deck":["Strike_R","Strike_R","Defend_R","Defend_R","Defend_R","Defend_R","Bash","Flame Barrier","Metallicize","Feel No Pain","Inflame+1","Sword Boomerang","Inflame","Spot Weakness","Armaments","Sword Boomerang","Limit Break","Armaments","Spot Weakness","Offering"],"special_seed":0,"relics":["Burning Blood","Bronze Scales","Tiny Chest","PreservedInsect","Empty Cage","Matryoshka"],"potions_floor_usage":[22],"damage_taken":[{"damage":2.0,"enemies":"Jaw Worm","floor":1.0,"turns":3.0},{"damage":0.0,"enemies":"Small Slimes","floor":2.0,"turns":5.0},{"damage":36.0,"enemies":"Lagavulin","floor":6.0,"turns":8.0},{"damage":0.0,"enemies":"Cultist","floor":7.0,"turns":2.0},{"damage":30.0,"enemies":"3 Sentries","floor":8.0,"turns":10.0},{"damage":18.0,"enemies":"Lots of Slimes","floor":10.0,"turns":4.0},{"damage":6.0,"enemies":"Looter","floor":13.0,"turns":2.0},{"damage":34.0,"enemies":"Hexaghost","floor":16.0,"turns":7.0},{"damage":40.0,"enemies":"2 Thieves","floor":18.0,"turns":4.0},{"damage":32.0,"enemies":"3 Byrds","floor":20.0,"turns":3.0},{"damage":24,"enemies":"3 Cultists","floor":22,"turns":3}],"seed_played":"-3991294607669973209","potions_obtained":[{"floor":1.0,"key":"AttackPotion"},{"floor":2.0,"key":"SpeedPotion"},{"floor":10.0,"key":"Weak Potion"}],"is_trial":false,"path_per_floor":["M","M","$","?","?","E","M","E","T","M","$","R","M","$","R","B",null,"M","?","M","$","M"],"character_chosen":"IRONCLAD","items_purchased":["Inflame","Limit Break","Spot Weakness","Regen Potion"],"campfire_rested":2,"item_purchase_floors":[3,11,14,21],"current_hp_per_floor":[80,80,80,80,80,50,56,32,32,20,20,44,44,44,68,40,70,36,36,10,10,0],"gold":60,"neow_bonus":"THREE_CARDS","is_prod":false,"is_daily":false,"chose_seed":false,"campfire_upgraded":0,"win_rate":0,"timestamp":1549424464,"path_taken":["M","M","$","?","?","E","M","E","T","M","$","R","?","?","R","BOSS","M","?","?","$","M"],"build_version":"2019-01-23","purchased_purges":0,"victory":false,"max_hp_per_floor":[80,80,80,80,80,80,80,80,80,80,80,80,80,80,80,80,80,80,80,80,80,80],"card_choices":[{"not_picked":["Thunderclap","Feel No Pain"],"picked":"Flame Barrier","floor":0.0},{"not_picked":["Wild Strike","Shockwave"],"picked":"Metallicize","floor":1.0},{"not_picked":["Twin Strike","Warcry"],"picked":"Feel No Pain","floor":2.0},{"not_picked":["Disarm","Dual Wield"],"picked":"Inflame","floor":6.0},{"not_picked":["Twin Strike","Iron Wave"],"picked":"Spot Weakness","floor":7.0},{"not_picked":["Burning Pact","Twin Strike"],"picked":"Armaments","floor":8.0},{"not_picked":["Hemokinesis","Fire Breathing"],"picked":"Sword Boomerang","floor":10.0},{"not_picked":["Sword Boomerang","Reckless Charge"],"picked":"Armaments","floor":13.0},{"not_picked":["Exhume","Brutality"],"picked":"Offering","floor":16.0},{"not_picked":["Whirlwind","Armaments","Sentinel"],"picked":"SKIP","floor":18.0},{"not_picked":["Clothesline","Body Slam","Burning Pact"],"picked":"SKIP","floor":20.0}],"player_experience":246931,"relics_obtained":[{"floor":6.0,"key":"Bronze Scales"},{"floor":8.0,"key":"Tiny Chest"},{"floor":9.0,"key":"PreservedInsect"},{"floor":19.0,"key":"Matryoshka"}],"event_choices":[{"damage_healed":0.0,"max_hp_gain":0.0,"max_hp_loss":0.0,"gold_gain":0.0,"cards_transformed":["Strike_R"],"event_name":"Living Wall","player_choice":"Change","floor":4.0,"gold_loss":0.0,"damage_taken":0.0,"cards_obtained":["Sword Boomerang"]},{"damage_healed":0.0,"max_hp_gain":0.0,"max_hp_loss":0.0,"gold_gain":0.0,"event_name":"Upgrade Shrine","player_choice":"Upgraded","floor":5.0,"gold_loss":0.0,"damage_taken":0.0,"cards_upgraded":["Inflame"]},{"damage_healed":0.0,"max_hp_gain":0.0,"max_hp_loss":0.0,"gold_gain":0.0,"event_name":"Wheel of Change","player_choice":"Relic","floor":19.0,"gold_loss":0.0,"damage_taken":0.0}],"is_beta":false,"boss_relics":[{"not_picked":["Ectoplasm","Tiny House"],"picked":"Empty Cage"}],"items_purged_floors":[],"is_endless":false,"potions_floor_spawned":[1,2,10],"killed_by":"3 Cultists","ascension_level":5}