{"path_per_floor":["M","?","?","M","T","R","E","M","T","?","$","M","E","M","R","B",null,"M","?","M","M","$","R","M","R","T","E","R","?","M","$","R","B",null,"M","M","$","?","?","M","E","R","T","M","M","M","T","E","R","B"],"character_chosen":"IRONCLAD","items_purchased":["Frozen Egg 2","Sever Soul","Dramatic Entrance","Feel No Pain","Inflame","Jack Of All Trades"],"gold_per_floor":[109,184,184,198,198,198,232,246,246,308,26,37,64,76,76,171,171,186,186,196,211,121,121,136,136,136,166,166,66,82,14,14,113,113,127,143,17,17,17,34,66,66,66,81,100,118,118,147,147,147],"floor_reached":51,"campfire_rested":1,"playtime":3322,"current_hp_per_floor":[80,69,57,63,63,63,69,67,67,49,49,55,50,47,47,27,90,89,89,90,93,93,93,98,98,98,69,69,69,67,67,67,19,98,96,94,94,94,81,77,43,74,74,74,73,83,83,103,103,59],"items_purged":[],"gold":147,"score":688,"play_id":"425357f5-416e-4ac7-bdb4-9c2a900c3f6a","local_time":"20180304154435","is_prod":false,"is_daily":false,"is_ascension_mode":false,"campfire_upgraded":7,"timestamp":1520196275,"path_taken":["M","?","?","M","?","R","E","M","T","?","$","M","E","M","R","BOSS","M","?","M","M","$","R","M","R","T","E","R","?","M","$","R","BOSS","M","M","$","?","?","M","E","R","T","M","M","?","?","E","R","BOSS"],"build_version":"2018-03-01-PROD1","purchased_purges":2,"victory":true,"master_deck":["Strike_R+1","Strike_R","Strike_R+1","Defend_R","Defend_R","Defend_R","Defend_R","Bash+1","Barricade+1","Juggernaut+1","Cleave+1","Sever Soul+1","Thunderclap+1","Iron Wave+1","Thunderclap+1","Feed+1","Cleave+1","Shockwave+1","Thunderclap+1","Dual Wield+1","Dramatic Entrance+1","Iron Wave+1","Decay","Iron Wave+1","J.A.X.+1","Inflame+1","Feel No Pain+1","Demon Form+1","Heavy Blade+1","Reaper+1","Inflame+1","Jack Of All Trades+1","Madness","Madness","Seeing Red+1","Berserk+1","Parasite","Pummel+1","Iron Wave+1","Decay","Feel No Pain+1"],"max_hp_per_floor":[80,80,80,80,80,80,80,80,80,90,90,90,90,90,90,90,90,90,90,90,94,94,94,98,98,98,98,98,98,98,98,98,98,98,98,102,102,102,102,106,106,106,106,106,106,106,106,106,106,106],"relics":["Burning Blood","NeowsBlessing","Toolbox","Gambling Chip","Anchor","Molten Egg 2","Pear","Frozen Egg 2","Ornamental Fan","Cursed Key","Dead Branch","Oddly Smooth Stone","Lizard Tail","Matryoshka","Blue Candle","Whetstone","Lantern","Paper Frog","Vajra"],"card_choices":[{"not_picked":["Iron Wave","Twin Strike"],"picked":"Barricade"},{"not_picked":["Anger","Heavy Blade"],"picked":"Juggernaut"},{"not_picked":["Fire Breathing","Pommel Strike"],"picked":"Cleave"},{"not_picked":["Havoc","Searing Blow"],"picked":"Thunderclap"},{"not_picked":["Thunderclap","Intimidate"],"picked":"Iron Wave"},{"not_picked":["Power Through","Fire Breathing"],"picked":"Thunderclap"},{"not_picked":["Dark Embrace","Barricade"],"picked":"Feed"},{"not_picked":["Perfected Strike","Anger"],"picked":"Cleave"},{"not_picked":["Corruption","Combust"],"picked":"Thunderclap"},{"not_picked":["Rupture","Armaments"],"picked":"Dual Wield"},{"not_picked":["Corruption","Shockwave"],"picked":"Iron Wave"},{"not_picked":["Infernal Blade","Clash"],"picked":"Iron Wave"},{"not_picked":["True Grit","Clash"],"picked":"Inflame"},{"not_picked":["Double Tap","Limit Break"],"picked":"Demon Form"},{"not_picked":["Perfected Strike","Spot Weakness"],"picked":"Heavy Blade"},{"not_picked":["Clash","Twin Strike"],"picked":"Reaper"},{"not_picked":["Uppercut","Twin Strike"],"picked":"Seeing Red"},{"not_picked":["Twin Strike","Armaments"],"picked":"Berserk"},{"not_picked":["Perfected Strike","Hemokinesis"],"picked":"Pummel"},{"not_picked":["Pommel Strike","Thunderclap"],"picked":"Iron Wave"},{"not_picked":["Hemokinesis","Disarm"],"picked":"Feel No Pain"}],"player_experience":93488,"potions_floor_usage":[13,13,16,20,30,30,33,33,35,40,44,50,50,50],"damage_taken":[{"damage":0,"enemies":"2 Louse","floor":1,"turns":1},{"damage":0,"enemies":"Jaw Worm","floor":4,"turns":1},{"damage":0,"enemies":"Lagavulin","floor":7,"turns":1},{"damage":8,"enemies":"Small Slimes","floor":8,"turns":3},{"damage":34,"enemies":"Gremlin Nob","floor":10,"turns":5},{"damage":0,"enemies":"3 Louse","floor":12,"turns":3},{"damage":11,"enemies":"Gremlin Nob","floor":13,"turns":3},{"damage":9,"enemies":"Blue Slaver","floor":14,"turns":4},{"damage":26,"enemies":"Slime Boss","floor":16,"turns":8},{"damage":7,"enemies":"Shell Parasite","floor":18,"turns":5},{"damage":1,"enemies":"2 Thieves","floor":20,"turns":3},{"damage":7,"enemies":"Cultist and Chosen","floor":21,"turns":5},{"damage":0,"enemies":"Slaver and Parasite","floor":24,"turns":2},{"damage":35,"enemies":"Book of Stabbing","floor":27,"turns":6},{"damage":8,"enemies":"Centurion and Healer","floor":30,"turns":4},{"damage":54,"enemies":"Collector","floor":33,"turns":7},{"damage":8,"enemies":"Orb Walker","floor":35,"turns":4},{"damage":12,"enemies":"3 Darklings","floor":36,"turns":3},{"damage":18,"enemies":"Maw","floor":40,"turns":6},{"damage":49,"enemies":"Nemesis","floor":41,"turns":7},{"damage":10,"enemies":"4 Shapes","floor":44,"turns":2},{"damage":23,"enemies":"Sphere and 2 Shapes","floor":45,"turns":3},{"damage":0,"enemies":"3 Darklings","floor":46,"turns":1},{"damage":13,"enemies":"2 Orb Walkers","floor":48,"turns":4},{"damage":164,"enemies":"Awakened One","floor":50,"turns":8}],"event_choices":[{"event_name":"World of Goop","player_choice":"Gather Gold","floor":2,"damage_taken":0},{"event_name":"Scrap Ooze","player_choice":"success","floor":3,"damage_taken":12},{"event_name":"Dead Adventurer","player_choice":"Searched \u00272\u0027 times","floor":10,"damage_taken":0},{"event_name":"Transmorgrifier","player_choice":"Transform","floor":19,"damage_taken":0},{"event_name":"Drug Dealer","player_choice":"Got JAXXED","floor":29,"damage_taken":0},{"event_name":"Winding Halls","player_choice":"Embrace Madness","floor":39,"damage_taken":0}],"boss_relics":[{"not_picked":["Mark of Pain","Runic Dome"],"picked":"Cursed Key"},{"not_picked":["Question Card","Black Star"],"picked":"Lizard Tail"}],"potions_floor_spawned":[1,10,12,13,14,18,27,30,33,35,40,45,46,48],"seed_played":"5564930281675704128","ascension_level":0,"is_trial":false}