{"gold_per_floor":[369,38,38,58,78,78,78,78,101,101,126,126,152,169,169,273,273,285,6,106,106,26,58,58,86,86,103,103,120,120,132,132,227,227,237,91,107,117,130,458,471,505,505,505,505,522,522,537,537,537,537,537,97,124,124],"floor_reached":56,"playtime":4222,"items_purged":["Normality","Defend_B","Turbo"],"score":1605,"play_id":"99008be5-419a-4960-84cb-73f67ad8ad65","local_time":"20190125193136","is_ascension_mode":false,"campfire_choices":[{"data":"Zap","floor":6,"key":"SMITH"},{"data":"Dualcast","floor":8,"key":"SMITH"},{"data":"Cold Snap","floor":10,"key":"SMITH"},{"data":"Ball Lightning","floor":15,"key":"SMITH"},{"data":"Sweeping Beam","floor":24,"key":"SMITH"},{"data":"Force Field","floor":28,"key":"SMITH"},{"data":"Glacier","floor":30,"key":"SMITH"},{"floor":32,"key":"RECALL"},{"data":"Multi-Cast","floor":44,"key":"SMITH"},{"data":"Force Field","floor":47,"key":"SMITH"},{"data":"Hologram","floor":49,"key":"SMITH"},{"data":"Undo","floor":52,"key":"SMITH"}],"neow_cost":"CURSE","seed_source_timestamp":0,"circlet_count":0,"master_deck":["Zap+1","Dualcast+1","Cold Snap+1","Glacier+1","Capacitor+1","Machine Learning+1","Ball Lightning+1","Buffer+1","Mayhem+1","Sweeping Beam+1","Defragment+1","BootSequence+1","Force Field+1","Echo Form+1","Multi-Cast+1","Leap","Hologram+1","Undo+1","Capacitor+1","Rebound","Heatsinks+1","Force Field+1","Thunder Strike","Creative AI+1"],"special_seed":0,"relics":["Cracked Core","Frozen Egg 2","Strawberry","Happy Flower","Vajra","Nuclear Battery","Gambling Chip","Shuriken","Meat on the Bone","Mummified Hand","Cables","Pandora\u0027s Box","Bag of Marbles","Old Coin","Symbiotic Virus","Darkstone Periapt","Sundial","Letter Opener","Anchor"],"potions_floor_usage":[20,33,55,55],"damage_taken":[{"damage":0,"enemies":"Cultist","floor":1,"turns":3},{"damage":0,"enemies":"Small Slimes","floor":4,"turns":3},{"damage":0,"enemies":"2 Louse","floor":5,"turns":2},{"damage":9,"enemies":"Lagavulin","floor":11,"turns":8},{"damage":9,"enemies":"3 Sentries","floor":13,"turns":9},{"damage":11,"enemies":"2 Fungi Beasts","floor":14,"turns":3},{"damage":29,"enemies":"Hexaghost","floor":16,"turns":9},{"damage":3,"enemies":"Spheric Guardian","floor":18,"turns":4},{"damage":25,"enemies":"Colosseum Slavers","floor":20,"turns":4},{"damage":18,"enemies":"Colosseum Nobs","floor":20,"turns":5},{"damage":0,"enemies":"Book of Stabbing","floor":23,"turns":5},{"damage":14,"enemies":"Gremlin Leader","floor":25,"turns":6},{"damage":0,"enemies":"Shell Parasite","floor":27,"turns":4},{"damage":1,"enemies":"Cultist and Chosen","floor":29,"turns":4},{"damage":0,"enemies":"Centurion and Healer","floor":31,"turns":5},{"damage":0,"enemies":"Champ","floor":33,"turns":9},{"damage":0,"enemies":"Orb Walker","floor":35,"turns":4},{"damage":0,"enemies":"3 Darklings","floor":37,"turns":4},{"damage":0,"enemies":"Maw","floor":38,"turns":6},{"damage":0,"enemies":"Spire Growth","floor":39,"turns":4},{"damage":0,"enemies":"Giant Head","floor":40,"turns":9},{"damage":0,"enemies":"Transient","floor":41,"turns":5},{"damage":0,"enemies":"Nemesis","floor":42,"turns":5},{"damage":4,"enemies":"Maw","floor":46,"turns":4},{"damage":15,"enemies":"Jaw Worm Horde","floor":48,"turns":5},{"damage":5,"enemies":"Donu and Deca","floor":50,"turns":9},{"damage":0,"enemies":"Shield and Spear","floor":54,"turns":4},{"damage":61,"enemies":"The Heart","floor":55,"turns":7}],"seed_played":"4539259431364582070","potions_obtained":[{"floor":11,"key":"Explosive Potion"},{"floor":16,"key":"Weak Potion"},{"floor":18,"key":"SpeedPotion"},{"floor":31,"key":"Regen Potion"},{"floor":38,"key":"Ancient Potion"},{"floor":40,"key":"FocusPotion"},{"floor":41,"key":"PowerPotion"}],"is_trial":false,"path_per_floor":["M","$","?","M","M","R","T","R","T","R","E","?","E","M","R","B",null,"M","$","?","?","$","E","R","E","T","M","R","M","R","M","R","B",null,"M","$","M","M","M","E","M","E","T","R","?","M","R","M","R","B",null,"R","$","E","B",null],"character_chosen":"DEFECT","items_purchased":["Frozen Egg 2","Mayhem+1","Defragment+1","Bag of Marbles","Letter Opener","Thunder Strike"],"campfire_rested":0,"item_purchase_floors":[2,19,22,36,53,53],"current_hp_per_floor":[75,75,75,75,75,75,75,75,82,82,73,65,56,45,45,16,82,79,79,36,36,36,36,36,34,34,46,46,45,45,45,45,60,82,82,82,82,82,82,82,82,82,82,82,82,78,78,63,63,58,82,82,82,82,33],"gold":124,"neow_bonus":"TWO_FIFTY_GOLD","is_prod":false,"is_daily":false,"chose_seed":false,"campfire_upgraded":11,"win_rate":0,"timestamp":1548412296,"path_taken":["M","$","?","?","M","R","?","R","T","R","E","?","E","M","R","BOSS","M","?","?","?","$","E","R","E","T","M","R","M","R","?","R","BOSS","M","$","M","M","M","E","M","E","T","R","?","M","R","?","R","BOSS","R","$","E","BOSS"],"build_version":"2019-01-23","purchased_purges":3,"victory":true,"max_hp_per_floor":[75,75,75,75,75,75,75,75,82,82,82,82,82,82,82,82,82,82,82,82,82,82,82,82,82,82,82,82,82,82,82,82,82,82,82,82,82,82,82,82,82,82,82,82,82,82,82,82,82,82,82,82,82,82,82],"card_choices":[{"not_picked":["Rip and Tear","Skim"],"picked":"Cold Snap","floor":1},{"not_picked":["Stack","Streamline"],"picked":"Glacier","floor":4},{"not_picked":["Conserve Battery","Coolheaded"],"picked":"Capacitor+1","floor":5},{"not_picked":["Hello World+1","Aggregate"],"picked":"Machine Learning+1","floor":11},{"not_picked":["Scrape","Leap"],"picked":"Ball Lightning","floor":13},{"not_picked":["Undo","Coolheaded","Streamline"],"picked":"SKIP","floor":14},{"not_picked":["Hyperbeam","Seek"],"picked":"Buffer+1","floor":16},{"not_picked":["Turbo","Glacier","Double Energy"],"picked":"SKIP","floor":18},{"not_picked":["Skim","Blizzard"],"picked":"Sweeping Beam","floor":20},{"not_picked":["Redo","Chill"],"picked":"BootSequence+1","floor":23},{"not_picked":["Steam","Turbo","Steam Power"],"picked":"SKIP","floor":25},{"not_picked":["Rebound+1","Turbo"],"picked":"Force Field","floor":27},{"not_picked":["Sweeping Beam","Static Discharge+1","Beam Cell"],"picked":"SKIP","floor":29},{"not_picked":["Aggregate","Static Discharge+1","Coolheaded"],"picked":"SKIP","floor":31},{"not_picked":["Creative AI+1","Seek"],"picked":"Echo Form+1","floor":33},{"not_picked":["Beam Cell","Capacitor+1"],"picked":"Heatsinks+1","floor":35},{"not_picked":["Tempest","Streamline+1"],"picked":"Force Field","floor":37},{"not_picked":["Fusion","Reinforced Body+1","Rebound"],"picked":"SKIP","floor":38},{"not_picked":["Hologram+1","Reprogram+1","Go for the Eyes"],"picked":"SKIP","floor":39},{"not_picked":["Streamline","Steam","Double Energy+1"],"picked":"SKIP","floor":40},{"not_picked":["Streamline","Steam","Double Energy+1"],"picked":"SKIP","floor":40},{"not_picked":["Redo+1","Rebound+1","Chaos"],"picked":"SKIP","floor":41},{"not_picked":["Steam","All For One","Coolheaded"],"picked":"SKIP","floor":42},{"not_picked":["Ball Lightning+1","Redo","Cold Snap+1"],"picked":"SKIP","floor":46},{"not_picked":["Reinforced Body","Redo+1","Compile Driver"],"picked":"SKIP","floor":48},{"not_picked":["Reinforced Body","Redo+1","Compile Driver"],"picked":"SKIP","floor":48},{"not_picked":["Coolheaded+1","Defragment+1"],"picked":"Creative AI+1","floor":54}],"player_experience":877596,"relics_obtained":[{"floor":9,"key":"Strawberry"},{"floor":11,"key":"Happy Flower"},{"floor":13,"key":"Vajra"},{"floor":20,"key":"Gambling Chip"},{"floor":20,"key":"Shuriken"},{"floor":23,"key":"Meat on the Bone"},{"floor":25,"key":"Mummified Hand"},{"floor":26,"key":"Cables"},{"floor":40,"key":"Old Coin"},{"floor":42,"key":"Symbiotic Virus"},{"floor":43,"key":"Darkstone Periapt"},{"floor":54,"key":"Anchor"}],"event_choices":[{"damage_healed":0,"gold_gain":0,"player_choice":"Ignored","damage_taken":0,"max_hp_gain":0,"max_hp_loss":0,"event_name":"NoteForYourself","floor":3,"gold_loss":0},{"damage_healed":0,"gold_gain":0,"player_choice":"Damaged","damage_taken":8,"max_hp_gain":0,"max_hp_loss":0,"event_name":"Wheel of Change","floor":12,"gold_loss":0},{"damage_healed":0,"gold_gain":0,"player_choice":"Fight","damage_taken":0,"max_hp_gain":0,"max_hp_loss":0,"event_name":"Colosseum","floor":20,"gold_loss":0},{"damage_healed":0,"gold_gain":0,"player_choice":"Fought Nobs","damage_taken":0,"max_hp_gain":0,"max_hp_loss":0,"event_name":"Colosseum","floor":20,"gold_loss":0},{"damage_healed":0,"gold_gain":0,"player_choice":"Bought 0 Potions","damage_taken":0,"max_hp_gain":0,"max_hp_loss":0,"event_name":"The Woman in Blue","floor":21,"gold_loss":0},{"damage_healed":0,"gold_gain":0,"player_choice":"Gave Potion","damage_taken":0,"relics_obtained":["Sundial"],"max_hp_gain":0,"max_hp_loss":0,"event_name":"WeMeetAgain","floor":45,"gold_loss":0}],"is_beta":false,"boss_relics":[{"not_picked":["Lizard Tail","Tiny House"],"picked":"Nuclear Battery"},{"not_picked":["Runic Dome","Fusion Hammer"],"picked":"Pandora\u0027s Box"}],"items_purged_floors":[2,19,53],"is_endless":false,"potions_floor_spawned":[11,16,18,20,31,38,40,41,42],"ascension_level":0}