{"gold_per_floor":[109,119,119,119,133,133,133,166,166,166,177,212,6,70,70,172,172,184,21,21,35,35,35,61,79,79,95,95,20,49,66,66,161,161,173,227,227,245,261,261,261],"floor_reached":41,"playtime":2001,"items_purged":[],"score":677,"play_id":"77bc6a06-9c9b-4176-9647-793e80413627","local_time":"20190129164341","is_ascension_mode":true,"campfire_choices":[{"data":"Perfected Strike","floor":6,"key":"SMITH"},{"data":"Rampage","floor":10,"key":"SMITH"},{"floor":15,"key":"REST"},{"floor":23,"key":"REST"},{"data":"Feed","floor":28,"key":"SMITH"},{"data":"Juggernaut","floor":32,"key":"SMITH"},{"floor":40,"key":"REST"}],"neow_cost":"NONE","seed_source_timestamp":1635564550875981,"circlet_count":0,"master_deck":["Strike_R","Strike_R","Strike_R","Defend_R","Defend_R","Defend_R","Defend_R","Bash","Heavy Blade","Metallicize","Perfected Strike+1","Pommel Strike","Rampage+1","Juggernaut+1","Spot Weakness","Juggernaut","Power Through+1","Shrug It Off","Necronomicurse","Body Slam+1","Ghostly","Ghostly","Ghostly","Ghostly","Ghostly","Feed+1","Corruption+1","Writhe","Parasite","Writhe","Injury","Shrug It Off+1","Heavy Blade+1","Heavy Blade+1","Reaper"],"relics":["Burning Blood","Strawberry","Centennial Puzzle","Singing Bowl","Blue Candle","Ginger","Membership Card","Cursed Key","Regal Pillow","Bag of Marbles","Necronomicon","Shuriken","Darkstone Periapt","Oddly Smooth Stone","Calling Bell","Anchor","The Courier","Gambling Chip","Torii"],"potions_floor_usage":[11,16,16,16,30,33,35,36,39],"damage_taken":[{"damage":5,"enemies":"2 Louse","floor":1,"turns":4},{"damage":15,"enemies":"Small Slimes","floor":2,"turns":3},{"damage":12,"enemies":"Cultist","floor":5,"turns":4},{"damage":36,"enemies":"3 Sentries","floor":8,"turns":8},{"damage":13,"enemies":"Exordium Thugs","floor":11,"turns":3},{"damage":20,"enemies":"Lagavulin","floor":12,"turns":6},{"damage":29,"enemies":"Slime Boss","floor":16,"turns":7},{"damage":56,"enemies":"3 Byrds","floor":18,"turns":5},{"damage":8,"enemies":"Spheric Guardian","floor":21,"turns":4},{"damage":4,"enemies":"Slavers","floor":24,"turns":5},{"damage":10,"enemies":"Centurion and Healer","floor":25,"turns":5},{"damage":1,"enemies":"3 Cultists","floor":27,"turns":4},{"damage":10,"enemies":"Gremlin Leader","floor":30,"turns":6},{"damage":1,"enemies":"Shelled Parasite and Fungi","floor":31,"turns":6},{"damage":13,"enemies":"Automaton","floor":33,"turns":7},{"damage":16,"enemies":"3 Shapes","floor":35,"turns":7},{"damage":36,"enemies":"2 Orb Walkers","floor":36,"turns":5},{"damage":29,"enemies":"3 Darklings","floor":38,"turns":7},{"damage":4,"enemies":"4 Shapes","floor":39,"turns":7},{"damage":70,"enemies":"Giant Head","floor":41,"turns":8}],"seed_played":"-4818957517045339080","potions_obtained":[{"floor":1,"key":"SpeedPotion"},{"floor":8,"key":"AttackPotion"},{"floor":11,"key":"EntropicBrew"},{"floor":21,"key":"SpeedPotion"},{"floor":30,"key":"Energy Potion"},{"floor":33,"key":"SkillPotion"},{"floor":35,"key":"Explosive Potion"},{"floor":39,"key":"SteroidPotion"}],"is_trial":false,"path_per_floor":["M","M","$","?","M","R","?","E","T","R","M","E","$","?","R","B",null,"M","$","?","M","?","R","E","M","T","M","R","?","E","M","R","B",null,"M","?","?","M","M","R","E"],"character_chosen":"IRONCLAD","items_purchased":["Membership Card","Regal Pillow","Bag of Marbles","Shrug It Off"],"campfire_rested":3,"item_purchase_floors":[13,19,19,19],"current_hp_per_floor":[87,78,78,78,72,72,72,42,42,42,35,21,21,21,47,24,87,37,37,21,19,19,43,43,39,39,45,45,45,43,49,49,44,69,63,33,33,10,16,54,0],"gold":261,"neow_bonus":"RANDOM_COMMON_RELIC","is_prod":false,"is_daily":false,"chose_seed":false,"campfire_upgraded":4,"win_rate":0,"timestamp":1548809021,"path_taken":["M","M","$","?","M","R","?","E","T","R","?","E","$","?","R","BOSS","M","$","?","M","?","R","E","M","T","M","R","?","E","?","R","BOSS","M","?","?","M","?","R","E"],"build_version":"2019-01-23","purchased_purges":0,"victory":false,"max_hp_per_floor":[87,87,87,87,87,87,87,87,87,87,87,87,87,87,87,87,87,87,87,87,87,43,43,43,43,43,45,45,45,47,49,49,51,69,73,73,73,73,77,77,77],"card_choices":[{"not_picked":["Evolve","Flex"],"picked":"Heavy Blade","floor":1},{"not_picked":["Power Through","Sword Boomerang"],"picked":"Metallicize","floor":2},{"not_picked":["Pommel Strike","Feel No Pain"],"picked":"Perfected Strike","floor":5},{"not_picked":["Armaments","Body Slam"],"picked":"Rampage","floor":8},{"not_picked":["Metallicize","Flex"],"picked":"Juggernaut","floor":11},{"not_picked":["Rage","Cleave"],"picked":"Spot Weakness","floor":12},{"not_picked":["Demon Form","Exhume"],"picked":"Juggernaut","floor":16},{"not_picked":["Flame Barrier","Sword Boomerang"],"picked":"Power Through+1","floor":18},{"not_picked":["True Grit","Twin Strike"],"picked":"Body Slam+1","floor":21},{"not_picked":["Metallicize","Dual Wield"],"picked":"Feed","floor":24},{"not_picked":["Fire Breathing+1","Sword Boomerang"],"picked":"Corruption+1","floor":25},{"not_picked":["Iron Wave","Flex+1","Carnage"],"picked":"Singing Bowl","floor":27},{"not_picked":["Pommel Strike","Disarm","Thunderclap"],"picked":"Singing Bowl","floor":30},{"not_picked":["Anger","Blood for Blood","Uppercut+1"],"picked":"Singing Bowl","floor":31},{"not_picked":["Fiend Fire","Barricade","Exhume"],"picked":"Singing Bowl","floor":33},{"not_picked":["Fire Breathing+1","Armaments"],"picked":"Shrug It Off+1","floor":35},{"not_picked":["Clash+1","Clothesline+1"],"picked":"Heavy Blade+1","floor":36},{"not_picked":["Headbutt+1","Sword Boomerang"],"picked":"Heavy Blade+1","floor":38},{"not_picked":["Shockwave+1","Anger+1"],"picked":"Reaper","floor":39}],"player_experience":217346,"relics_obtained":[{"floor":8,"key":"Singing Bowl"},{"floor":9,"key":"Blue Candle"},{"floor":12,"key":"Ginger"},{"floor":20,"key":"Necronomicon"},{"floor":24,"key":"Shuriken"},{"floor":26,"key":"Darkstone Periapt"},{"floor":30,"key":"Oddly Smooth Stone"},{"floor":34,"key":"Anchor"},{"floor":34,"key":"The Courier"},{"floor":34,"key":"Gambling Chip"},{"floor":36,"key":"Torii"}],"event_choices":[{"damage_healed":0,"gold_gain":0,"player_choice":"Box","damage_taken":0,"relics_obtained":["Centennial Puzzle"],"max_hp_gain":0,"max_hp_loss":0,"event_name":"Big Fish","floor":4,"gold_loss":0,"cards_obtained":["Regret"]},{"damage_healed":0,"gold_gain":0,"cards_transformed":["Strike_R"],"player_choice":"Transformed","damage_taken":0,"max_hp_gain":0,"max_hp_loss":0,"event_name":"Transmorgrifier","floor":7,"gold_loss":0,"cards_obtained":["Pommel Strike"]},{"damage_healed":0,"gold_gain":64,"player_choice":"Gained Gold","damage_taken":0,"max_hp_gain":0,"max_hp_loss":0,"event_name":"Golden Wing","floor":14,"gold_loss":0},{"damage_healed":0,"gold_gain":0,"player_choice":"Obtained Book","damage_taken":16,"max_hp_gain":0,"max_hp_loss":0,"event_name":"Cursed Tome","floor":20,"gold_loss":0},{"damage_healed":0,"gold_gain":0,"player_choice":"Became a Ghost","damage_taken":0,"max_hp_gain":0,"max_hp_loss":44,"event_name":"Ghosts","floor":22,"gold_loss":0,"cards_obtained":["Ghostly","Ghostly","Ghostly","Ghostly","Ghostly"]},{"cards_removed":["Regret"],"damage_healed":0,"gold_gain":0,"player_choice":"Gave Gold","damage_taken":0,"max_hp_gain":0,"max_hp_loss":0,"event_name":"Beggar","floor":29,"gold_loss":75},{"damage_healed":0,"gold_gain":0,"player_choice":"Fight","damage_taken":0,"max_hp_gain":0,"max_hp_loss":0,"event_name":"Mysterious Sphere","floor":36,"gold_loss":0},{"cards_removed":["Strike_R"],"damage_healed":0,"gold_gain":0,"player_choice":"Removed Attack","damage_taken":0,"max_hp_gain":0,"max_hp_loss":0,"event_name":"Falling","floor":37,"gold_loss":0}],"is_beta":false,"boss_relics":[{"not_picked":["Astrolabe","Snecko Eye"],"picked":"Cursed Key"},{"not_picked":["Tiny House","Mark of Pain"],"picked":"Calling Bell"}],"items_purged_floors":[],"is_endless":false,"potions_floor_spawned":[1,8,11,21,30,33,35,39],"killed_by":"Giant Head","ascension_level":4}