{"path_per_floor":["M","?","?","M","M","R","E","R","T","E","?","R","E","M","R","B",null,"M","M","?","M","M","E","M","E","T","E","M","M","R","M","R","B",null,"M","M","?","M","$","E","M"],"character_chosen":"IRONCLAD","items_purchased":["Purity"],"gold_per_floor":[20,95,95,111,131,131,166,166,189,222,222,222,249,262,262,366,366,376,387,387,400,416,445,459,494,494,525,539,558,558,578,578,673,673,692,707,759,776,607,638,652],"floor_reached":42,"campfire_rested":0,"playtime":6244,"current_hp_per_floor":[78,67,64,66,70,70,53,53,53,32,32,32,32,38,38,31,80,80,79,79,80,80,80,80,65,65,67,68,72,72,76,76,73,80,80,80,80,80,80,76,80],"items_purged":["Strike_R"],"gold":652,"play_id":"ea4692bd-88bf-47f2-a3fc-6d3934ee5f92","is_prod":false,"is_daily":false,"is_ascension_mode":true,"campfire_upgraded":6,"path_taken":["M","?","?","M","M","R","E","R","T","E","?","R","E","M","R","BOSS","M","?","?","M","M","E","M","E","T","E","M","?","R","M","R","BOSS","M","M","?","M","$","E","?","E"],"build_version":"2018-01-25-PROD3","purchased_purges":1,"victory":false,"master_deck":["Strike_R","Strike_R","Strike_R","Defend_R","Defend_R","Defend_R+1","Defend_R","Bash","Combust","Body Slam+1","Shrug It Off+1","Shrug It Off+1","Clothesline","True Grit+1","Offering","Barricade","Battle Trance+1","Impervious+1","Finesse+1","Warcry+1","Warcry+1","Feel No Pain+1","Shrug It Off+1","Purity"],"max_hp_per_floor":[80,80,80,80,80,80,80,80,80,80,80,80,80,80,80,80,80,80,80,80,80,80,80,80,80,80,80,80,80,80,80,80,80,80,80,80,80,80,80,80,80],"relics":["Burning Blood","Champion Belt","Art of War","Bag of Preparation","Dream Catcher","Happy Flower","Centennial Puzzle","Runic Dome","Dodecahedron","Anchor","Calipers","Blood Vial","Black Star","Girya","War Paint","Toxic Egg"],"card_choices":[{"not_picked":["Headbutt","Anger"],"picked":"Combust"},{"not_picked":["Feel No Pain","Searing Blow"],"picked":"Body Slam"},{"not_picked":["Sever Soul","Inflame"],"picked":"Shrug It Off"},{"not_picked":["Rage","Perfected Strike"],"picked":"Shrug It Off"},{"not_picked":["Warcry","Sever Soul"],"picked":"True Grit"},{"not_picked":["Shrug It Off","Perfected Strike"],"picked":"Offering"},{"not_picked":["Reaper","Dark Embrace"],"picked":"Barricade"},{"not_picked":["Burning Pact","Perfected Strike"],"picked":"Battle Trance"},{"not_picked":["Dark Embrace","Exhume"],"picked":"Warcry"},{"not_picked":["Perfected Strike","Immolate"],"picked":"Warcry"},{"not_picked":["Flex","Pommel Strike"],"picked":"Feel No Pain"},{"not_picked":["Thunderclap","Anger"],"picked":"Shrug It Off"}],"player_experience":394095,"potions_floor_usage":[7,16,42,42,42],"damage_taken":[{"damage":8,"enemies":"2 Louse","floor":1,"turns":3},{"damage":4,"enemies":"Jaw Worm","floor":4,"turns":4},{"damage":2,"enemies":"Cultist","floor":5,"turns":3},{"damage":23,"enemies":"Lagavulin","floor":7,"turns":7},{"damage":27,"enemies":"3 Sentries","floor":10,"turns":6},{"damage":6,"enemies":"Gremlin Nob","floor":13,"turns":4},{"damage":0,"enemies":"3 Louse","floor":14,"turns":4},{"damage":13,"enemies":"Hexaghost","floor":16,"turns":8},{"damage":2,"enemies":"Shell Parasite","floor":18,"turns":6},{"damage":7,"enemies":"3 Byrds","floor":19,"turns":5},{"damage":4,"enemies":"Sentry and Sphere","floor":21,"turns":4},{"damage":4,"enemies":"Centurion and Healer","floor":22,"turns":5},{"damage":4,"enemies":"Book of Stabbing","floor":23,"turns":4},{"damage":4,"enemies":"Snake Plant","floor":24,"turns":4},{"damage":21,"enemies":"Gremlin Leader","floor":25,"turns":6},{"damage":4,"enemies":"Book of Stabbing","floor":27,"turns":4},{"damage":7,"enemies":"Slaver and Parasite","floor":28,"turns":3},{"damage":4,"enemies":"Centurion and Healer","floor":29,"turns":3},{"damage":4,"enemies":"Snecko","floor":31,"turns":3},{"damage":11,"enemies":"Champ","floor":33,"turns":8},{"damage":4,"enemies":"3 Darklings","floor":35,"turns":10},{"damage":4,"enemies":"3 Shapes","floor":36,"turns":4},{"damage":4,"enemies":"Mysterious Sphere","floor":37,"turns":5},{"damage":4,"enemies":"3 Darklings","floor":38,"turns":5},{"damage":10,"enemies":"Nemesis","floor":40,"turns":7},{"damage":4,"enemies":"Maw","floor":41,"turns":5},{"damage":104,"enemies":"2 Orb Walkers","floor":42,"turns":10}],"event_choices":[{"event_name":"World of Goop","player_choice":"Gather Gold","floor":2,"damage_taken":0},{"event_name":"Scrap Ooze","player_choice":"success","floor":3,"damage_taken":3},{"event_name":"Transmorgrifier","player_choice":"Transform","floor":11,"damage_taken":0},{"event_name":"Match and Keep!","player_choice":"2 cards matched","floor":20,"damage_taken":0},{"event_name":"Mysterious Sphere","player_choice":"Fight","floor":37,"damage_taken":0}],"boss_relics":[{"not_picked":["Velvet Choker","Eternal Feather"],"picked":"Runic Dome"},{"not_picked":["Tiny House","Runic Cube"],"picked":"Black Star"}],"potions_floor_spawned":[4,10,13,16,18,22,24,25,27,36,38],"seed_played":"5356984180920557583","killed_by":"2 Orb Walkers","ascension_level":1,"is_trial":false}