{"gold_per_floor":[109,109,122,2,12,37,37,52,52,64,98,98,98,98],"floor_reached":14,"playtime":816,"items_purged":[],"score":100,"play_id":"3094887b-24fd-4715-b75c-1a60dd1f967c","local_time":"20181007000543","is_ascension_mode":false,"campfire_choices":[{"data":"Caltrops","floor":13,"key":"SMITH"}],"neow_cost":"NONE","seed_source_timestamp":2061549780672186,"circlet_count":0,"master_deck":["Defend_G","Defend_G","Defend_G","Defend_G","Defend_G","Strike_G","Strike_G","Strike_G","Strike_G","Survivor","Neutralize","Outmaneuver","Dash+1","Acrobatics","Caltrops+1","Bouncing Flask","Dodge and Roll","Backflip","Backflip"],"relics":["Ring of the Snake","Pen Nib","Singing Bowl","Calipers","Dodecahedron"],"potions_floor_usage":[],"damage_taken":[{"damage":0,"enemies":"Jaw Worm","floor":1,"turns":9},{"damage":0,"enemies":"Small Slimes","floor":3,"turns":2},{"damage":0,"enemies":"2 Louse","floor":5,"turns":3},{"damage":24,"enemies":"Gremlin Nob","floor":6,"turns":5},{"damage":2,"enemies":"2 Fungi Beasts","floor":8,"turns":5},{"damage":5,"enemies":"3 Louse","floor":10,"turns":4},{"damage":14,"enemies":"3 Sentries","floor":11,"turns":9},{"damage":24,"enemies":"Gremlin Gang","floor":14,"turns":3}],"seed_played":"-3685625284057433168","potions_obtained":[{"floor":3,"key":"FearPotion"},{"floor":6,"key":"Dexterity Potion"},{"floor":8,"key":"SteroidPotion"}],"is_trial":false,"path_per_floor":["M","?","M","$","M","E","$","M","T","M","E","?","R"],"character_chosen":"THE_SILENT","items_purchased":["Caltrops","Bouncing Flask"],"campfire_rested":0,"item_purchase_floors":[4,4],"current_hp_per_floor":[70,70,70,70,70,46,46,44,44,39,27,24,24,0],"gold":98,"neow_bonus":"TRANSFORM_CARD","is_prod":false,"is_daily":false,"chose_seed":false,"campfire_upgraded":1,"win_rate":0,"timestamp":1538885143,"path_taken":["M","?","M","$","M","E","$","M","T","M","E","?","R","M"],"build_version":"2018-10-04v2","purchased_purges":0,"victory":false,"max_hp_per_floor":[70,70,70,70,70,70,70,70,70,70,72,72,72,72],"card_choices":[{"not_picked":["Deflect","Masterful Stab"],"picked":"Dash","floor":1},{"not_picked":["Flying Knee","Finisher"],"picked":"Acrobatics","floor":3},{"not_picked":["Outmaneuver","Expertise"],"picked":"Dodge and Roll","floor":5},{"not_picked":["Bouncing Flask","Flying Knee"],"picked":"Backflip","floor":6},{"not_picked":["Deadly Poison","Poisoned Stab","Slice"],"picked":"SKIP","floor":8},{"not_picked":["Deadly Poison","Quick Slash"],"picked":"Backflip","floor":10},{"not_picked":["Flechettes","Poisoned Stab","Flying Knee"],"picked":"Singing Bowl","floor":11}],"player_experience":585241,"relics_obtained":[{"floor":6,"key":"Pen Nib"},{"floor":9,"key":"Singing Bowl"},{"floor":11,"key":"Calipers"}],"event_choices":[{"event_name":"Living Wall","player_choice":"Grow","floor":2,"damage_taken":0},{"event_name":"Scrap Ooze","player_choice":"success","floor":12,"damage_taken":3}],"is_beta":false,"boss_relics":[],"items_purged_floors":[],"is_endless":false,"potions_floor_spawned":[3,6,8],"killed_by":"Gremlin Gang","ascension_level":0}