{"gold_per_floor":[114,39,39,39,52,52,66,66,66,76,151,165,165,178,178,279,279,292,217,217,233,133,152,170,170],"floor_reached":25,"playtime":784,"items_purged":["Defend_R","Defend_R"],"score":195,"play_id":"8427ca17-512b-48b3-9592-80c5c5992d02","local_time":"20190224140949","is_ascension_mode":false,"campfire_choices":[{"data":"Rampage","floor":6.0,"key":"SMITH"},{"data":"Bash","floor":8.0,"key":"SMITH"},{"floor":15.0,"key":"REST"}],"neow_cost":"NONE","seed_source_timestamp":937378811518586,"circlet_count":0,"master_deck":["Strike_R","Strike_R","Strike_R","Defend_R","Defend_R","Bash+1","Rampage+1","Body Slam","Deep Breath","Shrug It Off","Demon Form"],"special_seed":0,"relics":["Burning Blood"],"potions_floor_usage":[25],"damage_taken":[{"damage":13.0,"enemies":"Cultist","floor":1.0,"turns":5.0},{"damage":0.0,"enemies":"Small Slimes","floor":5.0,"turns":3.0},{"damage":6.0,"enemies":"Jaw Worm","floor":7.0,"turns":3.0},{"damage":19.0,"enemies":"Blue Slaver","floor":10.0,"turns":3.0},{"damage":15.0,"enemies":"Large Slime","floor":12.0,"turns":6.0},{"damage":13.0,"enemies":"Red Slaver","floor":14.0,"turns":3.0},{"damage":62.0,"enemies":"Slime Boss","floor":16.0,"turns":13.0},{"damage":23,"enemies":"Spheric Guardian","floor":18,"turns":6},{"damage":13,"enemies":"Chosen","floor":21,"turns":6},{"damage":12,"enemies":"Snecko","floor":23,"turns":5},{"damage":41,"enemies":"Cultist and Chosen","floor":24,"turns":8},{"damage":27,"enemies":"Shelled Parasite and Fungi","floor":25,"turns":3}],"seed_played":"6485613280041279822","potions_obtained":[{"floor":10.0,"key":"FearPotion"},{"floor":12.0,"key":"Explosive Potion"},{"floor":14.0,"key":"Energy Potion"},{"floor":23,"key":"SteroidPotion"},{"floor":24,"key":"Strength Potion"}],"is_trial":false,"path_per_floor":["M","$","?","$","M","R","M","R","T","M","?","M","?","M","R","B",null,"M","?","?","M","$","M","M","M"],"character_chosen":"IRONCLAD","items_purchased":[],"campfire_rested":1,"item_purchase_floors":[],"current_hp_per_floor":[81,81,81,81,87,87,87,87,87,74,63,54,54,47,73,17,88,71,71,71,64,64,58,23,0],"gold":170,"neow_bonus":"TEN_PERCENT_HP_BONUS","is_prod":false,"is_daily":false,"chose_seed":false,"campfire_upgraded":2,"win_rate":0,"timestamp":1551046189,"path_taken":["M","$","?","$","M","R","M","R","T","?","?","M","?","M","R","BOSS","M","?","?","M","$","M","M","M"],"build_version":"2019-01-23","purchased_purges":2,"victory":false,"max_hp_per_floor":[88,88,88,88,88,88,88,88,88,88,88,88,88,88,88,88,88,88,88,88,88,88,88,88,88],"card_choices":[{"not_picked":["Sword Boomerang","True Grit"],"picked":"Rampage","floor":1.0},{"not_picked":["Entrench","Second Wind","Perfected Strike"],"picked":"SKIP","floor":5.0},{"not_picked":["Heavy Blade","Power Through","Clothesline"],"picked":"SKIP","floor":7.0},{"not_picked":["Armaments","Headbutt"],"picked":"Shrug It Off","floor":10.0},{"not_picked":["Searing Blow","Warcry","Blood for Blood"],"picked":"SKIP","floor":12.0},{"not_picked":["Anger","Corruption","Thunderclap"],"picked":"SKIP","floor":14.0},{"not_picked":["Berserk","Bludgeon"],"picked":"Demon Form","floor":16.0},{"not_picked":["Clash","Spot Weakness","Combust"],"picked":"SKIP","floor":18},{"not_picked":["Flex","Twin Strike","Heavy Blade"],"picked":"SKIP","floor":21},{"not_picked":["Warcry","Shrug It Off","Body Slam+1"],"picked":"SKIP","floor":23},{"not_picked":["Sever Soul","Iron Wave","Ghostly Armor+1"],"picked":"SKIP","floor":24}],"player_experience":309135,"relics_obtained":[],"event_choices":[{"damage_healed":0.0,"max_hp_gain":0.0,"max_hp_loss":0.0,"gold_gain":0.0,"event_name":"Match and Keep!","player_choice":"2 cards matched","floor":3.0,"gold_loss":0.0,"damage_taken":0.0,"cards_obtained":["Body Slam","Deep Breath"]},{"damage_healed":0.0,"max_hp_gain":0.0,"max_hp_loss":0.0,"gold_gain":75.0,"event_name":"World of Goop","player_choice":"Gather Gold","floor":11.0,"gold_loss":0.0,"damage_taken":11.0},{"cards_removed":["Strike_R"],"damage_healed":0.0,"max_hp_gain":0.0,"max_hp_loss":0.0,"gold_gain":0.0,"event_name":"Living Wall","player_choice":"Forget","floor":13.0,"gold_loss":0.0,"damage_taken":0.0},{"cards_removed":["Strike_R"],"damage_healed":0,"gold_gain":0,"player_choice":"Gave Gold","damage_taken":0,"max_hp_gain":0,"max_hp_loss":0,"event_name":"Beggar","floor":19,"gold_loss":75},{"damage_healed":0,"gold_gain":0,"player_choice":"Ignored","damage_taken":0,"max_hp_gain":0,"max_hp_loss":0,"event_name":"Vampires","floor":20,"gold_loss":0}],"is_beta":false,"boss_relics":[{"not_picked":["Pandora\u0027s Box","Empty Cage","Astrolabe"]}],"items_purged_floors":[2,22],"is_endless":false,"potions_floor_spawned":[10,12,14,23,24],"killed_by":"Shelled Parasite and Fungi","ascension_level":0}