{"gold_per_floor":[219,230,242,259,9,40,40,74,74,105,116,38,66,66],"floor_reached":14,"playtime":1823,"items_purged":[],"score":156,"play_id":"5d7d3096-2d6d-4b20-9c55-2cd1ba3b2419","local_time":"20181224020000","is_ascension_mode":true,"campfire_choices":[{"floor":7.0,"key":"REST"}],"neow_cost":"NONE","seed_source_timestamp":516998373684311,"circlet_count":0,"master_deck":["Defend_G","Defend_G","Defend_G","Defend_G","Defend_G","Strike_G","Strike_G","Strike_G","Strike_G","Strike_G","Survivor","Neutralize","Dagger Spray","Backflip","Cloak And Dagger","Caltrops","Cloak And Dagger","All Out Attack","Blade Dance","Crippling Poison"],"special_seed":0,"relics":["Ring of the Snake","Frozen Eye","Du-Vu Doll","Girya","Sundial","Ninja Scroll","Ornamental Fan"],"potions_floor_usage":[13,13,14],"damage_taken":[{"damage":0.0,"enemies":"2 Louse","floor":1.0,"turns":4.0},{"damage":0.0,"enemies":"Small Slimes","floor":2.0,"turns":4.0},{"damage":1.0,"enemies":"Jaw Worm","floor":3.0,"turns":6.0},{"damage":0.0,"enemies":"2 Fungi Beasts","floor":4.0,"turns":4.0},{"damage":19.0,"enemies":"3 Sentries","floor":6.0,"turns":9.0},{"damage":34.0,"enemies":"Lagavulin","floor":8.0,"turns":9.0},{"damage":17.0,"enemies":"3 Sentries","floor":10.0,"turns":5.0},{"damage":0.0,"enemies":"Blue Slaver","floor":11.0,"turns":4.0},{"damage":7,"enemies":"Lagavulin","floor":13,"turns":6},{"damage":6,"enemies":"Large Slime","floor":14,"turns":4}],"seed_played":"5598285924587797331","potions_obtained":[{"floor":2.0,"key":"LiquidBronze"},{"floor":6.0,"key":"Dexterity Potion"},{"floor":10.0,"key":"SkillPotion"},{"floor":13,"key":"Poison Potion"}],"is_trial":false,"path_per_floor":["M","M","M","M","$","E","R","E","T","E","M","$","E","M"],"character_chosen":"THE_SILENT","items_purchased":["Frozen Eye","Cloak And Dagger","EssenceOfSteel"],"campfire_rested":1,"item_purchase_floors":[5,5,12],"current_hp_per_floor":[63,63,62,62,62,43,64,30,30,13,13,13,6,0],"gold":66,"neow_bonus":"HUNDRED_GOLD","is_prod":false,"is_daily":false,"chose_seed":false,"campfire_upgraded":0,"win_rate":0,"timestamp":1545609600,"path_taken":["M","M","M","M","$","E","R","E","T","E","M","$","E","M"],"build_version":"2018-12-20","purchased_purges":0,"victory":false,"max_hp_per_floor":[70,70,70,70,70,70,70,70,70,70,70,70,70,70],"card_choices":[{"not_picked":["Underhanded Strike","PiercingWail"],"picked":"Dagger Spray","floor":1.0},{"not_picked":["Finisher","Acrobatics"],"picked":"Backflip","floor":2.0},{"not_picked":["Choke","Bane"],"picked":"Cloak And Dagger","floor":3.0},{"not_picked":["Sucker Punch","Backflip"],"picked":"Caltrops","floor":4.0},{"not_picked":["Bouncing Flask","Flechettes"],"picked":"All Out Attack","floor":6.0},{"not_picked":["PiercingWail","Backflip","Acrobatics"],"picked":"SKIP","floor":8.0},{"not_picked":["PiercingWail","Blur"],"picked":"Blade Dance","floor":10.0},{"not_picked":["PiercingWail","Doppelganger"],"picked":"Crippling Poison","floor":11.0},{"not_picked":["Cloak And Dagger","Acrobatics","Tactician"],"picked":"SKIP","floor":13}],"player_experience":147081,"relics_obtained":[{"floor":6.0,"key":"Du-Vu Doll"},{"floor":8.0,"key":"Girya"},{"floor":9.0,"key":"Sundial"},{"floor":10.0,"key":"Ninja Scroll"},{"floor":13,"key":"Ornamental Fan"}],"event_choices":[],"is_beta":false,"boss_relics":[],"items_purged_floors":[],"is_endless":false,"potions_floor_spawned":[2,6,10,13],"killed_by":"Large Slime","ascension_level":6}