{"path_per_floor":["M","M","?","T","M","E","?","$","T","M","R","M","?","M","R","B",null,"M","M","?","?","M","R","M","R","T","M","R","M","R","?","R","B",null,"M","M","T","?","M","R","M","R","T","M","M","?","M","$","R"],"character_chosen":"THE_SILENT","items_purchased":["Infinite Blades","Cloak And Dagger","Pantograph","Mercury Hourglass"],"gold_per_floor":[114,126,126,153,168,194,194,67,67,83,83,99,99,119,119,223,223,243,259,259,259,275,275,288,288,365,378,378,388,388,313,313,415,415,431,442,442,442,455,455,469,469,496,515,532,532,545,41,41,41],"floor_reached":50,"campfire_rested":5,"playtime":3324,"current_hp_per_floor":[70,70,63,63,63,27,27,27,27,20,41,41,41,40,40,26,59,54,44,44,44,41,41,26,47,47,45,45,45,45,45,66,28,60,46,46,46,46,46,46,30,51,51,18,11,11,11,11,32,0],"items_purged":[],"gold":41,"score":560,"play_id":"f5ab2560-f715-4cf4-a6f3-09d44312a05f","local_time":"20180407234911","is_prod":false,"is_daily":false,"is_ascension_mode":true,"campfire_upgraded":5,"timestamp":1523159351,"path_taken":["M","M","?","?","M","E","?","?","T","M","R","M","?","M","R","BOSS","BOSS","M","M","?","?","?","R","M","R","T","M","R","M","R","?","R","BOSS","M","M","?","?","M","R","M","R","T","M","M","?","?","$","R","BOSS"],"build_version":"2018-04-05v2","purchased_purges":0,"victory":false,"master_deck":["Defend_G","Defend_G","Defend_G","Strike_G","Strike_G","Strike_G","Strike_G","Survivor","Neutralize","Calculated Gamble","Backstab","Leg Sweep","Infinite Blades+1","Cloak And Dagger","Cloak And Dagger","Dagger Throw","Noxious Fumes+1","After Image+1","Blur+1","Backflip","Caltrops+1","Infinite Blades","Skewer+1","Terror","Poisoned Stab","Envenom","Malaise","Backflip+1","Noxious Fumes+1","Dodge and Roll","Dagger Spray+1","Malaise+1"],"max_hp_per_floor":[70,70,70,70,70,70,70,70,70,70,70,70,70,70,70,70,70,70,70,70,70,70,70,70,70,70,70,70,70,70,70,70,70,70,70,70,70,70,70,70,70,70,70,70,70,70,70,70,70,70],"relics":["Ring of the Snake","NeowsBlessing","Pen Nib","Dream Catcher","Gambling Chip","Tough Bandages","Runic Dome","Kunai","Sozu","Calipers","Bag of Preparation","Pantograph","Mercury Hourglass"],"card_choices":[{"not_picked":["Deadly Poison","Acrobatics"],"picked":"Calculated Gamble","floor":1.0},{"not_picked":["Quick Slash","Dagger Throw"],"picked":"Backstab","floor":2.0},{"not_picked":["Dodge and Roll","Quick Slash"],"picked":"Leg Sweep","floor":5.0},{"not_picked":["Deadly Poison","Setup"],"picked":"Cloak And Dagger","floor":10.0},{"not_picked":["Flechettes","Quick Slash"],"picked":"Dagger Throw","floor":11.0},{"not_picked":["PiercingWail","Quick Slash"],"picked":"Noxious Fumes","floor":12.0},{"not_picked":["Adrenaline","Tools of the Trade"],"picked":"After Image","floor":16.0},{"not_picked":["PiercingWail","Quick Slash"],"picked":"Blur","floor":18.0},{"not_picked":["Outmaneuver","PiercingWail"],"picked":"Backflip","floor":19.0},{"not_picked":["Deadly Poison","Sucker Punch"],"picked":"Caltrops","floor":22.0},{"not_picked":["Outmaneuver","Deflect"],"picked":"Infinite Blades","floor":24.0},{"not_picked":["Crippling Poison","Blade Dance"],"picked":"Skewer","floor":25.0},{"not_picked":["Acrobatics","Leg Sweep"],"picked":"Terror","floor":29.0},{"not_picked":["Backflip","Dagger Throw"],"picked":"Poisoned Stab","floor":32.0},{"not_picked":["Unload","Night Terror"],"picked":"Envenom","floor":33.0},{"not_picked":["Slice","Underhanded Strike"],"picked":"Malaise","floor":35.0},{"not_picked":["Masterful Stab","Bane"],"picked":"Backflip","floor":36.0},{"not_picked":["Outmaneuver","Backflip"],"picked":"Noxious Fumes","floor":39.0},{"not_picked":["Prepared","Riddle With Holes"],"picked":"Dodge and Roll","floor":41.0},{"not_picked":["Underhanded Strike","Dash"],"picked":"Dagger Spray","floor":42.0},{"not_picked":["Eviscerate","Deadly Poison"],"picked":"Malaise","floor":49}],"player_experience":417868,"potions_floor_usage":[47,50],"damage_taken":[{"damage":0.0,"enemies":"2 Louse","floor":1.0,"turns":1.0},{"damage":0.0,"enemies":"Small Slimes","floor":2.0,"turns":1.0},{"damage":0.0,"enemies":"Jaw Worm","floor":5.0,"turns":1.0},{"damage":36.0,"enemies":"Gremlin Nob","floor":6.0,"turns":6.0},{"damage":7.0,"enemies":"Exordium Wildlife","floor":10.0,"turns":7.0},{"damage":0.0,"enemies":"3 Louse","floor":12.0,"turns":3.0},{"damage":1.0,"enemies":"Gremlin Gang","floor":14.0,"turns":4.0},{"damage":14.0,"enemies":"Hexaghost","floor":16.0,"turns":11.0},{"damage":5.0,"enemies":"2 Thieves","floor":18.0,"turns":5.0},{"damage":10.0,"enemies":"Chosen","floor":19.0,"turns":5.0},{"damage":3.0,"enemies":"Sentry and Sphere","floor":22.0,"turns":8.0},{"damage":15.0,"enemies":"Snecko","floor":24.0,"turns":6.0},{"damage":2.0,"enemies":"Snake Plant","floor":27.0,"turns":6.0},{"damage":0.0,"enemies":"Chosen and Byrds","floor":29.0,"turns":6.0},{"damage":53.0,"enemies":"Champ","floor":33.0,"turns":13.0},{"damage":14.0,"enemies":"3 Shapes","floor":35.0,"turns":5.0},{"damage":0.0,"enemies":"Orb Walker","floor":36.0,"turns":4.0},{"damage":0.0,"enemies":"Maw","floor":39.0,"turns":7.0},{"damage":16.0,"enemies":"Sphere and 2 Shapes","floor":41.0,"turns":5.0},{"damage":33.0,"enemies":"3 Darklings","floor":44.0,"turns":5.0},{"damage":7.0,"enemies":"Maw","floor":45.0,"turns":7.0},{"damage":0,"enemies":"Sphere and 2 Shapes","floor":47,"turns":6},{"damage":70,"enemies":"Awakened One","floor":50,"turns":4}],"event_choices":[{"event_name":"Golden Wing","player_choice":"Card Removal","floor":3.0,"damage_taken":0.0},{"event_name":"Purifier","player_choice":"One Purge","floor":7.0,"damage_taken":0.0},{"event_name":"Big Fish","player_choice":"Box","floor":13.0,"damage_taken":0.0},{"event_name":"Purifier","player_choice":"One Purge","floor":20.0,"damage_taken":0.0},{"event_name":"Vampires","player_choice":"Ignored","floor":21.0,"damage_taken":0.0},{"event_name":"Beggar","player_choice":"Gave Gold","floor":31.0,"damage_taken":0.0},{"event_name":"Mysterious Sphere","player_choice":"Ignore","floor":38.0,"damage_taken":0.0},{"event_name":"Tomb of Lord Red Mask","player_choice":"Ignored","floor":46.0,"damage_taken":0.0}],"boss_relics":[],"potions_floor_spawned":[1,10,12,18,19,27,29,41,44,45],"seed_played":"-214238116811932429","killed_by":"Awakened One","ascension_level":5,"is_trial":false}