{"gold_per_floor":[109,129,129,143,143,143,158,179,203,203,224,257,227,271,271,271],"floor_reached":16,"playtime":819,"items_purged":[],"score":168,"play_id":"0bb71dff-c283-438e-a43a-4695996c562d","local_time":"20190301174626","is_ascension_mode":true,"campfire_choices":[{"data":"Dagger Spray","floor":6,"key":"SMITH"},{"data":"Burst","floor":10,"key":"SMITH"},{"floor":15,"key":"REST"}],"neow_cost":"NONE","seed_source_timestamp":167217912777358,"circlet_count":0,"master_deck":["AscendersBane","Defend_G","Defend_G","Defend_G","Defend_G","Defend_G","Strike_G","Strike_G","Strike_G","Strike_G","Strike_G","Survivor","Neutralize","Burst+1","Dagger Throw","Tactician","Dagger Spray+1","Injury","Backstab","Calculated Gamble","Acrobatics","Quick Slash","Leg Sweep"],"relics":["Ring of the Snake","Golden Idol","PreservedInsect","Dream Catcher","Happy Flower"],"potions_floor_usage":[8,12,14],"damage_taken":[{"damage":9,"enemies":"Cultist","floor":1,"turns":5},{"damage":6,"enemies":"Small Slimes","floor":2,"turns":5},{"damage":5,"enemies":"2 Louse","floor":4,"turns":3},{"damage":0,"enemies":"Exordium Wildlife","floor":7,"turns":4},{"damage":2,"enemies":"Exordium Thugs","floor":8,"turns":4},{"damage":11,"enemies":"Blue Slaver","floor":11,"turns":5},{"damage":10,"enemies":"Lagavulin","floor":12,"turns":3},{"damage":0,"enemies":"Looter","floor":13,"turns":4},{"damage":15,"enemies":"3 Sentries","floor":14,"turns":5},{"damage":10,"enemies":"Hexaghost","floor":16,"turns":8}],"seed_played":"-3469158138740534101","potions_obtained":[{"floor":4,"key":"SteroidPotion"},{"floor":7,"key":"FearPotion"},{"floor":8,"key":"SkillPotion"}],"is_trial":false,"path_per_floor":["M","M","?","M","?","R","M","M","T","R","M","E","M","E","R","B"],"character_chosen":"THE_SILENT","items_purchased":[],"campfire_rested":1,"item_purchase_floors":[],"current_hp_per_floor":[54,48,48,43,43,43,43,41,41,41,30,20,20,5,26,16],"gold":271,"neow_bonus":"ONE_RANDOM_RARE_CARD","is_prod":false,"is_daily":false,"chose_seed":false,"campfire_upgraded":2,"win_rate":0,"timestamp":1551480386,"path_taken":["M","?","?","M","?","R","M","M","T","R","M","E","M","E","R","BOSS"],"build_version":"2019-01-23","purchased_purges":0,"victory":false,"max_hp_per_floor":[70,70,70,70,70,70,70,70,70,70,70,70,70,70,70,70],"card_choices":[{"not_picked":["Catalyst","Quick Slash"],"picked":"Dagger Throw","floor":1},{"not_picked":["Sucker Punch","Underhanded Strike"],"picked":"Tactician","floor":2},{"not_picked":["Reflex","Poisoned Stab"],"picked":"Dagger Spray","floor":4},{"not_picked":["Heel Hook","Outmaneuver","Bane"],"picked":"SKIP","floor":7},{"not_picked":["Deadly Poison","Blade Dance"],"picked":"Backstab","floor":8},{"not_picked":["Dagger Throw","Accuracy","Finisher"],"picked":"SKIP","floor":11},{"not_picked":["Bouncing Flask","Sucker Punch"],"picked":"Calculated Gamble","floor":12},{"not_picked":["Dodge and Roll","Sucker Punch"],"picked":"Acrobatics","floor":13},{"not_picked":["Catalyst","Flying Knee"],"picked":"Quick Slash","floor":14},{"not_picked":["Accuracy","Expertise"],"picked":"Leg Sweep","floor":15}],"player_experience":301751,"relics_obtained":[{"floor":9,"key":"PreservedInsect"},{"floor":12,"key":"Dream Catcher"},{"floor":14,"key":"Happy Flower"}],"event_choices":[{"damage_healed":0,"gold_gain":0,"player_choice":"Ignored","damage_taken":0,"max_hp_gain":0,"max_hp_loss":0,"event_name":"Liars Game","floor":3,"gold_loss":0},{"damage_healed":0,"gold_gain":0,"player_choice":"Take Wound","damage_taken":0,"relics_obtained":["Golden Idol"],"max_hp_gain":0,"max_hp_loss":0,"event_name":"Golden Idol","floor":5,"gold_loss":0,"cards_obtained":["Injury"]}],"is_beta":false,"boss_relics":[],"items_purged_floors":[],"is_endless":false,"potions_floor_spawned":[4,7,8],"killed_by":"Hexaghost","ascension_level":10}