{"gold_per_floor":[116,63,63,78,97,97,108,108,108,108,120,19,39,39,39,135,135,153,168,182,182],"floor_reached":21,"playtime":1132,"items_purged":[],"score":171,"play_id":"126a774f-9f55-4848-81d5-b00efff9dce4","local_time":"20190129025951","is_ascension_mode":false,"campfire_choices":[{"data":"Zap","floor":6,"key":"SMITH"},{"data":"Dualcast","floor":10,"key":"SMITH"},{"floor":15,"key":"REST"}],"neow_cost":"NONE","seed_source_timestamp":1719244260864523,"circlet_count":0,"master_deck":["Strike_B","Strike_B","Strike_B","Defend_B","Defend_B","Defend_B","Defend_B","Zap+1","Dualcast+1","Gash+1","Turbo","Stack","Steam","Steam Power+1","Beam Cell","Hologram","Gash","Creative AI","Redo","Hologram+1","FTL+1"],"relics":["Cracked Core","Boot","Mummified Hand","Odd Mushroom","Lizard Tail"],"potions_floor_usage":[20],"damage_taken":[{"damage":0,"enemies":"Cultist","floor":1,"turns":4},{"damage":0,"enemies":"Small Slimes","floor":4,"turns":2},{"damage":1,"enemies":"Jaw Worm","floor":5,"turns":3},{"damage":3,"enemies":"Lots of Slimes","floor":7,"turns":4},{"damage":3,"enemies":"2 Fungi Beasts","floor":11,"turns":3},{"damage":9,"enemies":"The Mushroom Lair","floor":13,"turns":4},{"damage":60,"enemies":"The Guardian","floor":16,"turns":13},{"damage":16,"enemies":"3 Byrds","floor":18,"turns":5},{"damage":25,"enemies":"Spheric Guardian","floor":19,"turns":5},{"damage":32,"enemies":"Cultist and Chosen","floor":20,"turns":7},{"damage":44,"enemies":"Centurion and Healer","floor":21,"turns":7}],"seed_played":"8619138984393734256","potions_obtained":[{"floor":1,"key":"Ancient Potion"},{"floor":7,"key":"SpeedPotion"},{"floor":16,"key":"Swift Potion"}],"is_trial":false,"path_per_floor":["M","$","?","M","M","R","M","?","T","R","M","$","?","?","R","B",null,"M","M","M","M"],"character_chosen":"DEFECT","items_purchased":["Turbo","Beam Cell","Hologram"],"campfire_rested":1,"item_purchase_floors":[2,12,12],"current_hp_per_floor":[75,75,75,75,74,74,71,56,56,56,53,53,44,44,66,6,75,59,34,2,0],"gold":182,"neow_bonus":"RANDOM_COMMON_RELIC","is_prod":false,"is_daily":false,"chose_seed":false,"campfire_upgraded":2,"win_rate":0,"timestamp":1548748791,"path_taken":["M","$","?","M","M","R","M","?","T","R","M","$","?","?","R","BOSS","M","M","?","M"],"build_version":"2019-01-23","purchased_purges":0,"victory":false,"max_hp_per_floor":[75,75,75,75,75,75,75,75,75,75,75,75,75,75,75,75,75,75,75,75,75],"card_choices":[{"not_picked":["Hello World","Fusion"],"picked":"Gash","floor":1},{"not_picked":["Leap","Auto Shields"],"picked":"Stack","floor":4},{"not_picked":["Chaos","Stack"],"picked":"Steam","floor":5},{"not_picked":["BootSequence","Storm"],"picked":"Steam Power","floor":7},{"not_picked":["Steam Power","Coolheaded","White Noise"],"picked":"SKIP","floor":11},{"not_picked":["Redo","Cold Snap"],"picked":"Gash","floor":13},{"not_picked":["Machine Learning","Core Surge"],"picked":"Creative AI","floor":16},{"not_picked":["Rebound","Force Field"],"picked":"Redo","floor":18},{"not_picked":["White Noise","Double Energy"],"picked":"Hologram+1","floor":19},{"not_picked":["Conserve Battery+1","Coolheaded+1"],"picked":"FTL+1","floor":20}],"player_experience":962530,"relics_obtained":[{"floor":9,"key":"Mummified Hand"},{"floor":13,"key":"Odd Mushroom"}],"event_choices":[{"cards_removed":["Strike_B"],"damage_healed":0,"gold_gain":0,"player_choice":"Forget","damage_taken":0,"max_hp_gain":0,"max_hp_loss":0,"event_name":"Living Wall","floor":3,"gold_loss":0},{"damage_healed":0,"gold_gain":0,"player_choice":"Entered Light","damage_taken":15,"max_hp_gain":0,"max_hp_loss":0,"event_name":"Shining Light","floor":8,"gold_loss":0,"cards_upgraded":["Gash","Steam Power"]},{"damage_healed":0,"gold_gain":0,"player_choice":"Fought Mushrooms","damage_taken":0,"max_hp_gain":0,"max_hp_loss":0,"event_name":"Mushrooms","floor":13,"gold_loss":0},{"damage_healed":0,"gold_gain":0,"player_choice":"Leave","damage_taken":0,"max_hp_gain":0,"max_hp_loss":0,"event_name":"FaceTrader","floor":14,"gold_loss":0}],"is_beta":false,"boss_relics":[{"not_picked":["Sozu","Inserter"],"picked":"Lizard Tail"}],"items_purged_floors":[],"is_endless":false,"potions_floor_spawned":[1,7,16,19],"killed_by":"Centurion and Healer","ascension_level":0}