{"path_per_floor":["M","M","M","M","$","E","R","E","T","M","?","M","E","M","R","B",null,"M","?","?","M","$","E","R","E","T","?","M","E","M","M","R","B",null,"M","?","M","$","T","R","E","M","T","$","M","R","E","M","R","B"],"character_chosen":"IRONCLAD","items_purchased":["Impervious","Thread and Needle","Kunai","Bag of Preparation","Block Potion"],"gold_per_floor":[113,127,141,158,11,41,41,75,75,94,94,109,142,162,162,267,267,284,199,399,417,26,61,61,96,121,121,141,167,186,197,197,294,294,314,314,330,73,127,127,156,167,216,8,25,25,55,71,71,71],"floor_reached":51,"campfire_rested":0,"playtime":5259,"current_hp_per_floor":[80,80,80,80,80,80,80,63,63,65,65,65,69,77,77,51,95,91,91,91,93,93,101,101,101,101,101,104,107,110,113,113,91,117,117,117,120,120,120,120,123,127,127,127,130,130,130,130,130,69],"items_purged":["Defend_R","Defend_R"],"gold":71,"score":851,"play_id":"19827dea-3516-4f1d-a4ec-e072f89aed1d","is_prod":false,"is_daily":false,"is_ascension_mode":true,"campfire_upgraded":7,"path_taken":["M","M","M","M","$","E","R","E","T","M","?","M","E","M","R","BOSS","M","?","?","M","$","E","R","E","T","?","M","E","M","?","R","BOSS","M","?","M","$","?","R","E","?","T","?","M","R","E","M","R","BOSS"],"build_version":"2018-02-08-BETA1","purchased_purges":2,"victory":true,"master_deck":["Strike_R","Strike_R","Strike_R","Defend_R+1","Defend_R","Bash","Inflame","Pommel Strike+1","Impervious+1","Headbutt","Feed+1","Body Slam+1","Inflame","Metallicize+1","Reaper+1","Shockwave+1","True Grit+1","Armaments+1","Spot Weakness","Spot Weakness+1","Impervious+1","Demon Form+1","Pommel Strike+1","Writhe","Inflame+1","Dropkick+1","Barricade","Inflame+1"],"max_hp_per_floor":[80,80,80,80,80,80,80,80,80,83,83,86,89,92,92,95,95,95,95,95,98,98,101,101,101,101,101,104,107,110,113,113,117,117,117,117,120,120,120,120,123,127,127,127,130,130,130,130,130,134],"relics":["Burning Blood","Prayer Wheel","Mummified Hand","Gambling Chip","Ancient Tea Set","Mark of Pain","Vajra","Thread and Needle","Calipers","Paper Frog","Happy Flower","Anchor","Runic Dome","Kunai","Regal Pillow","Torii","Juzu Bracelet","Bag of Preparation","Whetstone"],"card_choices":[{"not_picked":["Seeing Red","Warcry"],"picked":"Inflame"},{"not_picked":["Armaments","Thunderclap"],"picked":"Pommel Strike"},{"not_picked":["Combust","Sword Boomerang"],"picked":"Headbutt"},{"not_picked":["Seeing Red","True Grit"],"picked":"Feed"},{"not_picked":["Heavy Blade","Armaments"],"picked":"Body Slam"},{"not_picked":["Iron Wave","Clothesline"],"picked":"Inflame"},{"not_picked":["Uppercut","Clash"],"picked":"Metallicize"},{"not_picked":["Bludgeon","Feed"],"picked":"Reaper"},{"not_picked":["Cleave","Hemokinesis"],"picked":"Shockwave"},{"not_picked":["Bludgeon","Twin Strike"],"picked":"True Grit"},{"not_picked":["Perfected Strike","Combust"],"picked":"Armaments"},{"not_picked":["Fire Breathing","Perfected Strike"],"picked":"Spot Weakness"},{"not_picked":["Combust","Sever Soul"],"picked":"Spot Weakness"},{"not_picked":["Fire Breathing","Heavy Blade"],"picked":"Impervious"},{"not_picked":["Reaper","Juggernaut"],"picked":"Demon Form"},{"not_picked":["Perfected Strike","Clothesline"],"picked":"Pommel Strike"},{"not_picked":["Pommel Strike","Warcry"],"picked":"Inflame"},{"not_picked":["True Grit","Iron Wave"],"picked":"Dropkick"},{"not_picked":["Seeing Red","Pummel"],"picked":"Barricade"},{"not_picked":["Blood for Blood","Spot Weakness"],"picked":"Inflame"}],"player_experience":27751,"potions_floor_usage":[6,23,23,50,50,50],"damage_taken":[{"damage":1,"enemies":"Cultist","floor":1,"turns":4},{"damage":3,"enemies":"Jaw Worm","floor":2,"turns":4},{"damage":5,"enemies":"Small Slimes","floor":3,"turns":3},{"damage":6,"enemies":"2 Fungi Beasts","floor":4,"turns":4},{"damage":6,"enemies":"Gremlin Nob","floor":6,"turns":4},{"damage":23,"enemies":"Lagavulin","floor":8,"turns":6},{"damage":7,"enemies":"Looter","floor":10,"turns":4},{"damage":9,"enemies":"Exordium Thugs","floor":12,"turns":5},{"damage":5,"enemies":"Gremlin Nob","floor":13,"turns":4},{"damage":1,"enemies":"3 Louse","floor":14,"turns":2},{"damage":35,"enemies":"The Guardian","floor":16,"turns":8},{"damage":10,"enemies":"Chosen","floor":18,"turns":4},{"damage":7,"enemies":"Shell Parasite","floor":21,"turns":5},{"damage":14,"enemies":"Slavers","floor":23,"turns":5},{"damage":0,"enemies":"Book of Stabbing","floor":25,"turns":4},{"damage":5,"enemies":"Centurion and Healer","floor":28,"turns":5},{"damage":0,"enemies":"Gremlin Leader","floor":29,"turns":4},{"damage":0,"enemies":"Cultist and Chosen","floor":30,"turns":5},{"damage":0,"enemies":"Sentry and Sphere","floor":31,"turns":6},{"damage":32,"enemies":"Automaton","floor":33,"turns":7},{"damage":0,"enemies":"Orb Walker","floor":35,"turns":2},{"damage":0,"enemies":"3 Shapes","floor":37,"turns":4},{"damage":0,"enemies":"Giant Head","floor":41,"turns":5},{"damage":1,"enemies":"Sphere and 2 Shapes","floor":42,"turns":5},{"damage":0,"enemies":"4 Shapes","floor":45,"turns":4},{"damage":0,"enemies":"Nemesis","floor":47,"turns":4},{"damage":0,"enemies":"3 Darklings","floor":48,"turns":4},{"damage":71,"enemies":"Awakened One","floor":50,"turns":8}],"event_choices":[{"event_name":"Liars Game","player_choice":"disagreed","floor":11,"damage_taken":0},{"event_name":"Addict","player_choice":"Obtained Relic","floor":19,"damage_taken":0},{"event_name":"The Joust","player_choice":"Bet on Owner","floor":20,"damage_taken":0},{"event_name":"Bonfire Elementals","player_choice":"BASIC","floor":27,"damage_taken":0},{"event_name":"Winding Halls","player_choice":"Writhe","floor":36,"damage_taken":0}],"boss_relics":[{"not_picked":["Eternal Feather","Snecko Eye"],"picked":"Mark of Pain"},{"not_picked":["Runic Pyramid","Astrolabe"],"picked":"Runic Dome"}],"potions_floor_spawned":[1,2,4,8,10,12,23,29,31,33,35,42],"seed_played":"4426549745899805533","ascension_level":1,"is_trial":false}