{"gold_per_floor":[117,128,53,67,83,83,100,120,120,120,120,141,241,32,32,130,130,142,154,154],"floor_reached":20,"playtime":1297,"items_purged":["Strike_R"],"score":191,"play_id":"896ab1c2-0c23-4a60-aa0c-ed75f951c06a","local_time":"20181112205746","is_ascension_mode":true,"campfire_choices":[{"data":"Body Slam","floor":6,"key":"SMITH"},{"floor":10,"key":"REST"},{"floor":15,"key":"REST"}],"neow_cost":"NONE","seed_source_timestamp":782002774757505,"circlet_count":0,"master_deck":["Defend_R","Defend_R","Defend_R","Defend_R","Bash","Body Slam+1","Armaments","Secret Technique","Feed","Inflame+1","Shockwave+1","Fire Breathing+1","Entrench"],"relics":["Burning Blood","Shuriken","Odd Mushroom","Astrolabe"],"potions_floor_usage":[16],"damage_taken":[{"damage":13,"enemies":"Jaw Worm","floor":1,"turns":4},{"damage":15,"enemies":"Small Slimes","floor":2,"turns":3},{"damage":6,"enemies":"Cultist","floor":4,"turns":3},{"damage":22,"enemies":"Looter","floor":5,"turns":3},{"damage":18,"enemies":"Red Slaver","floor":7,"turns":3},{"damage":8,"enemies":"Blue Slaver","floor":8,"turns":3},{"damage":29,"enemies":"The Mushroom Lair","floor":12,"turns":6},{"damage":35,"enemies":"The Guardian","floor":16,"turns":14},{"damage":0,"enemies":"Chosen","floor":18,"turns":8},{"damage":52,"enemies":"3 Byrds","floor":19,"turns":12},{"damage":42,"enemies":"Centurion and Healer","floor":20,"turns":6}],"seed_played":"-7504104625675032372","potions_obtained":[{"floor":7,"key":"LiquidBronze"},{"floor":8,"key":"FearPotion"},{"floor":19,"key":"Energy Potion"}],"is_trial":false,"path_per_floor":["M","M","$","M","M","R","M","M","T","R","?","?","?","$","R","B",null,"M","M","M"],"character_chosen":"IRONCLAD","items_purchased":["Armaments","Secret Technique"],"campfire_rested":2,"item_purchase_floors":[14,14],"current_hp_per_floor":[73,64,64,64,48,48,36,34,34,58,51,28,28,28,52,23,80,83,41,0],"gold":154,"neow_bonus":"THREE_CARDS","is_prod":false,"is_daily":false,"chose_seed":false,"campfire_upgraded":1,"win_rate":0,"timestamp":1542074266,"path_taken":["M","M","$","M","M","R","M","M","T","R","?","?","?","$","R","BOSS","M","M","?"],"build_version":"2018-11-08","purchased_purges":1,"victory":false,"max_hp_per_floor":[80,80,80,80,80,80,80,80,80,80,80,80,80,80,80,80,80,83,87,87],"card_choices":[{"not_picked":["Heavy Blade","Warcry"],"picked":"Body Slam","floor":1},{"not_picked":["Clash","Sword Boomerang","Searing Blow"],"picked":"SKIP","floor":2},{"not_picked":["Flex","Twin Strike","Cleave"],"picked":"SKIP","floor":4},{"not_picked":["Rupture","Sword Boomerang","Headbutt"],"picked":"SKIP","floor":5},{"not_picked":["Pommel Strike","Limit Break","Cleave"],"picked":"SKIP","floor":7},{"not_picked":["Anger","Wild Strike","Hemokinesis"],"picked":"SKIP","floor":8},{"not_picked":["Demon Form","Berserk"],"picked":"Feed","floor":16},{"not_picked":["Anger","Hemokinesis","Flex"],"picked":"SKIP","floor":18},{"not_picked":["Headbutt","Twin Strike+1"],"picked":"Entrench","floor":19}],"player_experience":801798,"relics_obtained":[{"floor":9,"key":"Shuriken"},{"floor":12,"key":"Odd Mushroom"}],"event_choices":[{"cards_removed":["Strike_R"],"damage_healed":0,"gold_gain":0,"player_choice":"Card Removal","damage_taken":7,"max_hp_gain":0,"max_hp_loss":0,"event_name":"Golden Wing","floor":11,"gold_loss":0},{"damage_healed":0,"gold_gain":0,"player_choice":"Fought Mushrooms","damage_taken":0,"max_hp_gain":0,"max_hp_loss":0,"event_name":"Mushrooms","floor":12,"gold_loss":0},{"damage_healed":0,"gold_gain":100,"player_choice":"Pray","damage_taken":0,"max_hp_gain":0,"max_hp_loss":0,"event_name":"Golden Shrine","floor":13,"gold_loss":0}],"is_beta":false,"boss_relics":[{"not_picked":["Black Star","Busted Crown"],"picked":"Astrolabe"}],"items_purged_floors":[3],"is_endless":false,"potions_floor_spawned":[7,8,19],"killed_by":"Centurion and Healer","ascension_level":3}