{"gold_per_floor":[115,115,133,133,22,57,57,75,101,101,101,121,133,56,56,153,153,166,43,43,63,76,76,107,107,132,150,168,168,168,181,181,283,283,295,69,86,86,105,105,115,132,155,155,237,237,237,250,250,250],"floor_reached":50,"playtime":3449,"items_purged":["Defend_G"],"score":489,"play_id":"7a8eb425-a18e-4a14-8671-549e25504f6f","local_time":"20190104023946","is_ascension_mode":false,"campfire_choices":[{"floor":7.0,"key":"REST"},{"floor":10.0,"key":"REST"},{"data":"Noxious Fumes","floor":15.0,"key":"SMITH"},{"floor":23.0,"key":"REST"},{"floor":25.0,"key":"REST"},{"floor":29.0,"key":"REST"},{"floor":32.0,"key":"REST"},{"floor":40,"key":"REST"},{"floor":44,"key":"REST"},{"floor":46,"key":"REST"},{"floor":49,"key":"REST"}],"neow_cost":"PERCENT_DAMAGE","seed_source_timestamp":0,"circlet_count":0,"master_deck":["Defend_G","Defend_G","Defend_G+1","Defend_G+1","Strike_G","Survivor+1","Neutralize","Corpse Explosion","Infinite Blades+1","Blade Dance","Infinite Blades","Leg Sweep","Noxious Fumes+1","Backstab","Blade Dance","Choke","Prepared","Footwork","Phantasmal Killer","Deflect+1","Footwork","Finesse","Deadly Poison+1","Catalyst+1","Prepared","Cloak And Dagger+1","Bouncing Flask+1","Backflip","Leg Sweep+1","Prepared","Phantasmal Killer","A Thousand Cuts","Catalyst","Backstab","Bouncing Flask","Finisher","Parasite","Envenom","Deadly Poison+1"],"special_seed":0,"relics":["Ring of the Serpent","Oddly Smooth Stone","Dream Catcher","Happy Flower","War Paint","Empty Cage","Orichalcum","Paper Crane"],"potions_floor_usage":[50,50],"damage_taken":[{"damage":0.0,"enemies":"2 Louse","floor":1.0,"turns":2.0},{"damage":0.0,"enemies":"Jaw Worm","floor":3.0,"turns":5.0},{"damage":29.0,"enemies":"Lagavulin","floor":6.0,"turns":8.0},{"damage":0.0,"enemies":"Small Slimes","floor":8.0,"turns":4.0},{"damage":0.0,"enemies":"Exordium Wildlife","floor":12.0,"turns":4.0},{"damage":0.0,"enemies":"Large Slime","floor":13.0,"turns":4.0},{"damage":38.0,"enemies":"Hexaghost","floor":16.0,"turns":10.0},{"damage":25.0,"enemies":"2 Thieves","floor":18.0,"turns":3.0},{"damage":24.0,"enemies":"Shell Parasite","floor":21.0,"turns":6.0},{"damage":16.0,"enemies":"Shelled Parasite and Fungi","floor":22.0,"turns":6.0},{"damage":3.0,"enemies":"Book of Stabbing","floor":24.0,"turns":7.0},{"damage":12.0,"enemies":"Snake Plant","floor":27.0,"turns":6.0},{"damage":9.0,"enemies":"Centurion and Healer","floor":28.0,"turns":6.0},{"damage":9.0,"enemies":"Shelled Parasite and Fungi","floor":31.0,"turns":7.0},{"damage":37.0,"enemies":"Automaton","floor":33.0,"turns":12.0},{"damage":6,"enemies":"3 Shapes","floor":35,"turns":5},{"damage":33,"enemies":"3 Darklings","floor":37,"turns":3},{"damage":39,"enemies":"Spire Growth","floor":39,"turns":9},{"damage":10,"enemies":"Writhing Mass","floor":41,"turns":5},{"damage":12,"enemies":"4 Shapes","floor":42,"turns":6},{"damage":15,"enemies":"Maw","floor":48,"turns":8},{"damage":68,"enemies":"Donu and Deca","floor":50,"turns":9}],"seed_played":"8933313873169305040","potions_obtained":[{"floor":1.0,"key":"Energy Potion"},{"floor":8.0,"key":"AttackPotion"},{"floor":13.0,"key":"Dexterity Potion"},{"floor":16.0,"key":"FearPotion"},{"floor":18.0,"key":"AttackPotion"},{"floor":21.0,"key":"Block Potion"},{"floor":27.0,"key":"GhostInAJar"},{"floor":28.0,"key":"Strength Potion"},{"floor":39,"key":"FearPotion"},{"floor":42,"key":"Weak Potion"},{"floor":48,"key":"GamblersBrew"}],"is_trial":false,"path_per_floor":["M","?","M","?","$","E","R","M","T","R","?","M","M","$","R","B",null,"M","$","?","M","M","R","E","R","T","M","M","R","?","M","R","B",null,"M","$","M","?","M","R","M","M","T","R","T","R","?","M","R","B"],"character_chosen":"THE_SILENT","items_purchased":["Infinite Blades","Leg Sweep","Footwork","Footwork","Finesse","Backstab","Bouncing Flask"],"campfire_rested":10,"item_purchase_floors":[5,5,14,19,19,36,36],"current_hp_per_floor":[49,35,35,35,35,6,27,27,27,48,41,41,41,41,41,3,70,45,45,45,21,5,26,23,44,44,32,23,44,44,35,56,19,70,64,64,31,61,22,40,30,18,18,36,36,54,54,39,57,0],"gold":250,"neow_bonus":"THREE_RARE_CARDS","is_prod":false,"is_daily":false,"chose_seed":false,"campfire_upgraded":1,"win_rate":0,"timestamp":1546587586,"path_taken":["M","?","M","?","?","E","R","?","T","R","?","M","M","?","R","BOSS","M","$","?","M","M","R","E","R","T","M","M","R","?","?","R","BOSS","M","$","M","?","M","R","M","M","T","R","?","R","?","M","R","BOSS"],"build_version":"2019-01-03v3","purchased_purges":1,"victory":false,"max_hp_per_floor":[70,70,70,70,70,70,70,70,70,70,70,70,70,70,70,70,70,70,70,70,70,70,70,70,70,70,70,70,70,70,70,70,70,70,70,70,70,61,61,61,61,61,61,61,61,61,61,61,61,61],"card_choices":[{"not_picked":["Adrenaline","Bullet Time"],"picked":"Corpse Explosion","floor":0.0},{"not_picked":["Tactician","Riddle With Holes"],"picked":"Infinite Blades","floor":1.0},{"not_picked":["Dodge and Roll","Blur"],"picked":"Blade Dance","floor":3.0},{"not_picked":["Cloak And Dagger","Deadly Poison"],"picked":"Noxious Fumes","floor":6.0},{"not_picked":["All Out Attack","Tactician"],"picked":"Backstab","floor":8.0},{"not_picked":["Flying Knee","Dodge and Roll"],"picked":"Blade Dance","floor":10.0},{"not_picked":["Grand Finale","Prepared"],"picked":"Choke","floor":12.0},{"not_picked":["Endless Agony","Expertise"],"picked":"Prepared","floor":13.0},{"not_picked":["Night Terror","Glass Knife"],"picked":"Phantasmal Killer","floor":16.0},{"not_picked":["Bane","Dagger Spray"],"picked":"Deflect","floor":18.0},{"not_picked":["Outmaneuver+1","Sucker Punch"],"picked":"Deadly Poison+1","floor":21.0},{"not_picked":["Cloak And Dagger","Eviscerate"],"picked":"Catalyst+1","floor":22.0},{"not_picked":["Quick Slash","Acrobatics"],"picked":"Prepared","floor":23.0},{"not_picked":["Poisoned Stab","Storm of Steel"],"picked":"Cloak And Dagger+1","floor":24.0},{"not_picked":["Quick Slash+1","Blur+1"],"picked":"Bouncing Flask+1","floor":27.0},{"not_picked":["Flechettes","Reflex"],"picked":"Backflip","floor":28.0},{"not_picked":["Bouncing Flask","Outmaneuver"],"picked":"Leg Sweep+1","floor":29.0},{"not_picked":["Caltrops","Slice"],"picked":"Prepared","floor":31.0},{"not_picked":["Flying Knee","Acrobatics+1"],"picked":"Phantasmal Killer","floor":32.0},{"not_picked":["Storm of Steel","Grand Finale"],"picked":"A Thousand Cuts","floor":33.0},{"not_picked":["Footwork+1","Quick Slash"],"picked":"Catalyst","floor":35},{"not_picked":["Prepared","Riddle With Holes+1","Bane"],"picked":"SKIP","floor":37},{"not_picked":["Distraction","Dagger Throw","Blade Dance+1"],"picked":"SKIP","floor":39},{"not_picked":["Masterful Stab+1","Blur+1"],"picked":"Finisher","floor":40},{"not_picked":["Quick Slash+1","Acrobatics","Heel Hook+1"],"picked":"SKIP","floor":41},{"not_picked":["Heel Hook+1","Finisher+1"],"picked":"Envenom","floor":42},{"not_picked":["Outmaneuver+1","Dodge and Roll"],"picked":"Deadly Poison+1","floor":48}],"player_experience":891726,"relics_obtained":[{"floor":6.0,"key":"Oddly Smooth Stone"},{"floor":9.0,"key":"Dream Catcher"},{"floor":24.0,"key":"Happy Flower"},{"floor":26.0,"key":"War Paint"},{"floor":43,"key":"Orichalcum"},{"floor":45,"key":"Paper Crane"}],"event_choices":[{"damage_healed":0.0,"max_hp_gain":0.0,"max_hp_loss":0.0,"gold_gain":0.0,"event_name":"Shining Light","player_choice":"Entered Light","floor":2.0,"gold_loss":0.0,"damage_taken":14.0,"cards_upgraded":["Survivor","Defend_G"]},{"damage_healed":0.0,"max_hp_gain":0.0,"max_hp_loss":0.0,"gold_gain":0.0,"event_name":"Living Wall","player_choice":"Grow","floor":4.0,"gold_loss":0.0,"damage_taken":0.0,"cards_upgraded":["Infinite Blades"]},{"cards_removed":["Strike_G"],"damage_healed":0.0,"max_hp_gain":0.0,"max_hp_loss":0.0,"gold_gain":0.0,"event_name":"Golden Wing","player_choice":"Card Removal","floor":11.0,"gold_loss":0.0,"damage_taken":7.0},{"damage_healed":0.0,"max_hp_gain":0.0,"max_hp_loss":0.0,"gold_gain":0.0,"event_name":"Vampires","player_choice":"Ignored","floor":20.0,"gold_loss":0.0,"damage_taken":0.0},{"damage_healed":0.0,"max_hp_gain":0.0,"max_hp_loss":0.0,"gold_gain":0.0,"event_name":"N\u0027loth","player_choice":"Ignored","floor":30.0,"gold_loss":0.0,"damage_taken":0.0},{"damage_healed":61,"gold_gain":0,"player_choice":"Heal","damage_taken":0,"max_hp_gain":0,"max_hp_loss":9,"event_name":"The Moai Head","floor":38,"gold_loss":0},{"cards_removed":["Strike_G"],"damage_healed":0,"gold_gain":0,"player_choice":"Removed Attack","damage_taken":0,"max_hp_gain":0,"max_hp_loss":0,"event_name":"Falling","floor":47,"gold_loss":0}],"is_beta":false,"boss_relics":[{"not_picked":["Runic Dome","Ectoplasm"],"picked":"Ring of the Serpent"},{"not_picked":["Eternal Feather","Coffee Dripper"],"picked":"Empty Cage"}],"items_purged_floors":[36],"is_endless":false,"potions_floor_spawned":[1,8,13,16,18,21,22,27,28,39,42,48],"killed_by":"Donu and Deca","ascension_level":0}