{"path_per_floor":["M","M","?","$","?","R","E","?","T","R","M","R","M","?","R"],"character_chosen":"THE_SILENT","items_purchased":["Ninja Scroll"],"gold_per_floor":[117,129,379,52,52,52,79,154,204,204,221,221,237,237,237,237],"floor_reached":16,"campfire_rested":0,"playtime":620,"item_purchase_floors":[4],"current_hp_per_floor":[61,61,61,61,61,61,52,41,41,41,41,41,41,24,24,0],"items_purged":["Regret"],"gold":237,"score":157,"play_id":"74765501-af64-41cb-acac-7a72566befab","local_time":"20180606011140","is_prod":false,"is_daily":false,"chose_seed":false,"is_ascension_mode":true,"campfire_upgraded":4,"win_rate":0,"timestamp":1528215100,"campfire_choices":[{"data":"Glass Knife","floor":6,"key":"SMITH"},{"data":"Neutralize","floor":10,"key":"SMITH"},{"data":"Backflip","floor":12,"key":"SMITH"},{"data":"Dagger Throw","floor":15,"key":"SMITH"}],"path_taken":["M","?","?","?","?","R","E","?","T","R","M","R","?","?","R","BOSS"],"build_version":"2018-05-31","seed_source_timestamp":1136871913732841,"purchased_purges":1,"victory":false,"master_deck":["Defend_G","Defend_G","Defend_G","Defend_G","Strike_G","Strike_G","Strike_G","Strike_G","Strike_G","Survivor","Neutralize+1","AscendersBane","Glass Knife+1","Backflip+1","Backstab","Dagger Throw+1"],"max_hp_per_floor":[70,70,70,70,70,70,70,70,70,70,70,70,70,70,70,70],"relics":["Ring of the Snake","Ninja Scroll","Bag of Preparation","Regal Pillow","Golden Idol"],"card_choices":[{"not_picked":["Bane","Finisher"],"picked":"Backflip","floor":1},{"not_picked":["Dash","Outmaneuver"],"picked":"Backstab","floor":2},{"not_picked":["Caltrops","Bane","Acrobatics"],"picked":"SKIP","floor":7},{"not_picked":["Bullet Time","Flying Knee","Bane"],"picked":"SKIP","floor":11},{"not_picked":["Bane","Slice"],"picked":"Dagger Throw","floor":13}],"player_experience":774792,"potions_floor_usage":[7,16],"damage_taken":[{"damage":2,"enemies":"Cultist","floor":1,"turns":5},{"damage":0,"enemies":"2 Louse","floor":2,"turns":2},{"damage":9,"enemies":"3 Sentries","floor":7,"turns":5},{"damage":0,"enemies":"Small Slimes","floor":11,"turns":1},{"damage":0,"enemies":"2 Fungi Beasts","floor":13,"turns":2},{"damage":24,"enemies":"The Guardian","floor":16,"turns":15}],"relics_obtained":[{"floor":7,"key":"Bag of Preparation"},{"floor":9,"key":"Regal Pillow"}],"event_choices":[{"event_name":"Golden Shrine","player_choice":"Desecrate","floor":3,"damage_taken":0},{"event_name":"Living Wall","player_choice":"Forget","floor":5,"damage_taken":0},{"event_name":"World of Goop","player_choice":"Gather Gold","floor":8,"damage_taken":0},{"event_name":"Golden Idol","player_choice":"Take Damage","floor":14,"damage_taken":0}],"boss_relics":[],"items_purged_floors":[4],"potions_floor_spawned":[2,7,11],"seed_played":"7848576348945021215","killed_by":"The Guardian","ascension_level":12,"potions_obtained":[{"floor":2,"key":"Swift Potion"},{"floor":7,"key":"LiquidBronze"},{"floor":11,"key":"Ancient Potion"}],"is_trial":false}