{"gold_per_floor":[112,387,397,410,585,585,109,123,147,147,147,159,180,130,130,234,234,245,345,360,2,18,18,18,18,48,48,59,78,78,95,95,192,192,205,205,12,23,23,23,41,60,60,70,70,70,86,86,86,86],"floor_reached":50,"playtime":3330,"items_purged":["Regret","Defend_B","Defend_B"],"score":506,"play_id":"70621029-98e6-4465-b1b1-cba35ed9c6ee","local_time":"20181016151345","is_ascension_mode":true,"campfire_choices":[{"data":"Blizzard","floor":6,"key":"SMITH"},{"data":"Coolheaded","floor":10,"key":"SMITH"},{"floor":15,"key":"REST"},{"data":"Mayhem","floor":23,"key":"SMITH"},{"data":"Capacitor","floor":27,"key":"SMITH"},{"floor":32,"key":"REST"},{"data":"Blizzard","floor":40,"key":"SMITH"},{"floor":46,"key":"REST"},{"floor":49,"key":"REST"}],"neow_cost":"NONE","seed_source_timestamp":558518985581816,"circlet_count":0,"master_deck":["Strike_B+1","Zap","Dualcast","Coolheaded+1","Capacitor+1","Blizzard+1","Double Energy+1","Mayhem+1","Ball Lightning+1","Barrage","Chill","Echo Form","Hologram+1","Hologram","Glacier","Coolheaded","Cold Snap","Redo+1","Redo","Buffer","Leap+1","Melter+1","Hyperbeam+1","Coolheaded","Blizzard+1","Cold Snap+1","Stack","Reboot"],"relics":["Cracked Core","NeowsBlessing","Boot","Whetstone","Odd Mushroom","Empty Cage","Gambling Chip","Bottled Flame","Lee\u0027s Waffle","Tiny Chest","Astrolabe","Matryoshka","Vajra","Blue Candle"],"potions_floor_usage":[16,19,19,33,33,50],"damage_taken":[{"damage":0,"enemies":"Jaw Worm","floor":1,"turns":1},{"damage":0,"enemies":"Cultist","floor":3,"turns":1},{"damage":0,"enemies":"2 Louse","floor":4,"turns":1},{"damage":2,"enemies":"Exordium Wildlife","floor":8,"turns":5},{"damage":10,"enemies":"Blue Slaver","floor":12,"turns":3},{"damage":34,"enemies":"The Mushroom Lair","floor":13,"turns":5},{"damage":13,"enemies":"Slime Boss","floor":16,"turns":8},{"damage":0,"enemies":"Chosen","floor":18,"turns":5},{"damage":16,"enemies":"Colosseum Slavers","floor":19,"turns":4},{"damage":52,"enemies":"Colosseum Nobs","floor":19,"turns":6},{"damage":12,"enemies":"3 Byrds","floor":20,"turns":5},{"damage":9,"enemies":"Sentry and Sphere","floor":22,"turns":4},{"damage":22,"enemies":"Snake Plant","floor":28,"turns":5},{"damage":13,"enemies":"Shelled Parasite and Fungi","floor":29,"turns":5},{"damage":0,"enemies":"Chosen and Byrds","floor":31,"turns":6},{"damage":35,"enemies":"Collector","floor":33,"turns":9},{"damage":0,"enemies":"Orb Walker","floor":35,"turns":4},{"damage":1,"enemies":"3 Shapes","floor":38,"turns":2},{"damage":12,"enemies":"Transient","floor":41,"turns":5},{"damage":13,"enemies":"4 Shapes","floor":42,"turns":2},{"damage":39,"enemies":"Sphere and 2 Shapes","floor":44,"turns":5},{"damage":24,"enemies":"Maw","floor":47,"turns":8},{"damage":53,"enemies":"Donu and Deca","floor":50,"turns":7}],"seed_played":"5113771614601998874","potions_obtained":[{"floor":3,"key":"EssenceOfSteel"},{"floor":8,"key":"Regen Potion"},{"floor":13,"key":"Explosive Potion"},{"floor":20,"key":"PowerPotion"},{"floor":29,"key":"Dexterity Potion"},{"floor":31,"key":"SpeedPotion"},{"floor":35,"key":"Fire Potion"},{"floor":36,"key":"Swift Potion"}],"is_trial":false,"path_per_floor":["M","?","M","M","?","R","$","M","T","R","?","M","?","?","R","B",null,"M","?","M","$","M","R","?","?","T","R","M","M","?","M","R","B",null,"M","?","$","M","$","R","M","M","T","M","T","R","M","?","R"],"character_chosen":"DEFECT","items_purchased":["Boot","Double Energy","Mayhem","Lee\u0027s Waffle","Coolheaded","Blizzard"],"campfire_rested":4,"item_purchase_floors":[7,7,7,21,21,37],"current_hp_per_floor":[75,75,75,75,75,75,75,73,73,73,73,63,29,29,51,38,75,75,22,10,82,73,73,73,73,73,73,51,38,38,38,62,27,82,82,82,82,81,81,81,69,56,56,17,17,41,17,17,41,0],"gold":86,"neow_bonus":"THREE_ENEMY_KILL","is_prod":false,"is_daily":false,"chose_seed":false,"campfire_upgraded":5,"win_rate":0,"timestamp":1539717225,"path_taken":["M","?","M","M","?","R","$","?","T","R","?","M","?","?","R","BOSS","M","?","M","$","?","R","?","?","T","R","M","?","?","M","R","BOSS","M","?","$","M","$","R","M","M","T","M","?","R","M","?","R","BOSS"],"build_version":"2018-10-11","purchased_purges":3,"victory":false,"max_hp_per_floor":[75,75,75,75,75,75,75,75,75,75,75,75,75,75,75,75,75,75,75,75,82,82,82,82,82,82,82,82,82,82,82,82,82,82,82,82,82,82,82,82,82,82,82,82,82,82,82,82,82,82],"card_choices":[{"not_picked":["Streamline","Beam Cell"],"picked":"Coolheaded","floor":1},{"not_picked":["Conserve Battery","Force Field"],"picked":"Capacitor","floor":3},{"not_picked":["Rebound","Streamline"],"picked":"Blizzard","floor":4},{"not_picked":["Go for the Eyes","Steam"],"picked":"Ball Lightning","floor":8},{"not_picked":["Ball Lightning","Sunder"],"picked":"Barrage","floor":12},{"not_picked":["Aggregate","Steam"],"picked":"Chill","floor":13},{"not_picked":["Reboot","Rainbow"],"picked":"Echo Form","floor":16},{"not_picked":["Barrage","Turbo"],"picked":"Hologram+1","floor":18},{"not_picked":["Conserve Battery","Compile Driver"],"picked":"Hologram","floor":19},{"not_picked":["Redo","Storm+1"],"picked":"Glacier","floor":20},{"not_picked":["Compile Driver","Doom and Gloom","Heatsinks"],"picked":"SKIP","floor":22},{"not_picked":["Lockon+1","Hologram"],"picked":"Cold Snap","floor":28},{"not_picked":["Steam Power+1","Heatsinks+1"],"picked":"Redo+1","floor":29},{"not_picked":["Sweeping Beam+1","Go for the Eyes","Turbo"],"picked":"SKIP","floor":31},{"not_picked":["Meteor Strike","Hyperbeam"],"picked":"Buffer","floor":33},{"not_picked":["Go for the Eyes","Barrage+1"],"picked":"Coolheaded","floor":35},{"not_picked":["Static Discharge","Melter","Auto Shields+1"],"picked":"SKIP","floor":38},{"not_picked":["Skim+1","Conserve Battery"],"picked":"Cold Snap+1","floor":41},{"not_picked":["Sweeping Beam+1","Beam Cell","Ball Lightning+1"],"picked":"SKIP","floor":42},{"not_picked":["Turbo+1","Sweeping Beam+1","Compile Driver+1"],"picked":"SKIP","floor":44},{"not_picked":["Hologram","Buffer"],"picked":"Stack","floor":47}],"player_experience":628098,"relics_obtained":[{"floor":9,"key":"Whetstone"},{"floor":13,"key":"Odd Mushroom"},{"floor":19,"key":"Gambling Chip"},{"floor":19,"key":"Bottled Flame"},{"floor":26,"key":"Tiny Chest"},{"floor":43,"key":"Matryoshka"},{"floor":45,"key":"Vajra"},{"floor":45,"key":"Blue Candle"}],"event_choices":[{"event_name":"Golden Shrine","player_choice":"Desecrate","floor":2,"damage_taken":0},{"event_name":"Liars Game","player_choice":"agreed","floor":5,"damage_taken":0},{"event_name":"Living Wall","player_choice":"Grow","floor":11,"damage_taken":0},{"event_name":"Mushrooms","player_choice":"Fought Mushrooms","floor":13,"damage_taken":0},{"event_name":"The Cleric","player_choice":"Card Removal","floor":14,"damage_taken":0},{"event_name":"Colosseum","player_choice":"Fight","floor":19,"damage_taken":0},{"event_name":"Colosseum","player_choice":"Fought Nobs","floor":19,"damage_taken":0},{"event_name":"Beggar","player_choice":"Ignored","floor":24,"damage_taken":0},{"event_name":"Ghosts","player_choice":"Ignored","floor":25,"damage_taken":0},{"event_name":"The Library","player_choice":"Read","floor":30,"damage_taken":0},{"event_name":"The Lab","player_choice":"Got Potions","floor":36,"damage_taken":0},{"event_name":"Match and Keep!","player_choice":"1 cards matched","floor":48,"damage_taken":0}],"is_beta":false,"boss_relics":[{"not_picked":["Inserter","Black Star"],"picked":"Empty Cage"},{"not_picked":["Orrery","Runic Dome"],"picked":"Astrolabe"}],"items_purged_floors":[7,21,37],"is_endless":false,"potions_floor_spawned":[3,8,13,20,29,31,35,38,47],"killed_by":"Donu and Deca","ascension_level":1}