{"gold_per_floor":[110,110,125,125,136,136,170,184,184,195,195,214,240,258,258,356,356,376,396,88,102,102,102,128,128,128,128,140,152,52,70,70,170,170,186,201,217,317,328,328,328,343,394,394,404,404,423,423,423,423],"floor_reached":51,"playtime":8047,"items_purged":["Dualcast","Strike_B"],"score":953,"play_id":"f8c11e37-25ad-4e98-8e0e-270a4a61699b","local_time":"20190131211038","is_ascension_mode":true,"campfire_choices":[{"floor":6,"key":"REST"},{"floor":11,"key":"REST"},{"floor":15,"key":"REST"},{"floor":23,"key":"REST"},{"floor":27,"key":"REST"},{"floor":32,"key":"REST"},{"floor":40,"key":"REST"},{"floor":44,"key":"REST"},{"floor":46,"key":"REST"},{"floor":49,"key":"REST"}],"neow_cost":"NONE","seed_source_timestamp":0,"circlet_count":0,"master_deck":["AscendersBane","Strike_B+1","Defend_B","Defend_B","Defend_B","Defend_B","Zap","Beam Cell+1","Reinforced Body","Conserve Battery","Conserve Battery","Coolheaded","Coolheaded","Tempest","Echo Form+1","Conserve Battery","Defragment","The Bomb","Go for the Eyes+1","Seek","All For One","Sweeping Beam+1","Cold Snap+1","Undo","Chill+1","Recycle+1","Echo Form"],"special_seed":0,"relics":["Velvet Choker","Calipers","Shovel","Mummified Hand","Inserter","Cables","Singing Bowl","Nuclear Battery","Turnip","Vajra"],"potions_floor_usage":[7,13,13,13,14,14,21,21,28,29,31,39,42,42,42,50],"damage_taken":[{"damage":4.0,"enemies":"Small Slimes","floor":1.0,"turns":4.0},{"damage":7,"enemies":"Jaw Worm","floor":3,"turns":3},{"damage":0,"enemies":"Cultist","floor":5,"turns":4},{"damage":18,"enemies":"3 Sentries","floor":7,"turns":10},{"damage":8,"enemies":"Lots of Slimes","floor":8,"turns":5},{"damage":0,"enemies":"Looter","floor":10,"turns":3},{"damage":0,"enemies":"Blue Slaver","floor":12,"turns":4},{"damage":18,"enemies":"Gremlin Nob","floor":13,"turns":4},{"damage":17,"enemies":"Gremlin Gang","floor":14,"turns":4},{"damage":27,"enemies":"The Guardian","floor":16,"turns":16},{"damage":8,"enemies":"2 Thieves","floor":18,"turns":4},{"damage":3,"enemies":"Shell Parasite","floor":19,"turns":7},{"damage":18,"enemies":"Snake Plant","floor":21,"turns":5},{"damage":26,"enemies":"Book of Stabbing","floor":24,"turns":9},{"damage":2,"enemies":"Shelled Parasite and Fungi","floor":28,"turns":5},{"damage":28,"enemies":"Centurion and Healer","floor":29,"turns":5},{"damage":0,"enemies":"Chosen and Byrds","floor":31,"turns":5},{"damage":2,"enemies":"Champ","floor":33,"turns":15},{"damage":45,"enemies":"3 Darklings","floor":35,"turns":5},{"damage":7,"enemies":"3 Shapes","floor":36,"turns":6},{"damage":2,"enemies":"Writhing Mass","floor":37,"turns":12},{"damage":0,"enemies":"Mind Bloom Boss Battle","floor":38,"turns":11},{"damage":6,"enemies":"3 Darklings","floor":39,"turns":6},{"damage":25,"enemies":"Transient","floor":42,"turns":5},{"damage":4,"enemies":"Spire Growth","floor":45,"turns":8},{"damage":17,"enemies":"3 Darklings","floor":47,"turns":4},{"damage":54,"enemies":"Awakened One","floor":50,"turns":16}],"seed_played":"5091624445507978960","potions_obtained":[{"floor":3,"key":"Swift Potion"},{"floor":5,"key":"EntropicBrew"},{"floor":13,"key":"Dexterity Potion"},{"floor":14,"key":"SpeedPotion"},{"floor":18,"key":"Regen Potion"},{"floor":19,"key":"GamblersBrew"},{"floor":24,"key":"PowerPotion"},{"floor":28,"key":"LiquidBronze"},{"floor":35,"key":"PowerPotion"},{"floor":36,"key":"PowerPotion"},{"floor":37,"key":"PowerPotion"},{"floor":41,"key":"FocusPotion"},{"floor":45,"key":"PowerPotion"}],"is_trial":false,"path_per_floor":["M","?","M","?","M","R","E","M","T","M","R","M","E","M","R","B",null,"M","M","$","M","?","R","E","?","T","R","M","M","$","M","R","B",null,"M","M","M","?","M","R","?","M","T","R","M","R","M","?","R","B",null],"character_chosen":"DEFECT","items_purchased":["Defragment","The Bomb"],"campfire_rested":10,"item_purchase_floors":[20,20],"current_hp_per_floor":[64,57,50,35,35,57,39,31,31,31,53,53,35,18,40,13,60,52,49,49,31,31,53,27,27,27,49,49,35,35,35,58,58,74,29,22,22,24,18,42,42,19,19,44,42,68,51,51,77,23],"gold":423,"neow_bonus":"BOSS_RELIC","is_prod":false,"is_daily":false,"chose_seed":false,"campfire_upgraded":0,"win_rate":0,"timestamp":1548987038,"path_taken":["M","?","M","?","M","R","E","M","T","M","R","M","E","M","R","BOSS","M","M","$","M","?","R","E","?","T","R","M","?","?","M","R","BOSS","M","?","M","?","M","R","?","?","T","R","?","R","M","?","R","BOSS"],"build_version":"2019-01-23","purchased_purges":2,"victory":true,"max_hp_per_floor":[75,75,75,75,75,75,75,75,75,75,75,75,75,75,75,75,75,75,75,75,75,75,75,75,75,75,75,77,77,77,77,77,79,79,79,79,81,83,83,83,83,85,85,85,87,87,87,87,87,87],"card_choices":[{"not_picked":["Darkness","Force Field"],"picked":"Beam Cell","floor":1},{"not_picked":["Sunder","Compile Driver"],"picked":"Reinforced Body","floor":3},{"not_picked":["Rebound","Turbo","Compile Driver"],"picked":"SKIP","floor":5},{"not_picked":["Recycle","Aggregate","Scrape"],"picked":"SKIP","floor":7},{"not_picked":["Tempest","Streamline"],"picked":"Conserve Battery","floor":8},{"not_picked":["Darkness","Barrage"],"picked":"Conserve Battery","floor":10},{"not_picked":["Ball Lightning","Steam Power"],"picked":"Coolheaded","floor":12},{"not_picked":["Rebound","Recycle"],"picked":"Coolheaded","floor":13},{"not_picked":["Beam Cell","Undo"],"picked":"Tempest","floor":14},{"not_picked":["Creative AI","Thunder Strike"],"picked":"Echo Form","floor":16},{"not_picked":["Beam Cell","Gash"],"picked":"Conserve Battery","floor":18},{"not_picked":["Stack+1","Turbo","Redo"],"picked":"SKIP","floor":19},{"not_picked":["Static Discharge","Beam Cell+1"],"picked":"Go for the Eyes+1","floor":21},{"not_picked":["Blizzard","Steam"],"picked":"Seek","floor":24},{"not_picked":["Barrage","Redo","Go for the Eyes"],"picked":"Singing Bowl","floor":28},{"not_picked":["Hologram","Force Field+1"],"picked":"Sweeping Beam+1","floor":29},{"not_picked":["Barrage","Turbo+1"],"picked":"Cold Snap+1","floor":31},{"not_picked":["Thunder Strike","All For One","Fission"],"picked":"Singing Bowl","floor":33},{"not_picked":["Cold Snap","Capacitor"],"picked":"Undo","floor":35},{"not_picked":["Redo","Go for the Eyes"],"picked":"Chill+1","floor":36},{"not_picked":["Steam","Beam Cell","Gash+1"],"picked":"Singing Bowl","floor":37},{"not_picked":["Rip and Tear+1","Hologram","Coolheaded"],"picked":"Singing Bowl","floor":38},{"not_picked":["Hologram+1","Go for the Eyes"],"picked":"Recycle+1","floor":39},{"not_picked":["Go for the Eyes","Steam+1","Barrage+1"],"picked":"Singing Bowl","floor":42},{"not_picked":["Coolheaded+1","Steam+1","Barrage+1"],"picked":"Singing Bowl","floor":45},{"not_picked":["Compile Driver","Skim"],"picked":"Echo Form","floor":47}],"player_experience":1084891,"relics_obtained":[{"floor":7,"key":"Calipers"},{"floor":9,"key":"Shovel"},{"floor":13,"key":"Mummified Hand"},{"floor":24,"key":"Cables"},{"floor":26,"key":"Singing Bowl"},{"floor":38,"key":"Turnip"},{"floor":43,"key":"Vajra"}],"event_choices":[{"cards_removed":["Strike_B"],"damage_healed":0,"gold_gain":0,"player_choice":"Card Removal","damage_taken":7,"max_hp_gain":0,"max_hp_loss":0,"event_name":"Golden Wing","floor":2,"gold_loss":0},{"damage_healed":0,"gold_gain":0,"player_choice":"Entered Light","damage_taken":15,"max_hp_gain":0,"max_hp_loss":0,"event_name":"Shining Light","floor":4,"gold_loss":0,"cards_upgraded":["Strike_B","Beam Cell"]},{"damage_healed":0,"gold_gain":0,"player_choice":"Ignored","damage_taken":0,"max_hp_gain":0,"max_hp_loss":0,"event_name":"Vampires","floor":22,"gold_loss":0},{"damage_healed":0,"gold_gain":0,"cards_transformed":["Strike_B"],"player_choice":"Transformed","damage_taken":0,"max_hp_gain":0,"max_hp_loss":0,"event_name":"Transmorgrifier","floor":25,"gold_loss":0,"cards_obtained":["All For One"]},{"damage_healed":0,"gold_gain":0,"player_choice":"Fight","damage_taken":0,"max_hp_gain":0,"max_hp_loss":0,"event_name":"MindBloom","floor":38,"gold_loss":0},{"damage_healed":0,"gold_gain":0,"player_choice":"Got Potions","damage_taken":0,"max_hp_gain":0,"max_hp_loss":0,"event_name":"Lab","floor":41,"gold_loss":0},{"damage_healed":0,"gold_gain":0,"player_choice":"Upgraded","damage_taken":0,"max_hp_gain":0,"max_hp_loss":0,"event_name":"Upgrade Shrine","floor":48,"gold_loss":0,"cards_upgraded":["Echo Form"]}],"is_beta":false,"boss_relics":[{"not_picked":["Tiny House","Empty Cage"],"picked":"Inserter"},{"not_picked":["Coffee Dripper","White Beast Statue"],"picked":"Nuclear Battery"}],"items_purged_floors":[20,30],"is_endless":false,"potions_floor_spawned":[3,5,13,14,18,19,24,28,35,36,37,45],"ascension_level":10}