{"path_per_floor":["M","M","?","M","M","R","E","R","T","M","E","M","R","?","R"],"character_chosen":"THE_SILENT","items_purchased":[],"gold_per_floor":[110,120,120,135,151,151,184,184,259,275,307,317,317,317,317,317],"floor_reached":16,"campfire_rested":2,"playtime":732,"item_purchase_floors":[],"current_hp_per_floor":[63,63,49,49,42,63,47,47,47,41,31,27,27,20,41,0],"items_purged":[],"gold":317,"score":112,"play_id":"1f9883f8-52e7-43d6-8b39-967eaf6de751","local_time":"20180609171834","is_prod":false,"is_daily":false,"chose_seed":false,"is_ascension_mode":false,"campfire_upgraded":2,"win_rate":0,"timestamp":1528579114,"campfire_choices":[{"floor":6,"key":"REST"},{"data":"Terror","floor":8,"key":"SMITH"},{"data":"Envenom","floor":13,"key":"SMITH"},{"floor":15,"key":"REST"}],"path_taken":["M","M","?","M","?","R","E","R","T","M","E","M","R","?","R","BOSS"],"build_version":"2018-06-07v3","seed_source_timestamp":20553608532652,"purchased_purges":0,"victory":false,"master_deck":["Defend_G","Defend_G","Defend_G","Defend_G","Defend_G","Strike_G+1","Strike_G+1","Strike_G","Strike_G","Strike_G","Survivor","Neutralize","Dagger Throw","Dash","Terror+1","Dash","Flying Knee","Acrobatics","Envenom+1","Dagger Throw"],"max_hp_per_floor":[70,70,70,70,70,70,70,70,70,70,70,70,70,70,70,70],"relics":["Ring of the Snake","Bird Faced Urn","The Courier","Anchor"],"card_choices":[{"not_picked":["Bane","Flechettes"],"picked":"Dagger Throw","floor":1},{"not_picked":["Flying Knee","Bane"],"picked":"Dash","floor":2},{"not_picked":["Dodge and Roll","Leg Sweep"],"picked":"Terror","floor":4},{"not_picked":["Acrobatics","PiercingWail"],"picked":"Dash","floor":5},{"not_picked":["Dagger Spray","Outmaneuver"],"picked":"Flying Knee","floor":7},{"not_picked":["Sucker Punch","Terror"],"picked":"Acrobatics","floor":10},{"not_picked":["Infinite Blades","Slice"],"picked":"Envenom","floor":11},{"not_picked":["Leg Sweep","Dagger Spray"],"picked":"Dagger Throw","floor":12}],"player_experience":128099,"potions_floor_usage":[7,12],"damage_taken":[{"damage":7,"enemies":"Small Slimes","floor":1,"turns":4},{"damage":0,"enemies":"2 Louse","floor":2,"turns":3},{"damage":0,"enemies":"Cultist","floor":4,"turns":3},{"damage":7,"enemies":"Blue Slaver","floor":5,"turns":3},{"damage":16,"enemies":"3 Sentries","floor":7,"turns":7},{"damage":6,"enemies":"Lots of Slimes","floor":10,"turns":5},{"damage":10,"enemies":"Gremlin Nob","floor":11,"turns":3},{"damage":6,"enemies":"Exordium Thugs","floor":12,"turns":4},{"damage":47,"enemies":"Hexaghost","floor":16,"turns":9}],"relics_obtained":[{"floor":7,"key":"Bird Faced Urn"},{"floor":9,"key":"The Courier"},{"floor":11,"key":"Anchor"}],"event_choices":[{"event_name":"Shining Light","player_choice":"Entered Light","floor":3,"damage_taken":0},{"event_name":"Wheel of Change","player_choice":"Damage","floor":14,"damage_taken":0}],"boss_relics":[],"items_purged_floors":[],"potions_floor_spawned":[2,5,10,11],"seed_played":"7048398646656233966","killed_by":"Hexaghost","ascension_level":0,"potions_obtained":[{"floor":2,"key":"Dexterity Potion"},{"floor":5,"key":"SpeedPotion"},{"floor":10,"key":"Explosive Potion"},{"floor":11,"key":"Explosive Potion"}],"is_trial":false}