{"gold_per_floor":[219,179,189,139,214,227,237,270,320,335,364,226,109,123,123,226,226,239,254,227,326,326,338,338,363,363,363,363,363,56,82,82,181,181,193,193,157,157,169,200,216,248,271,271,301,523,535,535,535,535],"floor_reached":50,"playtime":3119,"items_purged":[],"score":742,"play_id":"f70f8ac7-33c5-4893-be88-185dd8a061fc","local_time":"20190217063135","is_ascension_mode":true,"campfire_choices":[{"floor":15,"key":"REST"},{"data":"Electrodynamics","floor":24,"key":"SMITH"},{"data":"Defragment","floor":27,"key":"SMITH"},{"data":"Biased Cognition","floor":32,"key":"SMITH"},{"floor":44,"key":"REST"},{"data":"Seek","floor":49,"key":"SMITH"}],"neow_cost":"NONE","seed_source_timestamp":217520955505600,"circlet_count":0,"master_deck":["Defend_B+1","Zap","Dualcast","Conserve Battery","Double Energy","Coolheaded","Defragment+1","Coolheaded","Beam Cell","Ball Lightning","Electrodynamics+1","Capacitor","Coolheaded","Genetic Algorithm","Biased Cognition+1","Tempest+1","Auto Shields+1","Reinforced Body+1","Go for the Eyes+1","Skim+1","Barrage","Biased Cognition","Doom and Gloom","Conserve Battery+1","Master of Strategy","Self Repair+1","Seek+1","Double Energy+1","Storm","Compile Driver+1","Tempest","Amplify","Chaos+1","Chaos+1","Heatsinks"],"relics":["FrozenCore","Bottled Lightning","War Paint","Anchor","Astrolabe","Oddly Smooth Stone","Shuriken","Enchiridion","Juzu Bracelet","Red Mask","Lantern","Toxic Egg 2","Art of War","Ornamental Fan"],"potions_floor_usage":[7,8,11,14,25,31,33,40,45,50,50],"damage_taken":[{"damage":7,"enemies":"Jaw Worm","floor":1,"turns":3},{"damage":0,"enemies":"Cultist","floor":3,"turns":3},{"damage":0,"enemies":"2 Louse","floor":6,"turns":2},{"damage":1,"enemies":"2 Fungi Beasts","floor":7,"turns":5},{"damage":15,"enemies":"3 Sentries","floor":8,"turns":10},{"damage":13,"enemies":"Lots of Slimes","floor":10,"turns":6},{"damage":9,"enemies":"Gremlin Nob","floor":11,"turns":5},{"damage":0,"enemies":"Exordium Thugs","floor":14,"turns":4},{"damage":12,"enemies":"The Guardian","floor":16,"turns":12},{"damage":0,"enemies":"3 Byrds","floor":18,"turns":2},{"damage":2,"enemies":"Chosen","floor":19,"turns":3},{"damage":1,"enemies":"3 Cultists","floor":23,"turns":3},{"damage":2,"enemies":"Book of Stabbing","floor":25,"turns":5},{"damage":25,"enemies":"Masked Bandits","floor":31,"turns":3},{"damage":29,"enemies":"Collector","floor":33,"turns":7},{"damage":0,"enemies":"3 Shapes","floor":35,"turns":5},{"damage":0,"enemies":"3 Darklings","floor":39,"turns":3},{"damage":52,"enemies":"Reptomancer","floor":40,"turns":7},{"damage":0,"enemies":"4 Shapes","floor":41,"turns":3},{"damage":3,"enemies":"Giant Head","floor":42,"turns":5},{"damage":17,"enemies":"Reptomancer","floor":45,"turns":5},{"damage":0,"enemies":"Spire Growth","floor":47,"turns":3},{"damage":143,"enemies":"Time Eater","floor":50,"turns":12}],"seed_played":"-8586469821569775404","potions_obtained":[{"floor":2,"key":"EssenceOfSteel"},{"floor":2,"key":"EssenceOfSteel"},{"floor":2,"key":"Energy Potion"},{"floor":10,"key":"Fire Potion"},{"floor":16,"key":"Weak Potion"},{"floor":25,"key":"Ancient Potion"},{"floor":31,"key":"Weak Potion"},{"floor":35,"key":"Swift Potion"},{"floor":40,"key":"FearPotion"},{"floor":42,"key":"Weak Potion"},{"floor":45,"key":"Regen Potion"},{"floor":48,"key":"FairyPotion"}],"is_trial":false,"path_per_floor":["M","?","M","?","?","M","M","E","T","M","E","$","$","M","R","B",null,"M","M","$","?","?","M","R","E","T","R","?","?","$","?","R","B",null,"M","?","$","?","M","E","M","E","T","R","E","?","M","?","R","B"],"character_chosen":"DEFECT","items_purchased":["Electrodynamics","Capacitor","Coolheaded","Barrage","Juzu Bracelet","Master of Strategy","Storm"],"campfire_rested":2,"item_purchase_floors":[12,13,13,20,30,30,37],"current_hp_per_floor":[68,68,68,68,61,61,60,45,45,32,23,23,23,23,45,33,75,75,73,73,73,73,72,72,70,70,70,54,75,75,50,50,31,75,75,75,75,71,71,29,29,46,46,67,60,60,70,70,70,0],"gold":535,"neow_bonus":"HUNDRED_GOLD","is_prod":false,"is_daily":false,"chose_seed":false,"campfire_upgraded":4,"win_rate":0,"timestamp":1550403095,"path_taken":["M","?","?","?","?","M","?","E","T","M","E","?","$","M","R","BOSS","M","M","$","?","?","M","R","E","T","R","?","?","$","?","R","BOSS","M","?","$","?","M","E","M","E","T","R","E","?","M","?","R","BOSS"],"build_version":"2019-01-23","purchased_purges":0,"victory":false,"max_hp_per_floor":[75,75,75,75,75,75,75,75,75,75,75,75,75,75,75,75,75,75,75,75,75,75,75,75,75,75,75,75,75,75,75,75,75,75,75,75,75,71,71,71,71,71,71,71,71,71,71,71,71,71],"card_choices":[{"not_picked":["Turbo","Redo"],"picked":"Conserve Battery","floor":1},{"not_picked":["Cold Snap","Barrage"],"picked":"Double Energy","floor":3},{"not_picked":["Sunder","Compile Driver"],"picked":"Coolheaded","floor":6},{"not_picked":["Turbo","Gash"],"picked":"Defragment","floor":7},{"not_picked":["Barrage","Gash"],"picked":"Coolheaded","floor":8},{"not_picked":["Compile Driver","Gash"],"picked":"Beam Cell","floor":10},{"not_picked":["Stack","Compile Driver"],"picked":"Ball Lightning","floor":11},{"not_picked":["Conserve Battery","Sunder"],"picked":"Genetic Algorithm","floor":14},{"not_picked":["Rainbow","Creative AI"],"picked":"Biased Cognition","floor":16},{"not_picked":["Barrage","Leap"],"picked":"Go for the Eyes+1","floor":18},{"not_picked":["Beam Cell+1","Barrage"],"picked":"Skim+1","floor":19},{"not_picked":["Rip and Tear","FTL"],"picked":"Conserve Battery+1","floor":23},{"not_picked":["Compile Driver","Aggregate"],"picked":"Undo","floor":25},{"not_picked":["Reboot","Recycle+1"],"picked":"Self Repair+1","floor":31},{"not_picked":["Meteor Strike","Core Surge"],"picked":"Seek","floor":33},{"not_picked":["Compile Driver","Chaos"],"picked":"Double Energy+1","floor":35},{"not_picked":["Sweeping Beam+1","Streamline"],"picked":"Compile Driver+1","floor":39},{"not_picked":["Doom and Gloom+1","Coolheaded"],"picked":"Tempest","floor":40},{"not_picked":["Cold Snap","Genetic Algorithm+1"],"picked":"Amplify","floor":41},{"not_picked":["Ball Lightning","Rebound+1"],"picked":"Chaos+1","floor":42},{"not_picked":["Darkness+1","Barrage+1"],"picked":"Chaos+1","floor":45},{"not_picked":["Chaos+1","Beam Cell+1"],"picked":"Heatsinks","floor":47}],"player_experience":510787,"relics_obtained":[{"floor":8,"key":"Bottled Lightning"},{"floor":9,"key":"War Paint"},{"floor":11,"key":"Anchor"},{"floor":25,"key":"Oddly Smooth Stone"},{"floor":26,"key":"Shuriken"},{"floor":28,"key":"Enchiridion"},{"floor":31,"key":"Red Mask"},{"floor":40,"key":"Lantern"},{"floor":42,"key":"Toxic Egg 2"},{"floor":43,"key":"Art of War"},{"floor":45,"key":"Ornamental Fan"}],"event_choices":[{"damage_healed":0,"gold_gain":0,"player_choice":"Bought 3 Potions","damage_taken":0,"max_hp_gain":0,"max_hp_loss":0,"event_name":"The Woman in Blue","floor":2,"gold_loss":0},{"cards_removed":["Strike_B"],"damage_healed":0,"gold_gain":0,"player_choice":"Card Removal","damage_taken":0,"max_hp_gain":0,"max_hp_loss":0,"event_name":"The Cleric","floor":4,"gold_loss":50},{"damage_healed":0,"gold_gain":75,"player_choice":"Touch","damage_taken":7,"max_hp_gain":0,"max_hp_loss":0,"event_name":"FaceTrader","floor":5,"gold_loss":0},{"damage_healed":0,"gold_gain":99,"player_choice":"Stole From Cult","damage_taken":0,"max_hp_gain":0,"max_hp_loss":0,"event_name":"Nest","floor":21,"gold_loss":0},{"damage_healed":0,"gold_gain":0,"cards_transformed":["Defend_B","Defend_B"],"player_choice":"Became Test Subject","damage_taken":0,"max_hp_gain":0,"max_hp_loss":0,"event_name":"Drug Dealer","floor":22,"gold_loss":0,"cards_obtained":["Biased Cognition","Doom and Gloom"]},{"damage_healed":0,"gold_gain":0,"player_choice":"Obtained Book","damage_taken":16,"max_hp_gain":0,"max_hp_loss":0,"event_name":"Cursed Tome","floor":28,"gold_loss":0},{"cards_removed":["Undo"],"damage_healed":21,"gold_gain":0,"player_choice":"Offered Uncommon","damage_taken":0,"max_hp_gain":0,"max_hp_loss":0,"event_name":"Bonfire Elementals","floor":29,"gold_loss":0},{"damage_healed":0,"gold_gain":0,"player_choice":"Fought Bandits","damage_taken":0,"max_hp_gain":0,"max_hp_loss":0,"event_name":"Masked Bandits","floor":31,"gold_loss":0},{"cards_removed":["Defend_B"],"damage_healed":0,"gold_gain":0,"player_choice":"Removed Skill","damage_taken":0,"max_hp_gain":0,"max_hp_loss":0,"event_name":"Falling","floor":36,"gold_loss":0},{"damage_healed":0,"gold_gain":0,"player_choice":"Max HP","damage_taken":0,"max_hp_gain":0,"max_hp_loss":4,"event_name":"Winding Halls","floor":38,"gold_loss":0},{"damage_healed":0,"gold_gain":222,"player_choice":"Wore Mask","damage_taken":0,"max_hp_gain":0,"max_hp_loss":0,"event_name":"Tomb of Lord Red Mask","floor":46,"gold_loss":0},{"damage_healed":0,"gold_gain":0,"player_choice":"Got Potions","damage_taken":0,"max_hp_gain":0,"max_hp_loss":0,"event_name":"Lab","floor":48,"gold_loss":0}],"is_beta":false,"boss_relics":[{"not_picked":["Coffee Dripper","Empty Cage"],"picked":"Astrolabe"},{"not_picked":["Calling Bell","Black Star"],"picked":"FrozenCore"}],"items_purged_floors":[],"is_endless":false,"potions_floor_spawned":[6,10,16,25,31,35,40,42,45],"killed_by":"Time Eater","ascension_level":4}