{"gold_per_floor":[118,71,21,41,119,119,150,163,163,176,176,193,217,230,230,330,330,341,355,355,387,48,48,80,94,94,113,213,213,228,246,246,350,350,363,463,36,54,65,65,78,78,135,65,80,302,325,340,340,340],"floor_reached":50,"playtime":2119,"items_purged":["Strike_B","Strike_B"],"score":643,"play_id":"44f57762-0f30-49c1-8a99-4adc45d8345e","local_time":"20181016021536","is_ascension_mode":true,"campfire_choices":[{"data":"Redo","floor":6,"key":"SMITH"},{"data":"Electrodynamics","floor":11,"key":"SMITH"},{"data":"Loop","floor":15,"key":"SMITH"},{"data":"Defragment","floor":23,"key":"SMITH"},{"data":"Redo","floor":29,"key":"SMITH"},{"floor":32,"key":"REST"},{"data":"Electrodynamics","floor":40,"key":"SMITH"},{"data":"Reboot","floor":42,"key":"SMITH"},{"floor":49,"key":"REST"}],"neow_cost":"NONE","seed_source_timestamp":513041740174971,"circlet_count":0,"master_deck":["Defend_B","Defend_B","Defend_B","Zap","Dualcast","Sweeping Beam","Redo+1","Hologram","Electrodynamics+1","Loop","Hologram","All For One","Loop+1","Hologram","Biased Cognition","Double Energy","Reboot+1","Ball Lightning","Redo","Defragment+1","Thunder Strike","Doom and Gloom","Redo+1","Redo","Electrodynamics+1","Capacitor+1","Static Discharge","Hologram+1","Capacitor","Loop+1","Stack"],"relics":["Cracked Core","NeowsBlessing","Pantograph","Gambling Chip","Pocketwatch","Odd Mushroom","Inserter","Red Mask","Dead Branch","Nuclear Battery","FossilizedHelix","Tiny Chest","Happy Flower"],"potions_floor_usage":[16,24,24,31,33,45,50],"damage_taken":[{"damage":0,"enemies":"2 Louse","floor":1,"turns":1},{"damage":0,"enemies":"Jaw Worm","floor":4,"turns":1},{"damage":0,"enemies":"Lagavulin","floor":7,"turns":1},{"damage":7,"enemies":"Small Slimes","floor":8,"turns":2},{"damage":5,"enemies":"Looter","floor":10,"turns":3},{"damage":4,"enemies":"Blue Slaver","floor":12,"turns":3},{"damage":12,"enemies":"The Mushroom Lair","floor":13,"turns":2},{"damage":2,"enemies":"3 Louse","floor":14,"turns":2},{"damage":0,"enemies":"Slime Boss","floor":16,"turns":4},{"damage":17,"enemies":"3 Byrds","floor":18,"turns":3},{"damage":10,"enemies":"Spheric Guardian","floor":19,"turns":3},{"damage":5,"enemies":"Masked Bandits","floor":21,"turns":2},{"damage":14,"enemies":"Gremlin Leader","floor":24,"turns":4},{"damage":0,"enemies":"3 Cultists","floor":25,"turns":2},{"damage":0,"enemies":"Snecko","floor":27,"turns":3},{"damage":15,"enemies":"Snake Plant","floor":30,"turns":2},{"damage":0,"enemies":"3 Cultists","floor":31,"turns":2},{"damage":59,"enemies":"Automaton","floor":33,"turns":7},{"damage":10,"enemies":"3 Shapes","floor":35,"turns":2},{"damage":10,"enemies":"3 Darklings","floor":38,"turns":4},{"damage":8,"enemies":"Maw","floor":39,"turns":6},{"damage":0,"enemies":"4 Shapes","floor":41,"turns":1},{"damage":18,"enemies":"Spire Growth","floor":45,"turns":4},{"damage":6,"enemies":"Sphere and 2 Shapes","floor":48,"turns":3},{"damage":70,"enemies":"Awakened One","floor":50,"turns":3}],"seed_played":"4453333815187229080","potions_obtained":[{"floor":1,"key":"Swift Potion"},{"floor":4,"key":"AttackPotion"},{"floor":12,"key":"SpeedPotion"},{"floor":24,"key":"SpeedPotion"},{"floor":25,"key":"EssenceOfSteel"},{"floor":27,"key":"Explosive Potion"},{"floor":38,"key":"SpeedPotion"},{"floor":41,"key":"Dexterity Potion"}],"is_trial":false,"path_per_floor":["M","$","?","M","T","R","E","M","T","M","R","M","?","M","R","B",null,"M","M","?","?","$","R","E","M","T","M","?","R","M","M","R","B",null,"M","?","$","M","M","R","M","R","T","$","M","?","T","M","R"],"character_chosen":"DEFECT","items_purchased":["Redo","Redo","Defragment","Thunder Strike","FossilizedHelix","Static Discharge","Capacitor"],"campfire_rested":2,"item_purchase_floors":[2,22,22,22,37,37,44],"current_hp_per_floor":[75,75,75,75,75,75,75,68,68,63,63,59,47,45,45,70,75,58,48,48,43,43,43,29,29,29,29,29,29,14,14,36,2,75,65,65,65,55,47,47,47,47,47,47,29,29,29,23,45,0],"gold":340,"neow_bonus":"THREE_ENEMY_KILL","is_prod":false,"is_daily":false,"chose_seed":false,"campfire_upgraded":7,"win_rate":0,"timestamp":1539670536,"path_taken":["M","$","?","M","?","R","E","M","T","M","R","M","?","M","R","BOSS","M","M","?","?","$","R","E","M","T","M","?","R","M","M","R","BOSS","M","?","$","M","M","R","M","R","T","?","?","?","?","M","R","BOSS"],"build_version":"2018-10-11","purchased_purges":2,"victory":false,"max_hp_per_floor":[75,75,75,75,75,75,75,75,75,75,75,75,75,75,75,75,75,75,75,75,75,75,75,75,75,75,75,75,75,75,75,75,75,75,75,75,75,75,75,75,75,75,75,75,75,75,75,75,75,75],"card_choices":[{"not_picked":["Undo","Auto Shields"],"picked":"Sweeping Beam","floor":1},{"not_picked":["Turbo","Gash"],"picked":"Hologram","floor":4},{"not_picked":["Chaos","Cold Snap"],"picked":"Electrodynamics","floor":7},{"not_picked":["Melter","Sweeping Beam"],"picked":"Loop","floor":8},{"not_picked":["Beam Cell","Recycle"],"picked":"Hologram","floor":10},{"not_picked":["Scrape","Barrage"],"picked":"All For One","floor":12},{"not_picked":["Sweeping Beam","Chill"],"picked":"Loop","floor":13},{"not_picked":["Undo","Cold Snap"],"picked":"Hologram","floor":14},{"not_picked":["Reboot","Multi-Cast"],"picked":"Biased Cognition","floor":16},{"not_picked":["Fusion","Steam","Coolheaded+1"],"picked":"SKIP","floor":18},{"not_picked":["Beam Cell","Compile Driver","Rebound+1"],"picked":"SKIP","floor":19},{"not_picked":["Go for the Eyes","Recycle"],"picked":"Ball Lightning","floor":21},{"not_picked":["Rebound","Self Repair"],"picked":"Doom and Gloom","floor":24},{"not_picked":["Sweeping Beam+1","Streamline+1"],"picked":"Redo","floor":25},{"not_picked":["Coolheaded","Fusion","Rainbow"],"picked":"SKIP","floor":27},{"not_picked":["Double Energy","Sweeping Beam"],"picked":"Redo","floor":30},{"not_picked":["Ball Lightning","Rebound+1","Beam Cell"],"picked":"SKIP","floor":31},{"not_picked":["Biased Cognition","Creative AI"],"picked":"Electrodynamics","floor":33},{"not_picked":["Stack","Barrage"],"picked":"Capacitor+1","floor":35},{"not_picked":["Genetic Algorithm","Doom and Gloom+1"],"picked":"Hologram+1","floor":38},{"not_picked":["White Noise","Go for the Eyes","Rebound+1"],"picked":"SKIP","floor":39},{"not_picked":["Reprogram","Scrape+1","Rip and Tear+1"],"picked":"SKIP","floor":41},{"not_picked":["Steam","Go for the Eyes"],"picked":"Loop+1","floor":45},{"not_picked":["Undo","Steam"],"picked":"Stack","floor":48}],"player_experience":623825,"relics_obtained":[{"floor":5,"key":"Pantograph"},{"floor":7,"key":"Gambling Chip"},{"floor":9,"key":"Pocketwatch"},{"floor":13,"key":"Odd Mushroom"},{"floor":21,"key":"Red Mask"},{"floor":24,"key":"Dead Branch"},{"floor":43,"key":"Tiny Chest"},{"floor":47,"key":"Happy Flower"}],"event_choices":[{"event_name":"The Cleric","player_choice":"Card Removal","floor":3,"damage_taken":0},{"event_name":"Mushrooms","player_choice":"Fought Mushrooms","floor":13,"damage_taken":0},{"event_name":"Drug Dealer","player_choice":"Became Test Subject","floor":20,"damage_taken":0},{"event_name":"Masked Bandits","player_choice":"Fought Bandits","floor":21,"damage_taken":0},{"event_name":"Golden Shrine","player_choice":"Pray","floor":28,"damage_taken":0},{"event_name":"Golden Shrine","player_choice":"Pray","floor":36,"damage_taken":0},{"event_name":"Tomb of Lord Red Mask","player_choice":"Wore Mask","floor":46,"damage_taken":0}],"is_beta":false,"boss_relics":[{"not_picked":["Lizard Tail","Busted Crown"],"picked":"Inserter"},{"not_picked":["Runic Pyramid","FrozenCore"],"picked":"Nuclear Battery"}],"items_purged_floors":[22,37],"is_endless":false,"potions_floor_spawned":[1,4,12,13,24,25,27,38,41],"killed_by":"Awakened One","ascension_level":1}