{"gold_per_floor":[117,66,66,91,104,104,104,104,128,11,30,30,53,88,88,207,207,225,225,9,30,30,30,45,45,45,45,45,59,80,114,114,237,237,251,68,68,84,108,108,123,345,345,345],"floor_reached":44,"playtime":2244,"items_purged":["Strike_B","Strike_B"],"score":473,"play_id":"980f2343-140f-45b9-a187-9909ded0c8e2","local_time":"20190114000809","is_ascension_mode":false,"campfire_choices":[{"data":"Hologram","floor":6.0,"key":"SMITH"},{"data":"Streamline","floor":12.0,"key":"SMITH"},{"floor":15.0,"key":"REST"},{"data":"Streamline","floor":23,"key":"SMITH"},{"data":"Seek","floor":25,"key":"SMITH"},{"data":"Zap","floor":27,"key":"SMITH"},{"floor":32,"key":"REST"},{"floor":40,"key":"REST"}],"neow_cost":"TEN_PERCENT_HP_LOSS","seed_source_timestamp":411813640752851,"circlet_count":0,"master_deck":["Strike_B","Defend_B","Defend_B","Defend_B","Zap+1","Dualcast","All For One","Streamline+1","Hologram+1","Hologram+1","Streamline+1","Gash","Good Instincts","Steam Power","Gash","Hello World","Seek+1","Gash","Go for the Eyes","Conserve Battery","Stack","FTL","Gash","Stack","Echo Form","Gash+1","Swift Strike","White Noise+1","Hologram+1"],"special_seed":0,"relics":["Cracked Core","Golden Idol","Boot","Odd Mushroom","Philosopher\u0027s Stone","Question Card","Red Mask","Empty Cage","Girya"],"potions_floor_usage":[33,44],"damage_taken":[{"damage":6.0,"enemies":"Jaw Worm","floor":1.0,"turns":3.0},{"damage":0.0,"enemies":"2 Louse","floor":4.0,"turns":1.0},{"damage":0.0,"enemies":"Cultist","floor":5.0,"turns":3.0},{"damage":11.0,"enemies":"Large Slime","floor":11.0,"turns":4.0},{"damage":0.0,"enemies":"Exordium Wildlife","floor":13.0,"turns":2.0},{"damage":3.0,"enemies":"The Mushroom Lair","floor":14.0,"turns":3.0},{"damage":2.0,"enemies":"Slime Boss","floor":16.0,"turns":5.0},{"damage":18,"enemies":"Shell Parasite","floor":18,"turns":4},{"damage":6,"enemies":"3 Byrds","floor":21,"turns":3},{"damage":2,"enemies":"Cultist and Chosen","floor":24,"turns":3},{"damage":0,"enemies":"Centurion and Healer","floor":29,"turns":3},{"damage":10,"enemies":"Shelled Parasite and Fungi","floor":30,"turns":3},{"damage":26,"enemies":"Masked Bandits","floor":31,"turns":4},{"damage":0,"enemies":"Collector","floor":33,"turns":6},{"damage":37,"enemies":"3 Darklings","floor":35,"turns":3},{"damage":3,"enemies":"Orb Walker","floor":38,"turns":3},{"damage":7,"enemies":"3 Darklings","floor":39,"turns":4},{"damage":21,"enemies":"Transient","floor":41,"turns":5},{"damage":41,"enemies":"Spire Growth","floor":44,"turns":4}],"seed_played":"1577398222343367745","potions_obtained":[{"floor":5.0,"key":"EssenceOfSteel"},{"floor":13.0,"key":"PowerPotion"},{"floor":14.0,"key":"Weak Potion"},{"floor":18,"key":"Dexterity Potion"},{"floor":30,"key":"PowerPotion"},{"floor":39,"key":"Energy Potion"}],"is_trial":false,"path_per_floor":["M","$","?","M","M","R","?","?","T","$","M","R","M","?","R","B",null,"M","?","$","M","$","R","M","R","T","R","?","M","M","?","R","B",null,"M","$","?","M","M","R","M","?","T","M"],"character_chosen":"DEFECT","items_purchased":["Hologram","Gash","Good Instincts","Gash","Go for the Eyes","Conserve Battery","Swift Strike"],"campfire_rested":3,"item_purchase_floors":[2,10,10,20,20,20,36],"current_hp_per_floor":[62,62,45,45,45,45,50,50,50,50,39,39,39,36,57,55,73,55,55,55,49,49,49,47,47,47,47,47,47,37,11,32,32,73,36,36,36,33,26,47,26,26,26,0],"gold":345,"neow_bonus":"THREE_RARE_CARDS","is_prod":false,"is_daily":false,"chose_seed":false,"campfire_upgraded":5,"win_rate":0,"timestamp":1547442489,"path_taken":["M","$","?","M","M","R","?","?","T","$","M","R","?","?","R","BOSS","M","?","$","M","$","R","M","R","T","R","?","M","M","?","R","BOSS","M","$","?","M","M","R","M","?","T","M"],"build_version":"2019-01-10","purchased_purges":2,"victory":false,"max_hp_per_floor":[68,68,68,68,68,68,73,73,73,73,73,73,73,73,73,73,73,73,73,73,73,73,73,73,73,73,73,73,73,73,73,73,73,73,73,73,73,73,73,73,73,73,73,73],"card_choices":[{"not_picked":["Machine Learning","Buffer"],"picked":"All For One","floor":0.0},{"not_picked":["Compile Driver","Heatsinks"],"picked":"Streamline","floor":1.0},{"not_picked":["Scrape","Hello World"],"picked":"Hologram","floor":4.0},{"not_picked":["Stack","Ball Lightning"],"picked":"Streamline","floor":5.0},{"not_picked":["Streamline","White Noise"],"picked":"Steam Power","floor":11.0},{"not_picked":["Leap","Turbo"],"picked":"Gash","floor":13.0},{"not_picked":["Melter","Auto Shields"],"picked":"Hello World","floor":14.0},{"not_picked":["Biased Cognition","Meteor Strike"],"picked":"Seek","floor":16.0},{"not_picked":["Cold Snap","Chaos","Melter"],"picked":"SKIP","floor":18},{"not_picked":["Ball Lightning+1","Lockon"],"picked":"Stack","floor":21},{"not_picked":["Doom and Gloom","Double Energy"],"picked":"FTL","floor":24},{"not_picked":["Hologram","Stack+1","Lockon"],"picked":"Gash","floor":29},{"not_picked":["Leap+1","Compile Driver+1","Fusion","Lockon"],"picked":"SKIP","floor":30},{"not_picked":["Meteor Strike","Coolheaded","Streamline"],"picked":"Stack","floor":31},{"not_picked":["Electrodynamics","Buffer","Core Surge"],"picked":"Echo Form","floor":33},{"not_picked":["Sunder","Conserve Battery","Coolheaded"],"picked":"Gash+1","floor":35},{"not_picked":["Blizzard+1","Chill+1","Cold Snap+1","Redo"],"picked":"SKIP","floor":38},{"not_picked":["Recycle+1","BootSequence+1","Chill"],"picked":"White Noise+1","floor":39},{"not_picked":["Streamline","Melter+1","Sunder+1"],"picked":"Hologram+1","floor":41}],"player_experience":939278,"relics_obtained":[{"floor":9.0,"key":"Boot"},{"floor":14.0,"key":"Odd Mushroom"},{"floor":26,"key":"Question Card"},{"floor":31,"key":"Red Mask"},{"floor":43,"key":"Girya"}],"event_choices":[{"damage_healed":0.0,"max_hp_gain":0.0,"max_hp_loss":0.0,"gold_gain":0.0,"event_name":"Golden Idol","player_choice":"Take Damage","floor":3.0,"gold_loss":0.0,"damage_taken":17.0,"relics_obtained":["Golden Idol"]},{"damage_healed":0.0,"max_hp_gain":5.0,"max_hp_loss":0.0,"gold_gain":0.0,"event_name":"Big Fish","player_choice":"Donut","floor":7.0,"gold_loss":0.0,"damage_taken":0.0},{"damage_healed":0.0,"max_hp_gain":0.0,"max_hp_loss":0.0,"gold_gain":0.0,"event_name":"Accursed Blacksmith","player_choice":"Forge","floor":8.0,"gold_loss":0.0,"damage_taken":0.0,"cards_upgraded":["Hologram"]},{"damage_healed":0.0,"max_hp_gain":0.0,"max_hp_loss":0.0,"gold_gain":0.0,"event_name":"Mushrooms","player_choice":"Fought Mushrooms","floor":14.0,"gold_loss":0.0,"damage_taken":0.0},{"damage_healed":0,"gold_gain":0,"player_choice":"Ignored","damage_taken":0,"max_hp_gain":0,"max_hp_loss":0,"event_name":"Vampires","floor":19,"gold_loss":0},{"damage_healed":0,"gold_gain":0,"player_choice":"Ignored","damage_taken":0,"max_hp_gain":0,"max_hp_loss":0,"event_name":"Beggar","floor":28,"gold_loss":0},{"damage_healed":0,"gold_gain":0,"player_choice":"Fought Bandits","damage_taken":0,"max_hp_gain":0,"max_hp_loss":0,"event_name":"Masked Bandits","floor":31,"gold_loss":0},{"damage_healed":0,"gold_gain":0,"player_choice":"Ignored","damage_taken":0,"max_hp_gain":0,"max_hp_loss":0,"event_name":"Mysterious Sphere","floor":37,"gold_loss":0},{"damage_healed":0,"gold_gain":222,"player_choice":"Wore Mask","damage_taken":0,"max_hp_gain":0,"max_hp_loss":0,"event_name":"Tomb of Lord Red Mask","floor":42,"gold_loss":0}],"is_beta":false,"boss_relics":[{"not_picked":["Orrery","Inserter"],"picked":"Philosopher\u0027s Stone"},{"not_picked":["Busted Crown","Velvet Choker"],"picked":"Empty Cage"}],"items_purged_floors":[20,36],"is_endless":false,"potions_floor_spawned":[5,13,14,18,29,30,31,39,41],"killed_by":"Spire Growth","ascension_level":0}