{"gold_per_floor":[116,128,138,138,150,185,185,185,185,200,110,138,138,166,166,264,314,329,346,346,261,211,211,12,12,39,39,62,62,80,97,97,197,197,214,164,178,578,591,591,602,602],"floor_reached":42,"playtime":5849,"items_purged":["Strike_B","Strike_B","Strike_B","Strike_B"],"score":624,"play_id":"720a7fcf-2561-4714-ba94-10481d41a937","local_time":"20190131130516","is_ascension_mode":true,"campfire_choices":[{"floor":8,"key":"REST"},{"floor":13,"key":"REST"},{"floor":15,"key":"REST"},{"floor":23,"key":"REST"},{"data":"Creative AI","floor":25,"key":"SMITH"},{"floor":27,"key":"DIG"},{"floor":32,"key":"REST"},{"floor":40,"key":"REST"}],"neow_cost":"NONE","seed_source_timestamp":982475328527835,"circlet_count":0,"master_deck":["AscendersBane","Defend_B+1","Defend_B","Defend_B","Defend_B+1","Zap+1","Dualcast+1","Self Repair","Streamline","Core Surge","FTL+1","Defragment","Creative AI+1","Gash","BootSequence","Gash","FTL","Seek","Conserve Battery+1","Force Field+1"],"relics":["Runic Pyramid","Smiling Mask","Shovel","Bottled Lightning","Boot","Bronze Scales","Tiny House","Bird Faced Urn","PreservedInsect","Oddly Smooth Stone","Art of War","War Paint","Nuclear Battery","Old Coin"],"potions_floor_usage":[10,12,18,31,37,37],"damage_taken":[{"damage":4,"enemies":"Cultist","floor":1,"turns":5},{"damage":7,"enemies":"Jaw Worm","floor":2,"turns":4},{"damage":0,"enemies":"Small Slimes","floor":3,"turns":4},{"damage":8,"enemies":"3 Louse","floor":5,"turns":3},{"damage":15,"enemies":"Lagavulin","floor":6,"turns":5},{"damage":3,"enemies":"Blue Slaver","floor":10,"turns":2},{"damage":20,"enemies":"3 Sentries","floor":12,"turns":7},{"damage":28,"enemies":"Gremlin Nob","floor":14,"turns":4},{"damage":33,"enemies":"Slime Boss","floor":16,"turns":7},{"damage":14,"enemies":"Shell Parasite","floor":18,"turns":5},{"damage":12,"enemies":"3 Byrds","floor":19,"turns":3},{"damage":49,"enemies":"Snecko","floor":30,"turns":6},{"damage":28,"enemies":"Snake Plant","floor":31,"turns":4},{"damage":73,"enemies":"Automaton","floor":33,"turns":10},{"damage":8,"enemies":"Orb Walker","floor":35,"turns":4},{"damage":25,"enemies":"3 Shapes","floor":37,"turns":4},{"damage":31,"enemies":"Mind Bloom Boss Battle","floor":38,"turns":7},{"damage":62,"enemies":"Jaw Worm Horde","floor":39,"turns":6},{"damage":27,"enemies":"4 Shapes","floor":41,"turns":6},{"damage":77,"enemies":"Transient","floor":42,"turns":4}],"seed_played":"-2520569331555616055","potions_obtained":[{"floor":2,"key":"GamblersBrew"},{"floor":5,"key":"Poison Potion"},{"floor":6,"key":"Ancient Potion"},{"floor":16,"key":"Regen Potion"},{"floor":17,"key":"Weak Potion"},{"floor":30,"key":"Fire Potion"},{"floor":31,"key":"FocusPotion"},{"floor":35,"key":"Block Potion"},{"floor":39,"key":"Strength Potion"}],"is_trial":false,"path_per_floor":["M","M","M","?","M","E","?","R","T","M","$","E","R","E","R","B",null,"M","M","?","?","$","R","$","R","T","R","T","?","M","M","R","B",null,"M","$","M","?","M","R","M","M"],"character_chosen":"DEFECT","items_purchased":["Defragment","PreservedInsect"],"campfire_rested":6,"item_purchase_floors":[11,24],"current_hp_per_floor":[64,57,64,49,48,40,37,59,59,56,56,43,65,44,66,33,70,56,51,36,36,36,61,61,61,61,61,61,61,43,42,67,17,68,73,73,63,57,12,37,33,0],"gold":602,"neow_bonus":"BOSS_RELIC","is_prod":false,"is_daily":false,"chose_seed":false,"campfire_upgraded":1,"win_rate":0,"timestamp":1548957916,"path_taken":["M","M","?","?","M","E","?","R","T","M","$","E","R","E","R","BOSS","M","M","?","?","$","R","$","R","T","R","?","?","M","?","R","BOSS","M","$","M","?","M","R","M","M"],"build_version":"2019-01-23","purchased_purges":4,"victory":false,"max_hp_per_floor":[75,75,75,75,75,75,75,75,75,75,75,75,75,75,75,75,80,80,80,85,85,85,85,85,85,85,85,85,85,85,85,85,85,85,85,85,85,85,85,85,85,85],"card_choices":[{"not_picked":["Streamline","Steam","Barrage"],"picked":"SKIP","floor":1},{"not_picked":["Rebound","Compile Driver"],"picked":"Self Repair","floor":2},{"not_picked":["Doom and Gloom","Auto Shields"],"picked":"Streamline","floor":3},{"not_picked":["Streamline","Ball Lightning","Turbo"],"picked":"SKIP","floor":5},{"not_picked":["Hello World","Go for the Eyes"],"picked":"Core Surge","floor":6},{"not_picked":["Conserve Battery","Reinforced Body"],"picked":"FTL","floor":10},{"not_picked":["Aggregate","Hologram","Chaos"],"picked":"SKIP","floor":12},{"not_picked":["Rebound","Beam Cell","Stack"],"picked":"SKIP","floor":14},{"not_picked":["Amplify","Hyperbeam"],"picked":"Creative AI","floor":16},{"not_picked":["Undo","Scrape"],"picked":"Gash","floor":17},{"not_picked":["Stack+1","Leap","Conserve Battery"],"picked":"SKIP","floor":18},{"not_picked":["Sunder","Turbo"],"picked":"BootSequence","floor":19},{"not_picked":["Loop+1","Hologram","Steam"],"picked":"SKIP","floor":30},{"not_picked":["Streamline","Turbo+1"],"picked":"FTL","floor":31},{"not_picked":["Multi-Cast","Buffer"],"picked":"Seek","floor":33},{"not_picked":["Hologram","Compile Driver"],"picked":"Conserve Battery+1","floor":35},{"not_picked":["Defragment","Tempest","Sunder"],"picked":"SKIP","floor":37},{"not_picked":["Streamline","Hello World"],"picked":"Force Field+1","floor":39},{"not_picked":["Streamline","Leap","Skim+1"],"picked":"SKIP","floor":41}],"player_experience":1079042,"relics_obtained":[{"floor":6,"key":"Smiling Mask"},{"floor":9,"key":"Bottled Lightning"},{"floor":12,"key":"Boot"},{"floor":14,"key":"Bronze Scales"},{"floor":26,"key":"Oddly Smooth Stone"},{"floor":27,"key":"Art of War"},{"floor":28,"key":"War Paint"},{"floor":38,"key":"Old Coin"}],"event_choices":[{"damage_healed":0,"gold_gain":0,"player_choice":"Entered Light","damage_taken":15,"max_hp_gain":0,"max_hp_loss":0,"event_name":"Shining Light","floor":4,"gold_loss":0,"cards_upgraded":["Dualcast","Zap"]},{"damage_healed":0,"gold_gain":0,"player_choice":"Success","damage_taken":3,"relics_obtained":["Shovel"],"max_hp_gain":0,"max_hp_loss":0,"event_name":"Scrap Ooze","floor":7,"gold_loss":0},{"damage_healed":0,"gold_gain":0,"player_choice":"Shed Blood","damage_taken":20,"max_hp_gain":5,"max_hp_loss":0,"event_name":"Forgotten Altar","floor":20,"gold_loss":0},{"damage_healed":0,"gold_gain":0,"player_choice":"Obtained Relic","damage_taken":0,"relics_obtained":["Bird Faced Urn"],"max_hp_gain":0,"max_hp_loss":0,"event_name":"Addict","floor":21,"gold_loss":85},{"damage_healed":0,"gold_gain":0,"player_choice":"1 cards matched","damage_taken":0,"max_hp_gain":0,"max_hp_loss":0,"event_name":"Match and Keep!","floor":29,"gold_loss":0,"cards_obtained":["Gash"]},{"damage_healed":0,"gold_gain":0,"player_choice":"Fight","damage_taken":0,"max_hp_gain":0,"max_hp_loss":0,"event_name":"MindBloom","floor":38,"gold_loss":0}],"is_beta":false,"boss_relics":[{"not_picked":["Ectoplasm","Velvet Choker"],"picked":"Tiny House"},{"not_picked":["Black Star","Coffee Dripper"],"picked":"Nuclear Battery"}],"items_purged_floors":[11,22,24,36],"is_endless":false,"potions_floor_spawned":[2,5,6,16,30,31,33,35,39],"killed_by":"Transient","ascension_level":10}