{"gold_per_floor":[113,73,248,248,323,350,362,406,441,97,129,143,143,162,162,257,257,277,277,302,111,111,140,160,195,218,218,237,272,272,291,291,392,392,410,146,246,257,272,272,272],"floor_reached":41,"playtime":5755,"items_purged":["Doubt"],"score":770,"play_id":"f2357141-d3e4-4664-8bd1-b063e0a64b63","local_time":"20190224190138","is_ascension_mode":true,"campfire_choices":[{"floor":13,"key":"REST"},{"floor":15,"key":"REST"},{"floor":27,"key":"REST"},{"data":"Echo Form","floor":30,"key":"SMITH"},{"floor":32,"key":"REST"},{"data":"Buffer","floor":40,"key":"SMITH"}],"neow_cost":"NONE","seed_source_timestamp":864711496278400,"circlet_count":0,"master_deck":["Zap","Dualcast","Genetic Algorithm+1","Glacier","Capacitor","Reinforced Body","Electrodynamics","Echo Form+1","Conserve Battery","FTL","Go for the Eyes","Fission+1","Barrage+1","Ghostly","Ghostly","Ghostly","Ghostly","Ghostly","Defragment","Necronomicurse","Tempest+1","Coolheaded","Turbo+1","Cold Snap","Creative AI","Meteor Strike","Steam Power","Double Energy","Stack","Buffer+1","Glacier","Loop","Cold Snap","Skim","FTL+1","Loop","Ball Lightning+1","Flame Barrier"],"relics":["Cracked Core","Shuriken","MawBank","Kunai","Vajra","Tiny Chest","Centennial Puzzle","Inserter","War Paint","Happy Flower","Necronomicon","Ornamental Fan","Bronze Scales","Regal Pillow","PreservedInsect","Pandora\u0027s Box","PrismaticShard"],"potions_floor_usage":[8,8,11,18,28,29,33,41,41],"damage_taken":[{"damage":0,"enemies":"Cultist","floor":1,"turns":3},{"damage":32,"enemies":"Lagavulin","floor":6,"turns":9},{"damage":2,"enemies":"3 Sentries","floor":8,"turns":13},{"damage":0,"enemies":"Lagavulin","floor":11,"turns":9},{"damage":0,"enemies":"Small Slimes","floor":12,"turns":3},{"damage":0,"enemies":"Jaw Worm","floor":14,"turns":5},{"damage":23,"enemies":"The Guardian","floor":16,"turns":13},{"damage":6,"enemies":"Chosen","floor":18,"turns":8},{"damage":3,"enemies":"Slavers","floor":23,"turns":8},{"damage":1,"enemies":"Spheric Guardian","floor":24,"turns":5},{"damage":0,"enemies":"Gremlin Leader","floor":25,"turns":8},{"damage":0,"enemies":"Centurion and Healer","floor":28,"turns":4},{"damage":11,"enemies":"Book of Stabbing","floor":29,"turns":8},{"damage":13,"enemies":"Snake Plant","floor":31,"turns":2},{"damage":12,"enemies":"Automaton","floor":33,"turns":10},{"damage":1,"enemies":"3 Darklings","floor":35,"turns":5},{"damage":3,"enemies":"3 Shapes","floor":38,"turns":6},{"damage":0,"enemies":"Maw","floor":39,"turns":9},{"damage":41,"enemies":"Reptomancer","floor":41,"turns":2}],"seed_played":"247187912468352429","potions_obtained":[{"floor":1,"key":"Fire Potion"},{"floor":6,"key":"Dexterity Potion"},{"floor":8,"key":"PowerPotion"},{"floor":14,"key":"Weak Potion"},{"floor":16,"key":"SpeedPotion"},{"floor":23,"key":"Energy Potion"},{"floor":28,"key":"EssenceOfSteel"},{"floor":31,"key":"SkillPotion"},{"floor":33,"key":"Energy Potion"},{"floor":38,"key":"EssenceOfSteel"}],"is_trial":false,"path_per_floor":["M","$","?","?","?","E","?","E","T","$","E","M","R","M","R","B",null,"M","?","T","$","?","E","M","E","T","R","M","E","R","M","R","B",null,"M","$","?","M","M","R","E"],"character_chosen":"DEFECT","items_purchased":["Capacitor","Tiny Chest","Echo Form","Defragment","Happy Flower","PrismaticShard","Loop"],"campfire_rested":4,"item_purchase_floors":[2,10,10,21,21,36,36],"current_hp_per_floor":[68,68,68,61,50,18,18,16,16,16,16,16,38,38,60,37,66,60,37,37,37,21,18,17,17,17,37,37,26,26,13,37,25,34,33,33,33,30,30,30,0],"gold":272,"neow_bonus":"THREE_CARDS","is_prod":false,"is_daily":false,"chose_seed":false,"campfire_upgraded":2,"win_rate":0,"timestamp":1551052898,"path_taken":["M","?","?","?","?","E","?","E","T","$","E","?","R","M","R","BOSS","M","?","?","$","?","E","M","E","T","R","M","E","R","?","R","BOSS","M","$","?","M","?","R","E"],"build_version":"2019-01-23","purchased_purges":1,"victory":false,"max_hp_per_floor":[75,75,75,75,75,75,75,75,75,75,75,75,75,75,75,75,75,75,37,37,37,37,37,37,37,37,37,37,37,37,37,37,37,37,37,37,37,37,37,37,37],"card_choices":[{"not_picked":["Rip and Tear","Cold Snap"],"picked":"Genetic Algorithm","floor":0},{"not_picked":["Capacitor","Consume"],"picked":"Glacier","floor":1},{"not_picked":["Turbo","Stack"],"picked":"Reinforced Body","floor":6},{"not_picked":["Defragment","Turbo"],"picked":"Electrodynamics","floor":8},{"not_picked":["Leap","Machine Learning"],"picked":"Conserve Battery","floor":11},{"not_picked":["Sunder","Self Repair"],"picked":"FTL","floor":12},{"not_picked":["Hologram","Redo"],"picked":"Go for the Eyes","floor":14},{"not_picked":["Amplify","Hyperbeam"],"picked":"Fission","floor":16},{"not_picked":["Leap+1","Beam Cell"],"picked":"Barrage+1","floor":18},{"not_picked":["Scrape","Reboot"],"picked":"Tempest+1","floor":23},{"not_picked":["Beam Cell","Compile Driver","Steam+1"],"picked":"SKIP","floor":24},{"not_picked":["Force Field+1","Steam"],"picked":"Coolheaded","floor":25},{"not_picked":["Scrape+1","Rip and Tear+1"],"picked":"Turbo+1","floor":28},{"not_picked":["Hologram","Redo"],"picked":"Cold Snap","floor":29},{"not_picked":["Steam Power","Leap+1"],"picked":"Creative AI","floor":31},{"not_picked":["Core Surge","Reboot"],"picked":"Meteor Strike","floor":33},{"not_picked":["Redo","Rip and Tear"],"picked":"FTL+1","floor":35},{"not_picked":["Warcry+1","Leap"],"picked":"Ball Lightning+1","floor":38},{"not_picked":["Redo","Warcry+1"],"picked":"Flame Barrier","floor":39}],"player_experience":556575,"relics_obtained":[{"floor":6,"key":"MawBank"},{"floor":8,"key":"Kunai"},{"floor":9,"key":"Vajra"},{"floor":11,"key":"Centennial Puzzle"},{"floor":20,"key":"War Paint"},{"floor":22,"key":"Necronomicon"},{"floor":23,"key":"Ornamental Fan"},{"floor":25,"key":"Bronze Scales"},{"floor":26,"key":"Regal Pillow"},{"floor":29,"key":"PreservedInsect"}],"event_choices":[{"damage_healed":0,"gold_gain":175,"player_choice":"AGREE","damage_taken":0,"max_hp_gain":0,"max_hp_loss":0,"event_name":"Liars Game","floor":3,"gold_loss":0,"cards_obtained":["Doubt"]},{"damage_healed":0,"gold_gain":0,"player_choice":"Success","damage_taken":7,"relics_obtained":["Shuriken"],"max_hp_gain":0,"max_hp_loss":0,"event_name":"Scrap Ooze","floor":4,"gold_loss":0},{"damage_healed":0,"gold_gain":75,"player_choice":"Gather Gold","damage_taken":11,"max_hp_gain":0,"max_hp_loss":0,"event_name":"World of Goop","floor":5,"gold_loss":0},{"damage_healed":0,"gold_gain":0,"player_choice":"Upgraded","damage_taken":0,"max_hp_gain":0,"max_hp_loss":0,"event_name":"Upgrade Shrine","floor":7,"gold_loss":0,"cards_upgraded":["Genetic Algorithm"]},{"damage_healed":0,"gold_gain":0,"player_choice":"Became a Ghost","damage_taken":0,"max_hp_gain":0,"max_hp_loss":38,"event_name":"Ghosts","floor":19,"gold_loss":0,"cards_obtained":["Ghostly","Ghostly","Ghostly","Ghostly","Ghostly"]},{"damage_healed":0,"gold_gain":0,"player_choice":"Obtained Book","damage_taken":16,"max_hp_gain":0,"max_hp_loss":0,"event_name":"Cursed Tome","floor":22,"gold_loss":0},{"damage_healed":0,"gold_gain":100,"player_choice":"Pray","damage_taken":0,"max_hp_gain":0,"max_hp_loss":0,"event_name":"Golden Shrine","floor":37,"gold_loss":0}],"is_beta":false,"boss_relics":[{"not_picked":["Velvet Choker","Ectoplasm"],"picked":"Inserter"},{"not_picked":["Tiny House","Calling Bell"],"picked":"Pandora\u0027s Box"}],"items_purged_floors":[10],"is_endless":false,"potions_floor_spawned":[1,6,8,14,16,23,28,31,33,38,39],"killed_by":"Reptomancer","ascension_level":7}