{"path_per_floor":["M","M","M","?","M","R","$","R","T","$","T","M","?","M","R","B",null,"M","M","$","?","$","R","?","M","T","$","T","R","M","M","R"],"character_chosen":"THE_SILENT","items_purchased":["Bullet Time","Noxious Fumes","Footwork","PiercingWail","Dodge and Roll","PiercingWail","Acrobatics"],"gold_per_floor":[112,124,136,136,146,146,10,10,86,17,64,79,79,92,92,188,188,198,216,63,63,63,63,63,75,126,50,50,50,67,86,86],"floor_reached":33,"campfire_rested":4,"playtime":1858,"current_hp_per_floor":[66,66,65,65,65,65,65,65,65,65,65,64,50,48,69,27,70,64,36,36,36,36,57,57,36,36,36,36,57,6,18,39],"items_purged":[],"gold":86,"play_id":"1fc6a6a0-0d58-4561-ae3f-707c0bed1b91","is_prod":false,"is_daily":false,"is_ascension_mode":false,"campfire_upgraded":2,"path_taken":["M","?","?","?","M","R","$","R","T","$","?","M","?","M","R","BOSS","M","M","$","?","$","R","?","M","T","?","?","R","M","?","R","BOSS"],"build_version":"2018-02-01-PROD3","purchased_purges":0,"victory":false,"master_deck":["Defend_G","Defend_G","Defend_G+1","Defend_G","Defend_G","Strike_G","Strike_G+1","Survivor","Neutralize","Injury","Poisoned Stab+1","Outmaneuver","Leg Sweep+1","Flying Knee","Bullet Time+1","Noxious Fumes","Distraction+1","Flying Knee","A Thousand Cuts","A Thousand Cuts","Backstab+1","Bouncing Flask+1","A Thousand Cuts+1","Well Laid Plans","Caltrops+1","Footwork","PiercingWail","Dodge and Roll","PiercingWail","Leg Sweep+1","Bouncing Flask","PiercingWail","Acrobatics","Blur","Prepared","Flying Knee","Blur"],"max_hp_per_floor":[70,70,70,70,70,70,70,70,70,70,70,70,70,70,70,70,70,70,70,70,70,70,70,70,70,70,70,70,70,70,70,70],"relics":["Ring of the Snake","Unceasing Top","Ornamental Fan","Dream Catcher","Astrolabe","War Paint","Peace Pipe"],"card_choices":[{"not_picked":["Quick Slash","Sucker Punch"],"picked":"Poisoned Stab"},{"not_picked":["Malaise","Slice"],"picked":"Outmaneuver"},{"not_picked":["Choke","Backflip"],"picked":"Leg Sweep"},{"not_picked":["Bane","Deflect"],"picked":"Flying Knee"},{"not_picked":["Predator","Riddle With Holes"],"picked":"Distraction"},{"not_picked":["Choke","Acrobatics"],"picked":"Flying Knee"},{"not_picked":["Crippling Poison","Backflip"],"picked":"A Thousand Cuts"},{"not_picked":["Tactician","Unload"],"picked":"A Thousand Cuts"},{"not_picked":["Bane","Riddle With Holes"],"picked":"Well Laid Plans"},{"not_picked":["Footwork","Crippling Poison"],"picked":"Caltrops"},{"not_picked":["Dagger Spray","Slice"],"picked":"PiercingWail"},{"not_picked":["Catalyst","Flying Knee"],"picked":"Bouncing Flask"},{"not_picked":["Bouncing Flask","Wraith Form"],"picked":"Blur"},{"not_picked":["PiercingWail","Calculated Gamble"],"picked":"Prepared"},{"not_picked":["Acrobatics","All Out Attack"],"picked":"Flying Knee"},{"not_picked":["Outmaneuver","Bane"],"picked":"Blur"}],"player_experience":47134,"potions_floor_usage":[30,30,31],"damage_taken":[{"damage":4.0,"enemies":"Blue Slaver","floor":1.0,"turns":5.0},{"damage":0.0,"enemies":"2 Louse","floor":2.0,"turns":3.0},{"damage":1.0,"enemies":"Cultist","floor":3.0,"turns":5.0},{"damage":0.0,"enemies":"3 Louse","floor":5.0,"turns":5.0},{"damage":1.0,"enemies":"2 Fungi Beasts","floor":12.0,"turns":4.0},{"damage":2.0,"enemies":"Large Slime","floor":14.0,"turns":5.0},{"damage":42.0,"enemies":"Hexaghost","floor":16.0,"turns":10.0},{"damage":6.0,"enemies":"Shell Parasite","floor":18.0,"turns":5.0},{"damage":28,"enemies":"Chosen","floor":19,"turns":5},{"damage":21,"enemies":"Centurion and Healer","floor":25,"turns":7},{"damage":51,"enemies":"Cultist and Chosen","floor":30,"turns":8},{"damage":0,"enemies":"Snake Plant","floor":31,"turns":4},{"damage":73,"enemies":"Automaton","floor":33,"turns":6}],"event_choices":[{"event_name":"Upgrade Shrine","player_choice":"Upgraded","floor":4.0,"damage_taken":0.0},{"event_name":"Shining Light","player_choice":"Entered Light","floor":13.0,"damage_taken":0.0},{"event_name":"Addict","player_choice":"Ignored","floor":21,"damage_taken":0},{"event_name":"The Library","player_choice":"Read","floor":24,"damage_taken":0}],"boss_relics":[],"potions_floor_spawned":[2,3,25,30,31],"seed_played":"4049700343917483427","killed_by":"Automaton","ascension_level":0,"is_trial":false}