{"path_per_floor":["M","?","M","$","?","R","M","R","T","M","R","?","E","$","R","B",null,"M","?","$","?","T","M","R","M","T","M","M","R","?","$","R","B",null,"M","M","$","?","?","R","?","$","T","M","M","M","?","M","R"],"character_chosen":"IRONCLAD","items_purchased":["Shrug It Off","Vajra","Sword Boomerang","Metallicize","Pummel","Twin Strike","Twin Strike","Wild Strike"],"gold_per_floor":[118,118,141,16,91,91,110,110,137,158,158,158,223,73,73,192,192,205,205,5,5,50,69,69,87,134,153,168,168,168,85,85,208,208,233,247,68,68,68,68,68,20,44,64,89,108,108,121,121],"floor_reached":50,"campfire_rested":2,"playtime":1852,"current_hp_per_floor":[85,63,69,69,58,58,50,50,50,53,53,53,39,39,65,33,88,69,69,69,69,69,65,65,53,53,23,40,40,40,40,81,19,88,61,39,39,88,77,77,77,77,77,68,47,10,77,77,77],"items_purged":["Defend_R","Defend_R","Defend_R"],"gold":121,"score":579,"play_id":"b6d50550-8469-476e-869e-e82a275000f4","local_time":"20180317212232","is_prod":false,"is_daily":false,"is_ascension_mode":true,"campfire_upgraded":7,"timestamp":1521336152,"path_taken":["M","?","M","$","?","R","M","R","T","?","R","?","E","$","R","BOSS","M","?","$","?","?","M","R","M","T","?","M","R","?","?","R","BOSS","M","M","$","?","?","R","?","$","T","?","M","M","?","?","R","BOSS"],"build_version":"2018-03-15v3","purchased_purges":5,"victory":false,"master_deck":["Strike_R+1","Strike_R","Strike_R","Strike_R","Strike_R+1","Bash+1","Perfected Strike+1","Pummel+1","Shrug It Off","Rampage+1","Inflame+1","Reaper","Twin Strike","Sword Boomerang","Metallicize","Sword Boomerang+1","Pommel Strike","Pummel","Twin Strike","Demon Form+1","Sword Boomerang+1","Heavy Blade+1","Twin Strike","Madness","Madness","Wild Strike","Shrug It Off+1","Twin Strike"],"max_hp_per_floor":[88,88,88,88,88,88,88,88,88,88,88,88,88,88,88,88,88,88,88,88,88,88,88,88,88,88,88,88,88,88,88,88,88,88,88,88,88,88,88,88,88,88,88,88,88,88,77,77,77],"relics":["Burning Blood","Golden Idol","Whetstone","Tiny Chest","Vajra","Velvet Choker","Oddly Smooth Stone","Regal Pillow","Bag of Marbles","Sozu","Prayer Wheel"],"card_choices":[{"not_picked":["Blood for Blood","Anger"],"picked":"Perfected Strike"},{"not_picked":["Cleave","Blood for Blood"],"picked":"Pummel"},{"not_picked":["Cleave","Seeing Red"],"picked":"Inflame"},{"not_picked":["Juggernaut","Berserk"],"picked":"Reaper"},{"not_picked":["Uppercut","True Grit"],"picked":"Twin Strike"},{"not_picked":["Carnage","Armaments"],"picked":"Sword Boomerang"},{"not_picked":["True Grit","Thunderclap"],"picked":"Pommel Strike"},{"not_picked":["Anger","Headbutt"],"picked":"Pummel"},{"not_picked":["Exhume","Barricade"],"picked":"Demon Form"},{"not_picked":["Reckless Charge","Ghostly Armor"],"picked":"Sword Boomerang"},{"not_picked":["Searing Blow","Rage"],"picked":"Heavy Blade"},{"not_picked":["Searing Blow","Clash"],"picked":"Shrug It Off"},{"not_picked":["Headbutt","Sever Soul"],"picked":"Twin Strike"}],"player_experience":288184,"potions_floor_usage":[16,28,33,35],"damage_taken":[{"damage":9,"enemies":"2 Louse","floor":1,"turns":3},{"damage":0,"enemies":"Small Slimes","floor":3,"turns":3},{"damage":14,"enemies":"Jaw Worm","floor":7,"turns":3},{"damage":3,"enemies":"Looter","floor":10,"turns":2},{"damage":20,"enemies":"Gremlin Nob","floor":13,"turns":4},{"damage":38,"enemies":"Hexaghost","floor":16,"turns":7},{"damage":25,"enemies":"2 Thieves","floor":18,"turns":4},{"damage":11,"enemies":"Spheric Guardian","floor":23,"turns":3},{"damage":18,"enemies":"Snecko","floor":25,"turns":3},{"damage":36,"enemies":"Snake Plant","floor":27,"turns":3},{"damage":9,"enemies":"Centurion and Healer","floor":28,"turns":3},{"damage":68,"enemies":"Collector","floor":33,"turns":7},{"damage":33,"enemies":"3 Darklings","floor":35,"turns":5},{"damage":49,"enemies":"3 Shapes","floor":36,"turns":3},{"damage":15,"enemies":"Maw","floor":44,"turns":5},{"damage":27,"enemies":"Sphere and 2 Shapes","floor":45,"turns":4},{"damage":71,"enemies":"4 Shapes","floor":46,"turns":7},{"damage":36,"enemies":"3 Darklings","floor":48,"turns":3},{"damage":99,"enemies":"Donu and Deca","floor":50,"turns":4}],"event_choices":[{"event_name":"Golden Idol","player_choice":"Take Damage","floor":2,"damage_taken":0},{"event_name":"World of Goop","player_choice":"Gather Gold","floor":5,"damage_taken":0},{"event_name":"Transmorgrifier","player_choice":"Transform","floor":12,"damage_taken":0},{"event_name":"Accursed Blacksmith","player_choice":"Rummage","floor":19,"damage_taken":0},{"event_name":"Drug Dealer","player_choice":"Ignored","floor":21,"damage_taken":0},{"event_name":"The Woman in Blue","player_choice":"Bought 0 Potions","floor":30,"damage_taken":0},{"event_name":"Bonfire Elementals","player_choice":"UNCOMMON","floor":38,"damage_taken":0},{"event_name":"Winding Halls","player_choice":"Embrace Madness","floor":39,"damage_taken":0},{"event_name":"Mysterious Sphere","player_choice":"Ignore","floor":41,"damage_taken":0},{"event_name":"The Moai Head","player_choice":"Heal","floor":47,"damage_taken":0}],"boss_relics":[{"not_picked":["Runic Pyramid","Calling Bell"],"picked":"Velvet Choker"},{"not_picked":["Question Card","Runic Cube"],"picked":"Sozu"}],"potions_floor_spawned":[1,7,13,16,18,25,46,48],"seed_played":"6891872780364712283","killed_by":"Donu and Deca","ascension_level":4,"is_trial":false}