{"gold_per_floor":[109,120,195,195,214,214,245,245,245,245,268,20,41,61,61,184,184,207,207,8,21,39,39,72,72,97,114,127,51,69,21,21,126,126,142,42,58,58,74,74,93,104,134,134,64,64,64],"floor_reached":47,"playtime":1905,"items_purged":["Pain","Streamline"],"score":521,"play_id":"efabe61e-f1a1-44a8-bf0d-2dc8e030f943","local_time":"20181020221338","is_ascension_mode":true,"campfire_choices":[{"data":"Thunder Strike","floor":6,"key":"SMITH"},{"floor":15,"key":"REST"},{"floor":32,"key":"REST"},{"floor":40,"key":"REST"},{"floor":44,"key":"REST"}],"neow_cost":"NONE","seed_source_timestamp":930733170629975,"circlet_count":0,"master_deck":["Strike_B","Strike_B","Defend_B","Defend_B","Defend_B","Defend_B","Zap","Dualcast","Purity","Sunder","Thunder Strike+1","Redo","Leap","Ball Lightning","Electrodynamics","Storm+1","Storm","Ball Lightning","Hologram","Ball Lightning+1","RitualDagger","Reinforced Body","Buffer","Stack","Ball Lightning+1","Chrysalis","Hologram+1","Lockon+1"],"relics":["Cracked Core","WarpedTongs","Cables","Dodecahedron","Anchor","Bloody Idol","Pear","Velvet Choker","Nloth\u0027s Gift","Happy Flower","Molten Egg 2","Empty Cage","Tiny Chest"],"potions_floor_usage":[7,24,24,24,47],"damage_taken":[{"damage":1,"enemies":"Cultist","floor":1,"turns":3},{"damage":0,"enemies":"2 Louse","floor":2,"turns":1},{"damage":2,"enemies":"Small Slimes","floor":5,"turns":2},{"damage":21,"enemies":"Gremlin Nob","floor":7,"turns":4},{"damage":7,"enemies":"Gremlin Gang","floor":11,"turns":4},{"damage":2,"enemies":"Red Slaver","floor":13,"turns":2},{"damage":0,"enemies":"Exordium Thugs","floor":14,"turns":2},{"damage":41,"enemies":"Hexaghost","floor":16,"turns":10},{"damage":9,"enemies":"Shell Parasite","floor":18,"turns":4},{"damage":10,"enemies":"Spheric Guardian","floor":21,"turns":3},{"damage":0,"enemies":"Cultist and Chosen","floor":22,"turns":4},{"damage":24,"enemies":"Slavers","floor":24,"turns":3},{"damage":11,"enemies":"Snake Plant","floor":27,"turns":2},{"damage":10,"enemies":"Centurion and Healer","floor":28,"turns":4},{"damage":21,"enemies":"3 Cultists","floor":30,"turns":4},{"damage":32,"enemies":"Automaton","floor":33,"turns":6},{"damage":4,"enemies":"3 Darklings","floor":35,"turns":2},{"damage":0,"enemies":"3 Shapes","floor":37,"turns":2},{"damage":58,"enemies":"Spire Growth","floor":39,"turns":5},{"damage":25,"enemies":"4 Shapes","floor":41,"turns":4},{"damage":32,"enemies":"Maw","floor":42,"turns":6},{"damage":40,"enemies":"Writhing Mass","floor":47,"turns":4}],"seed_played":"-4291101446989803259","potions_obtained":[{"floor":1,"key":"Poison Potion"},{"floor":2,"key":"AttackPotion"},{"floor":13,"key":"SkillPotion"},{"floor":18,"key":"SkillPotion"},{"floor":42,"key":"Swift Potion"}],"is_trial":false,"path_per_floor":["M","M","?","?","M","R","E","T","T","?","M","$","M","M","R","B",null,"M","?","$","M","M","?","E","?","T","M","M","?","M","$","R","B",null,"M","$","M","?","M","R","M","M","T","R","$","?"],"character_chosen":"DEFECT","items_purchased":["Pear","Storm","Ball Lightning","Ball Lightning+1","Lockon+1"],"campfire_rested":4,"item_purchase_floors":[12,20,20,31,45],"current_hp_per_floor":[74,74,63,63,61,61,40,40,40,22,15,25,23,23,48,7,85,76,76,76,71,76,70,51,51,56,50,45,45,29,29,54,27,85,85,85,85,85,32,57,37,10,15,40,40,40,0],"gold":64,"neow_bonus":"RANDOM_COLORLESS","is_prod":false,"is_daily":false,"chose_seed":false,"campfire_upgraded":1,"win_rate":0,"timestamp":1540088018,"path_taken":["M","M","?","?","?","R","E","?","T","?","M","$","M","M","R","BOSS","M","?","$","M","M","?","E","?","T","?","M","?","M","?","R","BOSS","M","$","M","?","M","R","M","M","T","R","?","?","?"],"build_version":"2018-10-18","purchased_purges":2,"victory":false,"max_hp_per_floor":[75,75,75,75,75,75,75,75,75,75,75,85,85,85,85,85,85,85,85,85,85,85,85,85,85,85,85,85,85,85,85,85,85,85,85,85,85,85,85,85,85,85,85,85,85,85,85],"card_choices":[{"not_picked":["Rip and Tear","Compile Driver"],"picked":"Sunder","floor":1},{"not_picked":["Conserve Battery","Compile Driver"],"picked":"Streamline","floor":2},{"not_picked":["Genetic Algorithm","Beam Cell"],"picked":"Thunder Strike","floor":5},{"not_picked":["Hologram","Lockon"],"picked":"Redo","floor":7},{"not_picked":["Compile Driver","Steam","Gash"],"picked":"SKIP","floor":11},{"not_picked":["Streamline","Cold Snap"],"picked":"Leap","floor":13},{"not_picked":["White Noise","Streamline"],"picked":"Ball Lightning","floor":14},{"not_picked":["Meteor Strike","Creative AI"],"picked":"Electrodynamics","floor":16},{"not_picked":["Rebound","Sweeping Beam"],"picked":"Storm+1","floor":18},{"not_picked":["Streamline+1","Go for the Eyes"],"picked":"Hologram","floor":21},{"not_picked":["Stack","Streamline"],"picked":"Ball Lightning+1","floor":22},{"not_picked":["Beam Cell","Go for the Eyes","FTL"],"picked":"SKIP","floor":24},{"not_picked":["White Noise+1","Skim"],"picked":"Reinforced Body","floor":27},{"not_picked":["Leap","Hyperbeam"],"picked":"Buffer","floor":28},{"not_picked":["Beam Cell+1","Sunder+1"],"picked":"Stack","floor":30},{"not_picked":["FTL+1","Heatsinks+1","Leap+1"],"picked":"SKIP","floor":35},{"not_picked":["Barrage+1","Conserve Battery+1","Reprogram+1"],"picked":"SKIP","floor":37},{"not_picked":["Purity","Sadistic Nature"],"picked":"Chrysalis","floor":38},{"not_picked":["Fusion+1","Gash+1","Streamline+1"],"picked":"SKIP","floor":39},{"not_picked":["Hello World","Redo"],"picked":"Hologram+1","floor":41},{"not_picked":["Steam","Coolheaded","Turbo"],"picked":"SKIP","floor":42}],"player_experience":651949,"relics_obtained":[{"floor":7,"key":"Cables"},{"floor":8,"key":"Dodecahedron"},{"floor":9,"key":"Anchor"},{"floor":24,"key":"Potion Belt"},{"floor":26,"key":"Happy Flower"},{"floor":43,"key":"Tiny Chest"}],"event_choices":[{"damage_healed":0,"gold_gain":75,"player_choice":"Gather Gold","damage_taken":11,"max_hp_gain":0,"max_hp_loss":0,"event_name":"World of Goop","floor":3,"gold_loss":0},{"damage_healed":0,"gold_gain":0,"player_choice":"Rummage","damage_taken":0,"relics_obtained":["WarpedTongs"],"max_hp_gain":0,"max_hp_loss":0,"event_name":"Accursed Blacksmith","floor":4,"gold_loss":0,"cards_obtained":["Pain"]},{"damage_healed":0,"gold_gain":0,"player_choice":"Take Damage","damage_taken":18,"relics_obtained":["Golden Idol"],"max_hp_gain":0,"max_hp_loss":0,"event_name":"Golden Idol","floor":10,"gold_loss":0},{"damage_healed":0,"gold_gain":0,"player_choice":"Gave Idol","damage_taken":0,"relics_obtained":["Bloody Idol"],"max_hp_gain":0,"max_hp_loss":0,"event_name":"Forgotten Altar","floor":19,"relics_lost":["Golden Idol"],"gold_loss":0},{"damage_healed":0,"gold_gain":0,"player_choice":"Joined the Cult","damage_taken":6,"max_hp_gain":0,"max_hp_loss":0,"event_name":"Nest","floor":23,"gold_loss":0,"cards_obtained":["RitualDagger"]},{"damage_healed":0,"gold_gain":0,"player_choice":"Traded Relic","damage_taken":0,"relics_obtained":["Nloth\u0027s Gift"],"max_hp_gain":0,"max_hp_loss":0,"event_name":"N\u0027loth","floor":25,"relics_lost":["Potion Belt"],"gold_loss":0},{"damage_healed":0,"gold_gain":0,"player_choice":"Paid Gold","damage_taken":0,"relics_obtained":["Molten Egg 2"],"max_hp_gain":0,"max_hp_loss":0,"event_name":"WeMeetAgain","floor":29,"gold_loss":76},{"damage_healed":0,"gold_gain":0,"player_choice":"Memory 1","damage_taken":0,"max_hp_gain":0,"max_hp_loss":0,"event_name":"SensoryStone","floor":38,"gold_loss":0},{"damage_healed":0,"gold_gain":0,"player_choice":"Ignored","damage_taken":0,"max_hp_gain":0,"max_hp_loss":0,"event_name":"Mysterious Sphere","floor":46,"gold_loss":0}],"is_beta":false,"boss_relics":[{"not_picked":["FrozenCore","Fusion Hammer"],"picked":"Velvet Choker"},{"not_picked":["Nuclear Battery","Runic Pyramid"],"picked":"Empty Cage"}],"items_purged_floors":[20,36],"is_endless":false,"potions_floor_spawned":[1,2,13,18,42],"killed_by":"Writhing Mass","ascension_level":1}