{"gold_per_floor":[111,111,127,139,155,155,80,96,119,294,145,145,160,222,222,317,317,330,340,17,35,35],"floor_reached":22,"playtime":2521,"items_purged":["Strike_R","Doubt","Strike_R"],"score":178,"play_id":"8aadc118-5b4c-42fb-9e1a-3973d8f65f41","local_time":"20190123213124","is_ascension_mode":false,"campfire_choices":[{"data":"Whirlwind","floor":6,"key":"SMITH"},{"data":"True Grit","floor":12,"key":"SMITH"},{"data":"Armaments","floor":15,"key":"SMITH"}],"neow_cost":"PERCENT_DAMAGE","seed_source_timestamp":294066501334352,"circlet_count":0,"master_deck":["Strike_R","Strike_R","Strike_R","Defend_R","Defend_R","Defend_R","Defend_R","Bash","Forethought","Mind Blast","Whirlwind+1","Warcry","Thunderclap","Spot Weakness","Metallicize","True Grit+1","Shrug It Off","Armaments+1","Barricade","Entrench","Rage+1"],"relics":["Burning Blood","Anchor","Bag of Marbles","Philosopher\u0027s Stone","PrismaticShard"],"potions_floor_usage":[8,8,14,14,16,22],"damage_taken":[{"damage":1,"enemies":"2 Louse","floor":1,"turns":3},{"damage":10,"enemies":"Cultist","floor":3,"turns":4},{"damage":3,"enemies":"Small Slimes","floor":4,"turns":3},{"damage":16,"enemies":"Blue Slaver","floor":5,"turns":5},{"damage":8,"enemies":"Large Slime","floor":8,"turns":7},{"damage":13,"enemies":"Exordium Thugs","floor":13,"turns":5},{"damage":3,"enemies":"3 Sentries","floor":14,"turns":7},{"damage":2,"enemies":"Slime Boss","floor":16,"turns":10},{"damage":10,"enemies":"3 Byrds","floor":18,"turns":4},{"damage":28,"enemies":"Chosen","floor":19,"turns":6},{"damage":11,"enemies":"Centurion and Healer","floor":21,"turns":11},{"damage":79,"enemies":"Chosen and Byrds","floor":22,"turns":10}],"seed_played":"7306140062083857753","potions_obtained":[{"floor":1,"key":"Weak Potion"},{"floor":2,"key":"EssenceOfSteel"},{"floor":2,"key":"AttackPotion"},{"floor":3,"key":"Swift Potion"},{"floor":13,"key":"Block Potion"},{"floor":14,"key":"FearPotion"},{"floor":19,"key":"BloodPotion"}],"is_trial":false,"path_per_floor":["M","?","M","M","M","R","$","M","T","?","$","R","M","?","R","B",null,"M","M","$","M","M"],"character_chosen":"IRONCLAD","items_purchased":["True Grit","PrismaticShard"],"campfire_rested":0,"item_purchase_floors":[11,20],"current_hp_per_floor":[61,61,57,60,50,50,50,48,48,48,48,48,41,44,44,48,80,76,54,54,49,0],"gold":35,"neow_bonus":"RANDOM_COLORLESS_2","is_prod":false,"is_daily":false,"chose_seed":false,"campfire_upgraded":3,"win_rate":0,"timestamp":1548279084,"path_taken":["M","?","M","M","M","R","?","M","T","?","$","R","M","?","R","BOSS","M","M","$","M","M"],"build_version":"2019-01-23","purchased_purges":3,"victory":false,"max_hp_per_floor":[80,80,80,80,80,80,80,80,80,80,80,80,80,80,80,80,80,80,80,80,80,80],"card_choices":[{"not_picked":["Clothesline","Flex"],"picked":"Whirlwind","floor":1},{"not_picked":["Dual Wield","Intimidate"],"picked":"Warcry","floor":3},{"not_picked":["Havoc","Anger"],"picked":"Thunderclap","floor":4},{"not_picked":["Headbutt","Thunderclap"],"picked":"Spot Weakness","floor":5},{"not_picked":["Clothesline","Iron Wave"],"picked":"Metallicize","floor":8},{"not_picked":["True Grit","Flex"],"picked":"Shrug It Off","floor":13},{"not_picked":["Infernal Blade","Carnage"],"picked":"Armaments","floor":14},{"not_picked":["Demon Form","Bludgeon"],"picked":"Barricade","floor":16},{"not_picked":["Intimidate","Cleave","Warcry"],"picked":"SKIP","floor":18},{"not_picked":["Heavy Blade","Clash+1"],"picked":"Entrench","floor":19},{"not_picked":["Quick Slash","Entrench"],"picked":"Rage+1","floor":21}],"player_experience":331267,"relics_obtained":[{"floor":9,"key":"Anchor"},{"floor":14,"key":"Bag of Marbles"}],"event_choices":[{"damage_healed":0,"gold_gain":0,"player_choice":"Got Potions","damage_taken":0,"max_hp_gain":0,"max_hp_loss":0,"event_name":"Lab","floor":2,"gold_loss":0},{"damage_healed":0,"gold_gain":175,"player_choice":"AGREE","damage_taken":0,"max_hp_gain":0,"max_hp_loss":0,"event_name":"Liars Game","floor":10,"gold_loss":0,"cards_obtained":["Doubt"]},{"damage_healed":0,"gold_gain":30,"player_choice":"Searched \u00272\u0027 times","damage_taken":0,"max_hp_gain":0,"max_hp_loss":0,"event_name":"Dead Adventurer","floor":14,"gold_loss":0}],"is_beta":false,"boss_relics":[{"not_picked":["Busted Crown","Fusion Hammer"],"picked":"Philosopher\u0027s Stone"}],"items_purged_floors":[7,11,20],"is_endless":false,"potions_floor_spawned":[1,3,13,14,19],"killed_by":"Chosen and Byrds","ascension_level":0}