{"gold_per_floor":[113,126,141,91,31,31,63,83,113,38,56,69,69,102,102,205,205,220,240,100,100],"floor_reached":21,"playtime":10622,"items_purged":["Strike_B","Strike_B"],"score":306,"play_id":"8356a4a2-daa0-40dc-b812-9751f13c11b3","local_time":"20190212152930","is_ascension_mode":true,"campfire_choices":[{"data":"Zap","floor":6,"key":"SMITH"},{"floor":13,"key":"REST"},{"floor":15,"key":"REST"}],"neow_cost":"NONE","seed_source_timestamp":85680558531900,"circlet_count":0,"master_deck":["AscendersBane","Strike_B","Defend_B","Defend_B","Defend_B","Defend_B","Zap+1","Dualcast","Conserve Battery","Coolheaded","Streamline","Coolheaded","Capacitor","Sweeping Beam","Blizzard","Coolheaded","Gash","Capacitor","Electrodynamics","Chaos+1","Gash","Capacitor"],"relics":["Sozu","Dream Catcher","Letter Opener","Tiny Chest","Dodecahedron","Eternal Feather"],"potions_floor_usage":[],"damage_taken":[{"damage":2,"enemies":"2 Louse","floor":1,"turns":3},{"damage":0,"enemies":"Cultist","floor":2,"turns":4},{"damage":4,"enemies":"Small Slimes","floor":3,"turns":5},{"damage":30,"enemies":"3 Sentries","floor":7,"turns":8},{"damage":10,"enemies":"Blue Slaver","floor":8,"turns":3},{"damage":0,"enemies":"Looter","floor":11,"turns":3},{"damage":10,"enemies":"Exordium Thugs","floor":12,"turns":4},{"damage":10,"enemies":"Lagavulin","floor":14,"turns":7},{"damage":43,"enemies":"Slime Boss","floor":16,"turns":11},{"damage":32,"enemies":"2 Thieves","floor":18,"turns":5},{"damage":6,"enemies":"Shell Parasite","floor":19,"turns":7},{"damage":22,"enemies":"Shelled Parasite and Fungi","floor":21,"turns":2}],"seed_played":"909345170509908765","potions_obtained":[],"is_trial":false,"path_per_floor":["M","M","M","?","?","R","E","M","T","$","M","M","R","E","R","B",null,"M","M","$","M"],"character_chosen":"DEFECT","items_purchased":["Capacitor"],"campfire_rested":2,"item_purchase_floors":[20],"current_hp_per_floor":[66,66,62,62,62,62,32,22,22,22,22,12,34,24,46,3,57,25,19,19,0],"gold":100,"neow_bonus":"BOSS_RELIC","is_prod":false,"is_daily":false,"chose_seed":false,"campfire_upgraded":1,"win_rate":0,"timestamp":1550003370,"path_taken":["M","M","M","?","?","R","E","M","T","$","M","M","R","E","R","BOSS","M","M","$","M"],"build_version":"2019-01-23","purchased_purges":2,"victory":false,"max_hp_per_floor":[75,75,75,75,75,75,75,75,75,75,75,75,75,75,75,75,75,75,75,75,75],"card_choices":[{"not_picked":["Chaos","Blizzard"],"picked":"Conserve Battery","floor":1},{"not_picked":["Leap","White Noise"],"picked":"Coolheaded","floor":2},{"not_picked":["Ball Lightning","Redo"],"picked":"Streamline","floor":3},{"not_picked":["Redo","Steam"],"picked":"Coolheaded","floor":7},{"not_picked":["Fusion","Darkness"],"picked":"Capacitor","floor":8},{"not_picked":["Steam","Rebound"],"picked":"Sweeping Beam","floor":11},{"not_picked":["Streamline","Hologram"],"picked":"Blizzard","floor":12},{"not_picked":["Ball Lightning","Conserve Battery"],"picked":"Coolheaded","floor":13},{"not_picked":["Reboot","Barrage"],"picked":"Gash","floor":14},{"not_picked":["Ball Lightning","Recycle"],"picked":"Capacitor","floor":15},{"not_picked":["Seek","Rainbow"],"picked":"Electrodynamics","floor":16},{"not_picked":["Ball Lightning","Force Field"],"picked":"Chaos+1","floor":18},{"not_picked":["Redo+1","Ball Lightning"],"picked":"Gash","floor":19}],"player_experience":1172985,"relics_obtained":[{"floor":7,"key":"Letter Opener"},{"floor":9,"key":"Tiny Chest"},{"floor":14,"key":"Dodecahedron"}],"event_choices":[{"cards_removed":["Strike_B"],"damage_healed":0,"gold_gain":0,"player_choice":"Card Removal","damage_taken":0,"max_hp_gain":0,"max_hp_loss":0,"event_name":"The Cleric","floor":4,"gold_loss":50},{"damage_healed":0,"gold_gain":0,"player_choice":"Paid Gold","damage_taken":0,"relics_obtained":["Dream Catcher"],"max_hp_gain":0,"max_hp_loss":0,"event_name":"WeMeetAgain","floor":5,"gold_loss":60}],"is_beta":false,"boss_relics":[{"not_picked":["Tiny House","Velvet Choker"],"picked":"Eternal Feather"}],"items_purged_floors":[10,20],"is_endless":false,"potions_floor_spawned":[2,7,8,14,16,19],"killed_by":"Shelled Parasite and Fungi","ascension_level":12}