{"gold_per_floor":[119,119,139,139,156,156,182,192,243,14,43],"floor_reached":11,"playtime":604,"items_purged":["Strike_G"],"score":137,"play_id":"6bb6fe2e-593a-40e1-bf11-9cc1ded9b6cd","local_time":"20190303004106","is_ascension_mode":true,"campfire_choices":[{"data":"Riddle With Holes","floor":6,"key":"SMITH"}],"neow_cost":"NONE","seed_source_timestamp":278715768707243,"circlet_count":0,"master_deck":["AscendersBane","Defend_G","Defend_G","Defend_G","Defend_G","Defend_G","Strike_G","Strike_G","Strike_G","Survivor","Neutralize","Riddle With Holes+1","Flash of Steel","Escape Plan","Blade Dance","Dash"],"relics":["Ring of the Snake","Juzu Bracelet","Mummified Hand","Regal Pillow","Anchor","Pen Nib"],"potions_floor_usage":[7,8],"damage_taken":[{"damage":0,"enemies":"Small Slimes","floor":1,"turns":4},{"damage":1,"enemies":"Cultist","floor":3,"turns":3},{"damage":0,"enemies":"Jaw Worm","floor":5,"turns":4},{"damage":32,"enemies":"Gremlin Nob","floor":7,"turns":7},{"damage":0,"enemies":"Large Slime","floor":8,"turns":4},{"damage":29,"enemies":"Lagavulin","floor":11,"turns":7}],"seed_played":"495623024169675269","potions_obtained":[{"floor":1,"key":"Explosive Potion"},{"floor":3,"key":"Block Potion"},{"floor":11,"key":"Ancient Potion"}],"is_trial":false,"path_per_floor":["M","?","M","?","M","R","E","M","T","$","E"],"character_chosen":"THE_SILENT","items_purchased":["Anchor"],"campfire_rested":0,"item_purchase_floors":[10],"current_hp_per_floor":[63,63,62,62,62,62,30,30,30,30,1],"gold":43,"neow_bonus":"RANDOM_COMMON_RELIC","is_prod":false,"is_daily":false,"chose_seed":false,"campfire_upgraded":1,"win_rate":0,"timestamp":1551591666,"path_taken":["M","?","M","?","M","R","E","M","T","?","E"],"build_version":"2019-01-23","purchased_purges":1,"victory":false,"max_hp_per_floor":[70,70,70,70,70,70,70,70,70,70,70],"card_choices":[{"not_picked":["Backstab","Reflex"],"picked":"Riddle With Holes","floor":1},{"not_picked":["Dodge and Roll","Prepared"],"picked":"Escape Plan","floor":3},{"not_picked":["Accuracy","Prepared"],"picked":"Dash","floor":5},{"not_picked":["Endless Agony","Underhanded Strike","Cloak And Dagger"],"picked":"SKIP","floor":7},{"not_picked":["Deflect","Skewer","Dagger Throw"],"picked":"SKIP","floor":8}],"player_experience":362229,"relics_obtained":[{"floor":7,"key":"Mummified Hand"},{"floor":9,"key":"Regal Pillow"},{"floor":11,"key":"Pen Nib"}],"event_choices":[{"damage_healed":0,"gold_gain":0,"player_choice":"1 cards matched","damage_taken":0,"max_hp_gain":0,"max_hp_loss":0,"event_name":"Match and Keep!","floor":2,"gold_loss":0,"cards_obtained":["Flash of Steel"]},{"damage_healed":0,"gold_gain":0,"cards_transformed":["Strike_G"],"player_choice":"Transformed","damage_taken":0,"max_hp_gain":0,"max_hp_loss":0,"event_name":"Transmorgrifier","floor":4,"gold_loss":0,"cards_obtained":["Blade Dance"]}],"is_beta":false,"boss_relics":[],"items_purged_floors":[10],"is_endless":false,"potions_floor_spawned":[1,3,11],"killed_by":"Lagavulin","ascension_level":13}