{"path_per_floor":["M","?","M","M","M","R","$","M","T","M","M","R","M","?","R","B",null,"M","?","$","M","M","R"],"character_chosen":"IRONCLAD","items_purchased":["Combust","Inflame","Singing Bowl","Sword Boomerang"],"gold_per_floor":[109,109,126,145,155,155,12,26,100,116,136,136,154,232,232,335,335,351,251,7,24,34,34],"floor_reached":24,"campfire_rested":3,"playtime":1446,"current_hp_per_floor":[66,66,71,70,43,43,43,32,32,24,20,44,27,27,51,8,80,56,56,56,32,23,47],"items_purged":["Strike_R"],"gold":34,"score":221,"play_id":"08bcb334-76f3-46d5-adde-6db8b6cdff29","local_time":"20180305202154","is_prod":false,"is_daily":false,"is_ascension_mode":true,"campfire_upgraded":1,"timestamp":1520299314,"path_taken":["M","?","M","M","M","R","$","?","T","M","?","R","M","?","R","BOSS","M","?","$","M","M","R","M"],"build_version":"2018-03-01-PROD1","purchased_purges":1,"victory":false,"master_deck":["Strike_R","Strike_R","Strike_R","Strike_R","Defend_R","Defend_R","Defend_R","Defend_R","Bash","True Grit+1","Bloodletting","Clothesline","Hemokinesis","Combust","Uppercut","Shrug It Off","Pummel","Reaper","J.A.X.","Inflame","Sword Boomerang","Spot Weakness","Battle Trance"],"max_hp_per_floor":[80,80,80,80,80,80,80,80,80,80,80,80,80,80,80,80,80,80,80,80,80,80,80],"relics":["Burning Blood","Happy Flower","Dodecahedron","Runic Cube","Singing Bowl"],"card_choices":[{"not_picked":["Flex","Disarm"],"picked":"True Grit"},{"not_picked":["Combust","Evolve"],"picked":"Bloodletting"},{"not_picked":["Clash","Heavy Blade"],"picked":"Clothesline"},{"not_picked":["True Grit","Whirlwind"],"picked":"Hemokinesis"},{"not_picked":["Dual Wield","True Grit"],"picked":"Uppercut"},{"not_picked":["Feel No Pain","Burning Pact"],"picked":"Shrug It Off"},{"not_picked":["Flex","Wild Strike"],"picked":"Pummel"},{"not_picked":["Feed","Barricade"],"picked":"Reaper"},{"not_picked":["Dual Wield","Disarm"],"picked":"Spot Weakness"},{"not_picked":["Armaments","Anger"],"picked":"Battle Trance"}],"player_experience":227634,"potions_floor_usage":[21],"damage_taken":[{"damage":20.0,"enemies":"Jaw Worm","floor":1.0,"turns":5.0},{"damage":1.0,"enemies":"Cultist","floor":3.0,"turns":4.0},{"damage":7.0,"enemies":"Small Slimes","floor":4.0,"turns":4.0},{"damage":33.0,"enemies":"Gremlin Gang","floor":5.0,"turns":7.0},{"damage":17.0,"enemies":"Lots of Slimes","floor":8.0,"turns":3.0},{"damage":14.0,"enemies":"Large Slime","floor":10.0,"turns":4.0},{"damage":10.0,"enemies":"Blue Slaver","floor":11.0,"turns":4.0},{"damage":23.0,"enemies":"Gremlin Gang","floor":13.0,"turns":4.0},{"damage":79.0,"enemies":"The Guardian","floor":16.0,"turns":14.0},{"damage":33,"enemies":"Spheric Guardian","floor":18,"turns":5},{"damage":30,"enemies":"2 Thieves","floor":21,"turns":4},{"damage":24,"enemies":"Snake Plant","floor":22,"turns":4},{"damage":57,"enemies":"Slaver and Parasite","floor":24,"turns":5}],"event_choices":[{"event_name":"The Lab","player_choice":"Got Potions","floor":2.0,"damage_taken":0.0},{"event_name":"Golden Wing","player_choice":"Gained Gold","floor":14.0,"damage_taken":0.0},{"event_name":"Drug Dealer","player_choice":"Got JAXXED","floor":19,"damage_taken":0}],"boss_relics":[{"not_picked":["Eternal Feather","Astrolabe"],"picked":"Runic Cube"}],"potions_floor_spawned":[3,4,8,18],"seed_played":"8947019853468581795","killed_by":"Slaver and Parasite","ascension_level":3,"is_trial":false}