{"path_per_floor":["M","$","M","?","?","R","M","$","T","R","$","M","M","?","R","B",null,"M","?","?","M","$","R","M","R","T","R","M","M","$","?","R"],"character_chosen":"THE_SILENT","items_purchased":["Footwork","Accuracy","Backstab","Infinite Blades","All Out Attack","Cloak And Dagger"],"gold_per_floor":[118,41,58,233,233,233,249,65,91,91,14,24,44,44,44,143,143,153,78,78,95,20,20,38,38,38,38,49,65,20,20,20,20],"floor_reached":33,"campfire_rested":3,"playtime":1410,"current_hp_per_floor":[70,70,70,70,56,56,56,56,63,63,63,60,56,56,56,42,68,43,43,43,28,28,51,23,46,46,46,40,31,31,31,54,6],"items_purged":["Doubt"],"gold":20,"score":294,"play_id":"45e2484b-c1bd-4549-9771-d1b429a5dbbd","local_time":"20180402222308","is_prod":false,"is_daily":false,"is_ascension_mode":true,"campfire_upgraded":4,"timestamp":1522722188,"path_taken":["M","$","M","?","?","R","M","$","T","R","?","?","M","?","R","BOSS","M","?","?","M","$","R","M","R","T","R","M","M","$","?","R","BOSS"],"build_version":"2018-03-29v2","purchased_purges":1,"victory":false,"master_deck":["Defend_G","Defend_G","Defend_G","Defend_G","Defend_G","Strike_G+1","Strike_G+1","Strike_G+1","Survivor","Neutralize","Infinite Blades+1","Footwork","Blade Dance","Accuracy+1","Backstab","Infinite Blades+1","Dodge and Roll","Phantasmal Killer+1","Infinite Blades+1","Leg Sweep+1","All Out Attack+1","Malaise","Backflip","Cloak And Dagger"],"max_hp_per_floor":[70,70,70,70,70,70,70,70,77,77,77,77,77,77,77,77,77,77,77,77,77,77,77,77,77,77,77,77,77,77,77,77,77],"relics":["Ring of the Snake","Orichalcum","Strawberry","Black Star","Whetstone"],"card_choices":[{"not_picked":["Poisoned Stab","Setup"],"picked":"Infinite Blades","floor":1},{"not_picked":["Outmaneuver","Deadly Poison"],"picked":"Blade Dance","floor":3},{"not_picked":["Riddle With Holes","Outmaneuver"],"picked":"Dodge and Roll","floor":13},{"not_picked":["Corpse Explosion","Bullet Time"],"picked":"Phantasmal Killer","floor":16},{"not_picked":["Dagger Throw","Dash"],"picked":"Infinite Blades","floor":18},{"not_picked":["Acrobatics","All Out Attack"],"picked":"Leg Sweep","floor":21},{"not_picked":["Underhanded Strike","Calculated Gamble"],"picked":"Malaise","floor":24},{"not_picked":["Dagger Throw","Acrobatics"],"picked":"Backflip","floor":29}],"player_experience":380733,"potions_floor_usage":[16,16,24,28,33],"damage_taken":[{"damage":0,"enemies":"2 Louse","floor":1,"turns":2},{"damage":0,"enemies":"Small Slimes","floor":3,"turns":4},{"damage":0,"enemies":"Cultist","floor":7,"turns":3},{"damage":3,"enemies":"Looter","floor":12,"turns":2},{"damage":4,"enemies":"Large Slime","floor":13,"turns":5},{"damage":29,"enemies":"Slime Boss","floor":16,"turns":6},{"damage":25,"enemies":"2 Thieves","floor":18,"turns":4},{"damage":15,"enemies":"Shell Parasite","floor":21,"turns":3},{"damage":28,"enemies":"Chosen and Byrds","floor":24,"turns":5},{"damage":6,"enemies":"Snecko","floor":28,"turns":4},{"damage":9,"enemies":"Snake Plant","floor":29,"turns":5},{"damage":48,"enemies":"Collector","floor":33,"turns":11}],"event_choices":[{"event_name":"Liars Game","player_choice":"agreed","floor":4,"damage_taken":0},{"event_name":"Shining Light","player_choice":"Entered Light","floor":5,"damage_taken":0},{"event_name":"Bonfire Elementals","player_choice":"BASIC","floor":14,"damage_taken":0},{"event_name":"Beggar","player_choice":"Gave Gold","floor":19,"damage_taken":0},{"event_name":"Ghosts","player_choice":"Ignored","floor":20,"damage_taken":0},{"event_name":"Drug Dealer","player_choice":"Ignored","floor":31,"damage_taken":0}],"boss_relics":[{"not_picked":["Runic Dome","Runic Pyramid"],"picked":"Black Star"}],"potions_floor_spawned":[1,3,13,18,28],"seed_played":"-1965048507263731932","killed_by":"Collector","ascension_level":5,"is_trial":false}