{"gold_per_floor":[216,60,74,74,91,91,101,101,101,113,127,139,139,154,154,254,254,269,286,301,17,34,34,44,44,44,55,66,66,66,78,78,174,174,193,206,222,222],"floor_reached":38,"playtime":1981,"items_purged":["Strike_B"],"score":378,"play_id":"bc6cf2d1-2cb7-4888-be7c-a6f93e2b7b1e","local_time":"20190221002754","is_ascension_mode":false,"campfire_choices":[{"data":"Loop","floor":6,"key":"SMITH"},{"data":"Dualcast","floor":8,"key":"SMITH"},{"data":"Chaos","floor":13,"key":"SMITH"},{"floor":15,"key":"REST"},{"data":"Redo","floor":23,"key":"SMITH"},{"data":"Consume","floor":29,"key":"SMITH"},{"floor":32,"key":"REST"}],"neow_cost":"NONE","seed_source_timestamp":531986874636928,"circlet_count":0,"master_deck":["Strike_B","Strike_B","Strike_B","Defend_B","Defend_B","Defend_B","Defend_B","Zap","Dualcast+1","Doom and Gloom","Loop+1","BootSequence","Turbo","Conserve Battery","Conserve Battery","Lockon+1","Chaos+1","Self Repair","Self Repair+1","Redo+1","Consume+1","Necronomicurse","Redo","BootSequence","Darkness","Doom and Gloom+1","Double Energy+1"],"relics":["Cracked Core","Gambling Chip","Molten Egg 2","White Beast Statue","Lee\u0027s Waffle","Meat on the Bone","Bottled Tornado","Necronomicon","Orrery"],"potions_floor_usage":[16,16,20,24,33,33,33,37,38],"damage_taken":[{"damage":0,"enemies":"2 Louse","floor":1,"turns":2},{"damage":1,"enemies":"Cultist","floor":3,"turns":3},{"damage":0,"enemies":"Small Slimes","floor":5,"turns":2},{"damage":7,"enemies":"Blue Slaver","floor":7,"turns":3},{"damage":0,"enemies":"Looter","floor":10,"turns":3},{"damage":1,"enemies":"Exordium Wildlife","floor":11,"turns":3},{"damage":3,"enemies":"3 Louse","floor":12,"turns":3},{"damage":0,"enemies":"Looter","floor":14,"turns":2},{"damage":30,"enemies":"Slime Boss","floor":16,"turns":6},{"damage":18,"enemies":"Shell Parasite","floor":18,"turns":5},{"damage":3,"enemies":"Chosen","floor":19,"turns":4},{"damage":37,"enemies":"Centurion and Healer","floor":20,"turns":9},{"damage":16,"enemies":"Shelled Parasite and Fungi","floor":22,"turns":4},{"damage":34,"enemies":"Sentry and Sphere","floor":24,"turns":5},{"damage":8,"enemies":"Snecko","floor":27,"turns":4},{"damage":14,"enemies":"Snake Plant","floor":28,"turns":4},{"damage":11,"enemies":"Chosen and Byrds","floor":31,"turns":5},{"damage":56,"enemies":"Automaton","floor":33,"turns":7},{"damage":14,"enemies":"3 Shapes","floor":35,"turns":4},{"damage":6,"enemies":"Orb Walker","floor":36,"turns":3},{"damage":73,"enemies":"Writhing Mass","floor":37,"turns":4},{"damage":40,"enemies":"Sphere and 2 Shapes","floor":38,"turns":5}],"seed_played":"4747655552136429207","potions_obtained":[{"floor":1,"key":"AttackPotion"},{"floor":5,"key":"SpeedPotion"},{"floor":11,"key":"Explosive Potion"},{"floor":16,"key":"Strength Potion"},{"floor":18,"key":"Weak Potion"},{"floor":20,"key":"Dexterity Potion"},{"floor":24,"key":"LiquidBronze"},{"floor":27,"key":"Dexterity Potion"},{"floor":31,"key":"FocusPotion"},{"floor":33,"key":"SteroidPotion"},{"floor":35,"key":"Poison Potion"},{"floor":36,"key":"AttackPotion"},{"floor":37,"key":"Block Potion"}],"is_trial":false,"path_per_floor":["M","$","M","?","M","R","M","R","T","M","M","M","R","M","R","B",null,"M","M","M","$","M","R","M","?","T","M","M","R","?","M","R","B",null,"M","M","M","M"],"character_chosen":"DEFECT","items_purchased":["Doom and Gloom","Loop","Lee\u0027s Waffle"],"campfire_rested":2,"item_purchase_floors":[2,2,21],"current_hp_per_floor":[75,75,74,49,49,49,42,42,42,42,41,38,38,38,60,37,75,57,61,41,82,66,66,49,49,49,63,59,59,43,51,75,38,82,82,76,32,0],"gold":222,"neow_bonus":"HUNDRED_GOLD","is_prod":false,"is_daily":false,"chose_seed":false,"campfire_upgraded":5,"win_rate":0,"timestamp":1550726874,"path_taken":["M","$","M","?","M","R","M","R","T","M","M","M","R","M","R","BOSS","M","M","M","$","M","R","M","?","T","?","M","R","?","M","R","BOSS","M","M","M","M"],"build_version":"2019-01-23","purchased_purges":1,"victory":false,"max_hp_per_floor":[75,75,75,75,75,75,75,75,75,75,75,75,75,75,75,75,75,75,75,75,82,82,82,82,82,82,82,82,82,82,82,82,82,82,82,82,82,82],"card_choices":[{"not_picked":["Stack","Barrage","Redo"],"picked":"SKIP","floor":1},{"not_picked":["Ball Lightning","Capacitor"],"picked":"BootSequence","floor":3},{"not_picked":["Ball Lightning","Auto Shields"],"picked":"Turbo","floor":5},{"not_picked":["Cold Snap","Aggregate"],"picked":"Conserve Battery","floor":7},{"not_picked":["Coolheaded","FTL+1"],"picked":"Conserve Battery","floor":10},{"not_picked":["Loop","Tempest"],"picked":"Lockon+1","floor":11},{"not_picked":["Turbo","Beam Cell+1"],"picked":"Chaos","floor":12},{"not_picked":["Rainbow","Beam Cell+1"],"picked":"Self Repair","floor":14},{"not_picked":["Beam Cell+1","Barrage+1","Ball Lightning+1"],"picked":"SKIP","floor":18},{"not_picked":["Rebound+1","Hologram"],"picked":"Self Repair+1","floor":19},{"not_picked":["Turbo","Cold Snap+1","Skim+1"],"picked":"SKIP","floor":20},{"not_picked":["Leap+1","Ball Lightning+1"],"picked":"Redo","floor":22},{"not_picked":["Reboot","Steam Power","Go for the Eyes+1"],"picked":"SKIP","floor":24},{"not_picked":["Beam Cell+1","Barrage+1"],"picked":"Consume","floor":27},{"not_picked":["Turbo","Tempest","Genetic Algorithm"],"picked":"SKIP","floor":28},{"not_picked":["Go for the Eyes+1","Hologram","Barrage+1"],"picked":"SKIP","floor":31},{"not_picked":["Cold Snap+1","Stack"],"picked":"Redo","floor":34},{"not_picked":["Barrage+1","Sweeping Beam+1"],"picked":"BootSequence","floor":34},{"not_picked":["Beam Cell+1","Go for the Eyes+1"],"picked":"Darkness","floor":34},{"not_picked":["All For One+1","Turbo+1"],"picked":"Doom and Gloom+1","floor":35},{"not_picked":["Static Discharge","Undo+1","Steam Power+1"],"picked":"SKIP","floor":36},{"not_picked":["Storm","Beam Cell+1"],"picked":"Double Energy+1","floor":37}],"player_experience":1071265,"relics_obtained":[{"floor":9,"key":"Molten Egg 2"},{"floor":26,"key":"Bottled Tornado"},{"floor":30,"key":"Necronomicon"}],"event_choices":[{"damage_healed":0,"gold_gain":0,"player_choice":"Success","damage_taken":25,"relics_obtained":["Gambling Chip"],"max_hp_gain":0,"max_hp_loss":0,"event_name":"Scrap Ooze","floor":4,"gold_loss":0},{"damage_healed":0,"gold_gain":0,"player_choice":"Gave Potion","damage_taken":0,"relics_obtained":["Meat on the Bone"],"max_hp_gain":0,"max_hp_loss":0,"event_name":"WeMeetAgain","floor":25,"gold_loss":0},{"damage_healed":0,"gold_gain":0,"player_choice":"Obtained Book","damage_taken":16,"max_hp_gain":0,"max_hp_loss":0,"event_name":"Cursed Tome","floor":30,"gold_loss":0}],"is_beta":false,"boss_relics":[{"not_picked":["FrozenCore","Snecko Eye"],"picked":"White Beast Statue"},{"not_picked":["Fusion Hammer","Sozu"],"picked":"Orrery"}],"items_purged_floors":[21],"is_endless":false,"potions_floor_spawned":[1,5,11,14,16,18,19,20,22,24,27,28,31,33,35,36,37],"killed_by":"Sphere and 2 Shapes","ascension_level":0}