{"gold_per_floor":[117,117,42,58,58,58,76,93,161,176,76,76,89,89,89,184,234,248,264,279,279,279],"floor_reached":22,"playtime":1923,"items_purged":["Defend_G","Defend_G"],"score":205,"play_id":"61263a2c-035a-4035-945d-46674c0048de","local_time":"20181017224749","is_ascension_mode":true,"campfire_choices":[{"data":"Neutralize","floor":6,"key":"SMITH"},{"data":"Calculated Gamble","floor":15,"key":"SMITH"}],"neow_cost":"NONE","seed_source_timestamp":673566480152309,"circlet_count":0,"master_deck":["Defend_G","Defend_G+1","Defend_G","Strike_G","Strike_G","Survivor","Neutralize+1","Heel Hook","Calculated Gamble+1","Night Terror"],"relics":["Ring of the Snake","FaceOfCleric","Matryoshka","Snake Skull","Tiny House"],"potions_floor_usage":[16,20,20,22],"damage_taken":[{"damage":0,"enemies":"Small Slimes","floor":1,"turns":5},{"damage":0,"enemies":"Cultist","floor":4,"turns":4},{"damage":0,"enemies":"Jaw Worm","floor":7,"turns":5},{"damage":3,"enemies":"3 Louse","floor":8,"turns":5},{"damage":1,"enemies":"Blue Slaver","floor":10,"turns":5},{"damage":6,"enemies":"Gremlin Gang","floor":13,"turns":6},{"damage":46,"enemies":"The Guardian","floor":16,"turns":22},{"damage":18,"enemies":"3 Byrds","floor":18,"turns":9},{"damage":41,"enemies":"Spheric Guardian","floor":19,"turns":8},{"damage":21,"enemies":"Chosen and Byrds","floor":20,"turns":9},{"damage":12,"enemies":"Centurion and Healer","floor":22,"turns":5}],"seed_played":"-7469933991753572890","potions_obtained":[{"floor":1,"key":"Poison Potion"},{"floor":8,"key":"Weak Potion"},{"floor":16,"key":"GhostInAJar"},{"floor":17,"key":"SneckoOil"},{"floor":18,"key":"AttackPotion"}],"is_trial":false,"path_per_floor":["M","?","$","M","?","R","M","M","T","M","$","?","M","$","R","B",null,"M","M","M","?"],"character_chosen":"THE_SILENT","items_purchased":[],"campfire_rested":0,"item_purchase_floors":[],"current_hp_per_floor":[70,70,70,71,64,64,65,63,63,63,63,60,55,55,55,10,81,64,24,4,4,0],"gold":279,"neow_bonus":"REMOVE_CARD","is_prod":false,"is_daily":false,"chose_seed":false,"campfire_upgraded":2,"win_rate":0,"timestamp":1539830869,"path_taken":["M","?","$","M","?","R","M","M","T","M","$","?","?","$","R","BOSS","M","M","M","?","?"],"build_version":"2018-10-11","purchased_purges":2,"victory":false,"max_hp_per_floor":[70,70,70,71,71,71,72,73,73,74,74,74,75,75,75,76,81,82,83,84,84,84],"card_choices":[{"not_picked":["Dodge and Roll","Dagger Throw"],"picked":"Heel Hook","floor":1},{"not_picked":["Accuracy","Cloak And Dagger","Sucker Punch"],"picked":"SKIP","floor":4},{"not_picked":["Deadly Poison","Well Laid Plans"],"picked":"Calculated Gamble","floor":7},{"not_picked":["Footwork","Blur","Poisoned Stab"],"picked":"SKIP","floor":8},{"not_picked":["Caltrops","Cloak And Dagger","Deflect"],"picked":"SKIP","floor":10},{"not_picked":["Slice","Quick Slash","Deadly Poison"],"picked":"SKIP","floor":13},{"not_picked":["Malaise","Wraith Form v2"],"picked":"Night Terror","floor":16},{"not_picked":["PiercingWail","Cloak And Dagger","Infinite Blades"],"picked":"SKIP","floor":18},{"not_picked":["Bane","Cloak And Dagger","Crippling Poison"],"picked":"SKIP","floor":19},{"not_picked":["Dodge and Roll","Setup+1","Deadly Poison+1"],"picked":"SKIP","floor":20}],"player_experience":639006,"relics_obtained":[{"floor":9,"key":"Matryoshka"}],"event_choices":[{"event_name":"FaceTrader","player_choice":"Trade","floor":2,"damage_taken":0},{"event_name":"Golden Wing","player_choice":"Card Removal","floor":5,"damage_taken":0},{"event_name":"Scrap Ooze","player_choice":"success","floor":12,"damage_taken":3},{"event_name":"Bonfire Elementals","player_choice":"BASIC","floor":21,"damage_taken":0}],"is_beta":false,"boss_relics":[{"not_picked":["White Beast Statue","HoveringKite"],"picked":"Tiny House"}],"items_purged_floors":[3,11],"is_endless":false,"potions_floor_spawned":[1,8,16,18],"killed_by":"Centurion and Healer","ascension_level":3}