{"gold_per_floor":[119,51,126,401,420,420,455,455,482,482,501,524,524,535,535,630,630,645,191,191,191,191,191,205,205,205,220,247,263,277,296,296,396,396,410,423,255,255,255,255,355,373,373,373,391,391,613,85,85,85],"floor_reached":50,"playtime":2036,"items_purged":["Regret","Strike_R","Strike_R"],"score":587,"play_id":"7f1541d9-d32a-4e01-9e83-d9e75910f81e","local_time":"20181108020315","is_ascension_mode":true,"campfire_choices":[{"data":"Burning Pact","floor":6,"key":"SMITH"},{"data":"Flex","floor":8,"key":"SMITH"},{"data":"Bash","floor":10,"key":"SMITH"},{"data":"Heavy Blade","floor":15,"key":"SMITH"},{"data":"Flex","floor":23,"key":"SMITH"},{"data":"Flex","floor":25,"key":"SMITH"},{"floor":32,"key":"REST"},{"data":"Heavy Blade","floor":40,"key":"SMITH"},{"data":"1","floor":44,"key":"LIFT"},{"floor":46,"key":"REST"},{"floor":49,"key":"REST"}],"neow_cost":"NONE","seed_source_timestamp":367600981588830,"circlet_count":0,"master_deck":["Strike_R","Strike_R","Strike_R","Defend_R","Defend_R","Defend_R","Defend_R","Bash+1","Burning Pact+1","Flex+1","Shrug It Off","Pummel","Heavy Blade+1","Offering","Flex+1","Offering","Metallicize","J.A.X.","Flex+1","Flex","Fire Breathing+1","Heavy Blade+1","Reaper","Sword Boomerang","Heavy Blade+1","Shrug It Off","Sword Boomerang","Inflame","Madness","Madness","Deep Breath","Inflame+1"],"relics":["Burning Blood","NeowsBlessing","Torii","Red Skull","Odd Mushroom","Sozu","Bag of Marbles","Bottled Flame","Red Mask","Orrery","Girya","Gremlin Horn","Bottled Lightning","Regal Pillow"],"potions_floor_usage":[16,50,50],"damage_taken":[{"damage":0,"enemies":"2 Louse","floor":1,"turns":1},{"damage":0,"enemies":"Cultist","floor":5,"turns":1},{"damage":0,"enemies":"Gremlin Nob","floor":7,"turns":1},{"damage":3,"enemies":"Jaw Worm","floor":11,"turns":4},{"damage":30,"enemies":"The Mushroom Lair","floor":12,"turns":4},{"damage":8,"enemies":"2 Fungi Beasts","floor":14,"turns":4},{"damage":31,"enemies":"The Guardian","floor":16,"turns":10},{"damage":23,"enemies":"3 Byrds","floor":18,"turns":4},{"damage":36,"enemies":"Colosseum Slavers","floor":20,"turns":3},{"damage":0,"enemies":"Shell Parasite","floor":24,"turns":1},{"damage":16,"enemies":"Cultist and Chosen","floor":27,"turns":4},{"damage":0,"enemies":"Masked Bandits","floor":28,"turns":2},{"damage":12,"enemies":"Centurion and Healer","floor":29,"turns":3},{"damage":12,"enemies":"3 Cultists","floor":30,"turns":4},{"damage":0,"enemies":"Snake Plant","floor":31,"turns":1},{"damage":53,"enemies":"Collector","floor":33,"turns":8},{"damage":10,"enemies":"3 Shapes","floor":35,"turns":4},{"damage":12,"enemies":"Orb Walker","floor":36,"turns":2},{"damage":31,"enemies":"Mind Bloom Boss Battle","floor":41,"turns":4},{"damage":22,"enemies":"Writhing Mass","floor":42,"turns":3},{"damage":19,"enemies":"4 Shapes","floor":45,"turns":2},{"damage":123,"enemies":"Awakened One","floor":50,"turns":6}],"seed_played":"-8648944904758066463","potions_obtained":[{"floor":5,"key":"Block Potion"},{"floor":7,"key":"Fire Potion"},{"floor":11,"key":"Fire Potion"}],"is_trial":false,"path_per_floor":["M","$","?","?","M","R","E","R","T","R","M","?","?","M","R","B",null,"M","$","?","?","?","R","M","R","T","M","?","M","M","M","R","B",null,"M","M","$","?","?","R","?","M","T","R","M","R","?","$","R","B"],"character_chosen":"IRONCLAD","items_purchased":["Flex","Shrug It Off","Offering","Metallicize","Bag of Marbles","Inflame","Bottled Lightning","Regal Pillow"],"campfire_rested":3,"item_purchase_floors":[2,2,19,19,19,37,48,48],"current_hp_per_floor":[80,80,69,69,75,75,80,80,80,80,80,56,61,59,59,34,85,68,68,38,38,38,38,44,44,44,34,40,34,28,34,59,12,85,81,75,75,64,64,64,52,36,36,36,23,48,48,48,85,0],"gold":85,"neow_bonus":"THREE_ENEMY_KILL","is_prod":false,"is_daily":false,"chose_seed":false,"campfire_upgraded":7,"win_rate":0,"timestamp":1541660595,"path_taken":["M","$","?","?","?","R","E","R","T","R","?","?","?","M","R","BOSS","M","$","?","?","?","R","M","R","T","M","?","M","M","M","R","BOSS","M","M","$","?","?","R","?","M","T","R","M","R","?","$","R","BOSS"],"build_version":"2018-11-01","purchased_purges":3,"victory":false,"max_hp_per_floor":[80,80,80,80,80,80,80,80,80,80,80,80,85,85,85,85,85,85,85,85,85,85,85,85,85,85,85,85,85,85,85,85,85,85,85,85,85,85,85,85,85,85,85,85,85,85,85,85,85,85],"card_choices":[{"not_picked":["Twin Strike","Armaments"],"picked":"Burning Pact","floor":1},{"not_picked":["Shockwave","Clothesline","Carnage"],"picked":"SKIP","floor":5},{"not_picked":["Combust","Reckless Charge","Feel No Pain"],"picked":"SKIP","floor":7},{"not_picked":["Sever Soul","Clash"],"picked":"Pummel","floor":11},{"not_picked":["Anger","True Grit"],"picked":"Heavy Blade","floor":12},{"not_picked":["Sever Soul","Clothesline","Body Slam"],"picked":"SKIP","floor":14},{"not_picked":["Barricade","Juggernaut"],"picked":"Offering","floor":16},{"not_picked":["Heavy Blade","Body Slam"],"picked":"Flex","floor":18},{"not_picked":["Clothesline","Seeing Red"],"picked":"Flex","floor":24},{"not_picked":["Carnage+1","Intimidate","Clash"],"picked":"SKIP","floor":27},{"not_picked":["Entrench","Wild Strike"],"picked":"Flex","floor":28},{"not_picked":["Uppercut","Pommel Strike"],"picked":"Fire Breathing+1","floor":29},{"not_picked":["Cleave","Havoc"],"picked":"Heavy Blade","floor":30},{"not_picked":["Offering","Wild Strike","Shockwave"],"picked":"SKIP","floor":31},{"not_picked":["Feed","Brutality"],"picked":"Reaper","floor":33},{"not_picked":["Uppercut","Armaments"],"picked":"Sword Boomerang","floor":34},{"not_picked":["Searing Blow","Infernal Blade"],"picked":"Heavy Blade+1","floor":34},{"not_picked":["Pommel Strike","Clash"],"picked":"Shrug It Off","floor":34},{"not_picked":["Wild Strike","Power Through"],"picked":"Sword Boomerang","floor":34},{"not_picked":["Sever Soul","Ghostly Armor+1","Dropkick"],"picked":"SKIP","floor":35},{"not_picked":["Armaments+1","Thunderclap+1","Headbutt"],"picked":"SKIP","floor":36},{"not_picked":["Jack Of All Trades","The Bomb"],"picked":"Deep Breath","floor":39},{"not_picked":["Entrench+1","Anger"],"picked":"Inflame+1","floor":42},{"not_picked":["Wild Strike+1","Clothesline","Warcry"],"picked":"SKIP","floor":45}],"player_experience":766852,"relics_obtained":[{"floor":7,"key":"Torii"},{"floor":9,"key":"Red Skull"},{"floor":12,"key":"Odd Mushroom"},{"floor":26,"key":"Bottled Flame"},{"floor":28,"key":"Red Mask"},{"floor":41,"key":"Girya"},{"floor":43,"key":"Gremlin Horn"}],"event_choices":[{"damage_healed":0,"gold_gain":75,"player_choice":"Gather Gold","damage_taken":11,"max_hp_gain":0,"max_hp_loss":0,"event_name":"World of Goop","floor":3,"gold_loss":0},{"damage_healed":0,"gold_gain":275,"player_choice":"Desecrate","damage_taken":0,"max_hp_gain":0,"max_hp_loss":0,"event_name":"Golden Shrine","floor":4,"gold_loss":0,"cards_obtained":["Regret"]},{"damage_healed":0,"gold_gain":0,"player_choice":"Fought Mushrooms","damage_taken":0,"max_hp_gain":0,"max_hp_loss":0,"event_name":"Mushrooms","floor":12,"gold_loss":0},{"damage_healed":0,"gold_gain":0,"player_choice":"Donut","damage_taken":0,"max_hp_gain":5,"max_hp_loss":0,"event_name":"Big Fish","floor":13,"gold_loss":0},{"damage_healed":0,"gold_gain":0,"player_choice":"Fight","damage_taken":0,"max_hp_gain":0,"max_hp_loss":0,"event_name":"Colosseum","floor":20,"gold_loss":0},{"damage_healed":0,"gold_gain":0,"player_choice":"Fled From Nobs","damage_taken":0,"max_hp_gain":0,"max_hp_loss":0,"event_name":"Colosseum","floor":20,"gold_loss":0},{"damage_healed":0,"gold_gain":0,"player_choice":"Obtain J.A.X.","damage_taken":0,"max_hp_gain":0,"max_hp_loss":0,"event_name":"Drug Dealer","floor":21,"gold_loss":0,"cards_obtained":["J.A.X."]},{"damage_healed":0,"gold_gain":0,"player_choice":"Ignored","damage_taken":0,"max_hp_gain":0,"max_hp_loss":0,"event_name":"Ghosts","floor":22,"gold_loss":0},{"damage_healed":0,"gold_gain":0,"player_choice":"Fought Bandits","damage_taken":0,"max_hp_gain":0,"max_hp_loss":0,"event_name":"Masked Bandits","floor":28,"gold_loss":0},{"damage_healed":0,"gold_gain":0,"player_choice":"Embrace Madness","damage_taken":11,"max_hp_gain":0,"max_hp_loss":0,"event_name":"Winding Halls","floor":38,"gold_loss":0,"cards_obtained":["Madness","Madness"]},{"damage_healed":0,"gold_gain":0,"player_choice":"Memory 1","damage_taken":0,"max_hp_gain":0,"max_hp_loss":0,"event_name":"SensoryStone","floor":39,"gold_loss":0},{"damage_healed":0,"gold_gain":0,"player_choice":"Fight","damage_taken":0,"max_hp_gain":0,"max_hp_loss":0,"event_name":"MindBloom","floor":41,"gold_loss":0},{"damage_healed":0,"gold_gain":222,"player_choice":"Wore Mask","damage_taken":0,"max_hp_gain":0,"max_hp_loss":0,"event_name":"Tomb of Lord Red Mask","floor":47,"gold_loss":0}],"is_beta":false,"boss_relics":[{"not_picked":["Black Star","Runic Dome"],"picked":"Sozu"},{"not_picked":["Velvet Choker","Black Blood"],"picked":"Orrery"}],"items_purged_floors":[19,37,48],"is_endless":false,"potions_floor_spawned":[5,7,11,14,18,24,31,33,35,41,45],"killed_by":"Awakened One","ascension_level":2}