{"gold_per_floor":[112,17,27,40,59,94,94,112,139,149,149,168,201,201,201,273,273,287,304,334,354,354],"floor_reached":22,"playtime":2395,"items_purged":[],"score":330,"play_id":"d30b6862-f998-4265-9257-26929bdf7077","local_time":"20190220220030","is_ascension_mode":true,"campfire_choices":[{"data":"Sunder","floor":11,"key":"SMITH"},{"floor":15,"key":"REST"}],"neow_cost":"NONE","seed_source_timestamp":33197705322500,"circlet_count":0,"master_deck":["AscendersBane","Strike_B","Strike_B","Strike_B","Strike_B","Defend_B","Defend_B","Defend_B","Defend_B","Zap","Dualcast","Reinforced Body","Panacea","FTL","Sunder+1","Rebound","Glacier","Meteor Strike","Conserve Battery","Conserve Battery","Electrodynamics","BootSequence","Capacitor+1","Chill","Sunder+1"],"relics":["Cracked Core","Blood Vial","Omamori","Orichalcum","Potion Belt","Eternal Feather","Red Mask"],"potions_floor_usage":[6,13,13,16,18,19,19,20,22],"damage_taken":[{"damage":5,"enemies":"2 Louse","floor":1,"turns":3},{"damage":10,"enemies":"Cultist","floor":3,"turns":4},{"damage":0,"enemies":"Small Slimes","floor":4,"turns":3},{"damage":2,"enemies":"2 Fungi Beasts","floor":5,"turns":3},{"damage":16,"enemies":"Gremlin Nob","floor":6,"turns":4},{"damage":2,"enemies":"3 Louse","floor":8,"turns":2},{"damage":0,"enemies":"Large Slime","floor":10,"turns":5},{"damage":0,"enemies":"2 Fungi Beasts","floor":12,"turns":3},{"damage":35,"enemies":"Lagavulin","floor":13,"turns":9},{"damage":19,"enemies":"The Guardian","floor":16,"turns":15},{"damage":18,"enemies":"Spheric Guardian","floor":18,"turns":6},{"damage":13,"enemies":"3 Byrds","floor":19,"turns":6},{"damage":22,"enemies":"Masked Bandits","floor":20,"turns":8},{"damage":10,"enemies":"Snecko","floor":21,"turns":5},{"damage":13,"enemies":"Shelled Parasite and Fungi","floor":22,"turns":3}],"seed_played":"3286772708649685634","potions_obtained":[{"floor":3,"key":"PowerPotion"},{"floor":5,"key":"GamblersBrew"},{"floor":7,"key":"EntropicBrew"},{"floor":13,"key":"Fire Potion"},{"floor":16,"key":"Weak Potion"},{"floor":18,"key":"EssenceOfSteel"},{"floor":19,"key":"Weak Potion"}],"is_trial":false,"path_per_floor":["M","$","M","M","M","E","?","M","T","M","R","M","E","?","R","B",null,"M","M","?","M","M"],"character_chosen":"DEFECT","items_purchased":["Panacea"],"campfire_rested":1,"item_purchase_floors":[2],"current_hp_per_floor":[65,65,57,59,59,45,45,45,45,47,47,49,16,16,38,21,62,46,35,15,7,0],"gold":354,"neow_bonus":"RANDOM_COMMON_RELIC","is_prod":false,"is_daily":false,"chose_seed":false,"campfire_upgraded":1,"win_rate":0,"timestamp":1550718030,"path_taken":["M","$","M","M","M","E","?","M","T","?","R","M","E","?","R","BOSS","M","M","?","M","M"],"build_version":"2019-01-23","purchased_purges":0,"victory":false,"max_hp_per_floor":[75,75,75,75,75,75,75,75,75,75,75,75,75,75,75,75,75,75,75,75,75,75],"card_choices":[{"not_picked":["Compile Driver","Sweeping Beam"],"picked":"Reinforced Body","floor":1},{"not_picked":["Redo","Conserve Battery"],"picked":"FTL","floor":3},{"not_picked":["Stack","Auto Shields"],"picked":"Sunder","floor":4},{"not_picked":["Turbo","Gash"],"picked":"Rebound","floor":5},{"not_picked":["Capacitor","Cold Snap"],"picked":"Glacier","floor":6},{"not_picked":["Barrage","Stack"],"picked":"Meteor Strike","floor":8},{"not_picked":["Streamline","Stack"],"picked":"Conserve Battery","floor":10},{"not_picked":["Consume","Streamline","Coolheaded"],"picked":"SKIP","floor":12},{"not_picked":["Coolheaded","Scrape"],"picked":"Conserve Battery","floor":13},{"not_picked":["Multi-Cast","Machine Learning"],"picked":"Electrodynamics","floor":16},{"not_picked":["Sweeping Beam","Go for the Eyes"],"picked":"BootSequence","floor":18},{"not_picked":["Skim","Cold Snap"],"picked":"Capacitor+1","floor":19},{"not_picked":["Barrage","All For One"],"picked":"Chill","floor":20},{"not_picked":["Redo","Reinforced Body"],"picked":"Sunder+1","floor":21}],"player_experience":1264096,"relics_obtained":[{"floor":6,"key":"Omamori"},{"floor":9,"key":"Orichalcum"},{"floor":13,"key":"Potion Belt"},{"floor":20,"key":"Red Mask"}],"event_choices":[{"damage_healed":0,"gold_gain":0,"player_choice":"Got Potions","damage_taken":0,"max_hp_gain":0,"max_hp_loss":0,"event_name":"Lab","floor":7,"gold_loss":0},{"damage_healed":0,"gold_gain":0,"player_choice":"Ignored","damage_taken":0,"max_hp_gain":0,"max_hp_loss":0,"event_name":"Shining Light","floor":14,"gold_loss":0},{"damage_healed":0,"gold_gain":0,"player_choice":"Fought Bandits","damage_taken":0,"max_hp_gain":0,"max_hp_loss":0,"event_name":"Masked Bandits","floor":20,"gold_loss":0}],"is_beta":false,"boss_relics":[{"not_picked":["Runic Dome","Ectoplasm"],"picked":"Eternal Feather"}],"items_purged_floors":[],"is_endless":false,"potions_floor_spawned":[3,5,8,12,13,16,18,19],"killed_by":"Shelled Parasite and Fungi","ascension_level":13}