{"gold_per_floor":[111,186,156,167,181,215,215,244,295,18,18,34,61,75,75,177,177,197,197,197,212,225,259,274,274,274,373,373],"floor_reached":28,"playtime":1508,"items_purged":[],"score":335,"play_id":"78cfa4d4-71a2-46d6-afa3-4efc8c43fe89","local_time":"20190221201037","is_ascension_mode":true,"campfire_choices":[{"data":"White Noise","floor":7,"key":"SMITH"},{"floor":11,"key":"REST"},{"data":"Magnetism","floor":15,"key":"SMITH"}],"neow_cost":"NONE","seed_source_timestamp":613883462145500,"circlet_count":0,"master_deck":["Strike_B","Strike_B","Strike_B","Strike_B","Defend_B","Defend_B","Defend_B","Defend_B","Zap","Dualcast","White Noise+1","Chill","Coolheaded","Cold Snap","Loop","Chaos","Magnetism+1","Heatsinks","Defragment","Loop","Heatsinks","Amplify","Barrage","White Noise","Self Repair","Biased Cognition","Ball Lightning","Clumsy","Normality"],"relics":["Cracked Core","NeowsBlessing","Mummified Hand","PreservedInsect","Thread and Needle","Cursed Key","Nloth\u0027s Gift","Pocketwatch","Singing Bowl","Molten Egg 2"],"potions_floor_usage":[3,6,6,6,13,13,22],"damage_taken":[{"damage":0,"enemies":"Small Slimes","floor":1,"turns":1},{"damage":0,"enemies":"Jaw Worm","floor":4,"turns":1},{"damage":0,"enemies":"Cultist","floor":5,"turns":1},{"damage":8,"enemies":"Lagavulin","floor":6,"turns":5},{"damage":23,"enemies":"3 Sentries","floor":8,"turns":9},{"damage":0,"enemies":"Exordium Wildlife","floor":12,"turns":3},{"damage":14,"enemies":"Lagavulin","floor":13,"turns":5},{"damage":8,"enemies":"Lots of Slimes","floor":14,"turns":5},{"damage":31,"enemies":"Hexaghost","floor":16,"turns":8},{"damage":35,"enemies":"3 Byrds","floor":18,"turns":6},{"damage":10,"enemies":"Chosen","floor":21,"turns":6},{"damage":0,"enemies":"3 Cultists","floor":22,"turns":3},{"damage":21,"enemies":"Slavers","floor":23,"turns":3},{"damage":0,"enemies":"Shelled Parasite and Fungi","floor":24,"turns":4},{"damage":20,"enemies":"Book of Stabbing","floor":28,"turns":4}],"seed_played":"-7961234123017819323","potions_obtained":[{"floor":1,"key":"AttackPotion"},{"floor":3,"key":"Fruit Juice"},{"floor":3,"key":"Poison Potion"},{"floor":5,"key":"EssenceOfSteel"},{"floor":8,"key":"Regen Potion"},{"floor":12,"key":"EssenceOfSteel"},{"floor":13,"key":"Energy Potion"},{"floor":23,"key":"Dexterity Potion"},{"floor":24,"key":"Ancient Potion"}],"is_trial":false,"path_per_floor":["M","?","?","M","M","E","R","E","T","$","R","M","E","M","R","B",null,"M","?","?","M","M","E","M","T","T","?","E"],"character_chosen":"DEFECT","items_purchased":["Chaos","Magnetism","Heatsinks"],"campfire_rested":1,"item_purchase_floors":[10,10,10],"current_hp_per_floor":[75,64,69,69,69,61,61,45,45,45,71,71,69,61,61,30,87,52,35,35,25,25,4,18,18,18,18,0],"gold":373,"neow_bonus":"THREE_ENEMY_KILL","is_prod":false,"is_daily":false,"chose_seed":false,"campfire_upgraded":2,"win_rate":0,"timestamp":1550797837,"path_taken":["M","?","?","M","?","E","R","E","T","$","R","M","E","M","R","BOSS","M","?","?","M","M","E","?","?","T","?","E"],"build_version":"2019-01-23","purchased_purges":0,"victory":false,"max_hp_per_floor":[75,75,80,80,80,80,80,87,87,87,87,87,87,87,87,87,87,87,92,92,92,92,92,92,92,92,92,92],"card_choices":[{"not_picked":["Steam","Cold Snap"],"picked":"White Noise","floor":1},{"not_picked":["Rip and Tear","Steam Power"],"picked":"Chill","floor":4},{"not_picked":["Glacier","Leap"],"picked":"Coolheaded","floor":5},{"not_picked":["Go for the Eyes","Chill"],"picked":"Cold Snap","floor":6},{"not_picked":["FTL","Beam Cell"],"picked":"Loop","floor":8},{"not_picked":["Steam","Conserve Battery"],"picked":"Defragment","floor":12},{"not_picked":["Turbo","Storm"],"picked":"Loop","floor":13},{"not_picked":["Redo","Stack"],"picked":"Heatsinks","floor":14},{"not_picked":["Thunder Strike","All For One"],"picked":"Amplify","floor":16},{"not_picked":["Rip and Tear","Turbo"],"picked":"Barrage","floor":18},{"not_picked":["Beam Cell","Barrage"],"picked":"White Noise","floor":21},{"not_picked":["Blizzard","Melter+1"],"picked":"Self Repair","floor":22},{"not_picked":["Recycle","Go for the Eyes+1"],"picked":"Biased Cognition","floor":23},{"not_picked":["Doom and Gloom","Streamline+1"],"picked":"Ball Lightning","floor":24}],"player_experience":516145,"relics_obtained":[{"floor":6,"key":"Mummified Hand"},{"floor":8,"key":"Strawberry"},{"floor":9,"key":"PreservedInsect"},{"floor":13,"key":"Thread and Needle"},{"floor":23,"key":"Pocketwatch"},{"floor":25,"key":"Singing Bowl"},{"floor":26,"key":"Molten Egg 2"}],"event_choices":[{"damage_healed":0,"gold_gain":75,"player_choice":"Gather Gold","damage_taken":11,"max_hp_gain":0,"max_hp_loss":0,"event_name":"World of Goop","floor":2,"gold_loss":0},{"damage_healed":0,"gold_gain":0,"player_choice":"Bought 2 Potions","damage_taken":0,"max_hp_gain":0,"max_hp_loss":0,"event_name":"The Woman in Blue","floor":3,"gold_loss":0},{"damage_healed":0,"gold_gain":0,"player_choice":"Shed Blood","damage_taken":22,"max_hp_gain":5,"max_hp_loss":0,"event_name":"Forgotten Altar","floor":19,"gold_loss":0},{"damage_healed":0,"gold_gain":0,"player_choice":"Traded Relic","damage_taken":0,"relics_obtained":["Nloth\u0027s Gift"],"max_hp_gain":0,"max_hp_loss":0,"event_name":"N\u0027loth","floor":20,"relics_lost":["Strawberry"],"gold_loss":0},{"damage_healed":0,"gold_gain":99,"player_choice":"Stole From Cult","damage_taken":0,"max_hp_gain":0,"max_hp_loss":0,"event_name":"Nest","floor":27,"gold_loss":0}],"is_beta":false,"boss_relics":[{"not_picked":["Philosopher\u0027s Stone","White Beast Statue"],"picked":"Cursed Key"}],"items_purged_floors":[],"is_endless":false,"potions_floor_spawned":[1,5,8,12,13,23,24],"killed_by":"Book of Stabbing","ascension_level":4}