{"gold_per_floor":[411,586,599,615,629,663,663,679,679,708,736,248,258,284,284,381,381,396,396,414,424,441,473,473,500,500,518,564,577,606,624,624,719,719,735,748,766,766,592,620,620,652,675,690,690,690,705,728,740,752],"floor_reached":51,"playtime":6532,"items_purged":["Doubt"],"score":1020,"play_id":"33a2dd9a-fb21-4dad-84be-44d74afa30fd","local_time":"20190225230550","daily_mods":["Draft","Vintage","Allstar","Heirloom","DeadlyEvents"],"is_ascension_mode":false,"campfire_choices":[{"data":"Well Laid Plans","floor":7.0,"key":"SMITH"},{"floor":15.0,"key":"REST"},{"data":"Tools of the Trade","floor":24.0,"key":"SMITH"},{"data":"Well Laid Plans","floor":32.0,"key":"SMITH"},{"data":"Calculated Gamble","floor":46,"key":"SMITH"},{"data":"Envenom","floor":49,"key":"SMITH"}],"neow_cost":"","seed_source_timestamp":0,"circlet_count":0,"master_deck":["Well Laid Plans+1","Flying Knee","Choke+1","Backflip+1","Slice","Tactician","Backflip","Noxious Fumes","Dodge and Roll","Bane","Expertise","Underhanded Strike+1","Reflex","Quick Slash","Prepared","Prepared","Footwork","Footwork","Tools of the Trade+1","Well Laid Plans+1","Venomology+1","Dagger Throw+1","Envenom+1","Calculated Gamble+1"],"special_seed":0,"relics":["Ring of the Serpent","Old Coin","Dead Branch","Question Card","Oddly Smooth Stone","Orichalcum","Art of War","Prayer Wheel","Blue Candle","Boot","Omamori","Bag of Preparation","TwistedFunnel","Matryoshka","Whetstone","Pen Nib","Busted Crown","Blood Vial","Potion Belt","Anchor","Bottled Tornado","Mummified Hand","Gremlin Horn","Smiling Mask","Bottled Flame","The Courier","Tiny Chest","Shuriken","Bag of Marbles","Bronze Scales","Happy Flower","PreservedInsect","Frozen Egg 2","Meat on the Bone","Lantern","Ginger","Ornamental Fan","Strawberry","Vajra","Molten Egg 2","MawBank","War Paint"],"potions_floor_usage":[40,50,50],"damage_taken":[{"damage":7.0,"enemies":"Jaw Worm","floor":1.0,"turns":3.0},{"damage":0.0,"enemies":"Cultist","floor":3.0,"turns":3.0},{"damage":0.0,"enemies":"2 Louse","floor":4.0,"turns":2.0},{"damage":5.0,"enemies":"Exordium Thugs","floor":5.0,"turns":4.0},{"damage":19.0,"enemies":"Gremlin Nob","floor":6.0,"turns":4.0},{"damage":3.0,"enemies":"Exordium Wildlife","floor":8.0,"turns":3.0},{"damage":9.0,"enemies":"Lagavulin","floor":10.0,"turns":5.0},{"damage":9.0,"enemies":"Gremlin Nob","floor":11.0,"turns":3.0},{"damage":7.0,"enemies":"Red Slaver","floor":13.0,"turns":4.0},{"damage":0.0,"enemies":"The Guardian","floor":16.0,"turns":7.0},{"damage":4.0,"enemies":"Spheric Guardian","floor":18.0,"turns":3.0},{"damage":2.0,"enemies":"3 Byrds","floor":20.0,"turns":3.0},{"damage":10.0,"enemies":"Snake Plant","floor":21.0,"turns":4.0},{"damage":0.0,"enemies":"Centurion and Healer","floor":22.0,"turns":4.0},{"damage":13.0,"enemies":"Slavers","floor":23.0,"turns":3.0},{"damage":3.0,"enemies":"Book of Stabbing","floor":25.0,"turns":3.0},{"damage":0.0,"enemies":"Sentry and Sphere","floor":27.0,"turns":3.0},{"damage":1.0,"enemies":"Shelled Parasite and Fungi","floor":28.0,"turns":2.0},{"damage":0.0,"enemies":"Centurion and Healer","floor":29.0,"turns":3.0},{"damage":0.0,"enemies":"Slavers","floor":30.0,"turns":2.0},{"damage":0.0,"enemies":"3 Cultists","floor":31.0,"turns":2.0},{"damage":0.0,"enemies":"Automaton","floor":33.0,"turns":4.0},{"damage":0.0,"enemies":"3 Darklings","floor":35.0,"turns":2.0},{"damage":0.0,"enemies":"3 Shapes","floor":36.0,"turns":1.0},{"damage":0.0,"enemies":"Writhing Mass","floor":37.0,"turns":2.0},{"damage":0,"enemies":"Reptomancer","floor":40,"turns":2},{"damage":0,"enemies":"Nemesis","floor":42,"turns":3},{"damage":0,"enemies":"Jaw Worm Horde","floor":44,"turns":1},{"damage":0,"enemies":"3 Darklings","floor":47,"turns":1},{"damage":0,"enemies":"Sphere and 2 Shapes","floor":48,"turns":2},{"damage":9,"enemies":"Awakened One","floor":50,"turns":6}],"seed_played":"7587545729265002410","potions_obtained":[{"floor":5.0,"key":"SteroidPotion"},{"floor":6.0,"key":"EssenceOfSteel"},{"floor":10.0,"key":"SpeedPotion"},{"floor":11.0,"key":"GhostInAJar"},{"floor":22.0,"key":"Strength Potion"},{"floor":23.0,"key":"SpeedPotion"},{"floor":29.0,"key":"Poison Potion"},{"floor":33.0,"key":"SkillPotion"},{"floor":40,"key":"GhostInAJar"}],"is_trial":true,"path_per_floor":["M","?","M","M","M","E","R","M","T","E","E","$","M","T","R","B",null,"M","?","M","M","M","E","R","E","T","M","M","M","E","M","R","B",null,"M","M","M","T","$","E","?","E","T","M","T","R","M","M","R","B",null],"character_chosen":"THE_SILENT","items_purchased":["Bag of Preparation","TwistedFunnel","Footwork","Calculated Gamble","Lantern"],"campfire_rested":1,"item_purchase_floors":[12,12,12,39,39],"current_hp_per_floor":[63,63,63,63,58,39,39,36,36,27,18,18,11,11,32,32,70,66,66,66,58,60,49,49,48,48,50,51,53,55,57,57,59,70,70,70,70,70,70,70,70,70,77,77,77,77,77,77,77,68],"gold":764,"neow_bonus":"","is_prod":false,"is_daily":false,"chose_seed":false,"campfire_upgraded":5,"win_rate":0,"timestamp":1551132350,"path_taken":["M","?","M","M","M","E","R","?","T","E","?","$","M","?","R","BOSS","M","?","?","M","M","E","R","E","T","M","M","M","E","M","R","BOSS","M","M","M","?","$","E","?","E","T","M","?","R","M","M","R","BOSS"],"build_version":"2019-01-23","purchased_purges":1,"victory":true,"max_hp_per_floor":[70,70,70,70,70,70,70,70,70,70,70,70,70,70,70,70,70,70,70,70,70,70,70,70,70,70,70,70,70,70,70,70,70,70,70,70,70,70,70,70,70,70,77,77,77,77,77,77,77,77],"card_choices":[{"not_picked":["Dagger Throw","Blur"],"picked":"Well Laid Plans","floor":0.0},{"not_picked":["Dagger Spray","Bane"],"picked":"Flying Knee","floor":0.0},{"not_picked":["Dagger Spray","Deflect"],"picked":"Choke","floor":0.0},{"not_picked":["Acrobatics","Cloak And Dagger"],"picked":"Backflip","floor":0.0},{"not_picked":["Deflect","Catalyst"],"picked":"Slice","floor":0.0},{"not_picked":["Riddle With Holes","Blade Dance"],"picked":"Tactician","floor":0.0},{"not_picked":["Cloak And Dagger","Quick Slash"],"picked":"Backflip","floor":0.0},{"not_picked":["Catalyst","Well Laid Plans"],"picked":"Noxious Fumes","floor":0.0},{"not_picked":["Heel Hook","Catalyst"],"picked":"Dodge and Roll","floor":0.0},{"not_picked":["Dagger Spray","Outmaneuver"],"picked":"Bane","floor":0.0},{"not_picked":["Quick Slash","Outmaneuver"],"picked":"Expertise","floor":0.0},{"not_picked":["PiercingWail","Acrobatics"],"picked":"Underhanded Strike","floor":0.0},{"not_picked":["Deadly Poison","Flying Knee"],"picked":"Reflex","floor":0.0},{"not_picked":["Sucker Punch","Underhanded Strike"],"picked":"Quick Slash","floor":0.0},{"not_picked":["Dagger Spray","Cloak And Dagger"],"picked":"Prepared","floor":0.0},{"not_picked":["Sucker Punch","Flying Knee","Distraction","Choke"],"picked":"SKIP","floor":6.0},{"not_picked":["Poisoned Stab","Cloak And Dagger","Blade Dance"],"picked":"Prepared","floor":10.0},{"not_picked":["Masterful Stab","Backflip","Noxious Fumes"],"picked":"Footwork","floor":11.0},{"not_picked":["Die Die Die","Storm of Steel","A Thousand Cuts"],"picked":"Tools of the Trade","floor":16.0},{"not_picked":["Bane"],"picked":"Venomology","floor":23.0},{"not_picked":["Masterful Stab+1","Slice+1"],"picked":"SKIP","floor":25.0},{"not_picked":["Cloak And Dagger"],"picked":"Dagger Throw+1","floor":30.0},{"not_picked":["Die Die Die"],"picked":"Envenom","floor":33.0},{"not_picked":["Deadly Poison","Eviscerate"],"picked":"SKIP","floor":40},{"not_picked":["Quick Slash","Flying Knee"],"picked":"SKIP","floor":42}],"player_experience":360950,"relics_obtained":[{"floor":1.0,"key":"Dead Branch"},{"floor":3.0,"key":"Question Card"},{"floor":4.0,"key":"Oddly Smooth Stone"},{"floor":5.0,"key":"Orichalcum"},{"floor":6.0,"key":"Art of War"},{"floor":8.0,"key":"Prayer Wheel"},{"floor":9.0,"key":"Blue Candle"},{"floor":10.0,"key":"Boot"},{"floor":11.0,"key":"Omamori"},{"floor":13.0,"key":"Matryoshka"},{"floor":14.0,"key":"Whetstone"},{"floor":14.0,"key":"Pen Nib"},{"floor":18.0,"key":"Blood Vial"},{"floor":20.0,"key":"Potion Belt"},{"floor":21.0,"key":"Anchor"},{"floor":22.0,"key":"Bottled Tornado"},{"floor":23.0,"key":"Mummified Hand"},{"floor":25.0,"key":"Gremlin Horn"},{"floor":26.0,"key":"Smiling Mask"},{"floor":26.0,"key":"Bottled Flame"},{"floor":27.0,"key":"The Courier"},{"floor":28.0,"key":"Tiny Chest"},{"floor":29.0,"key":"Shuriken"},{"floor":30.0,"key":"Bag of Marbles"},{"floor":31.0,"key":"Bronze Scales"},{"floor":35.0,"key":"Happy Flower"},{"floor":36.0,"key":"PreservedInsect"},{"floor":37.0,"key":"Frozen Egg 2"},{"floor":38.0,"key":"Meat on the Bone"},{"floor":40,"key":"Ginger"},{"floor":42,"key":"Ornamental Fan"},{"floor":43,"key":"Strawberry"},{"floor":44,"key":"Vajra"},{"floor":45,"key":"Molten Egg 2"},{"floor":47,"key":"MawBank"},{"floor":48,"key":"War Paint"}],"event_choices":[{"damage_healed":0.0,"max_hp_gain":0.0,"max_hp_loss":0.0,"gold_gain":175.0,"event_name":"Liars Game","player_choice":"AGREE","floor":2.0,"gold_loss":0.0,"damage_taken":0.0,"cards_obtained":["Doubt"]},{"damage_healed":0.0,"max_hp_gain":0.0,"max_hp_loss":0.0,"gold_gain":0.0,"event_name":"The Library","player_choice":"Read","floor":19.0,"gold_loss":0.0,"damage_taken":0.0,"cards_obtained":["Well Laid Plans"]},{"damage_healed":0,"gold_gain":0,"player_choice":"Ignored","damage_taken":0,"max_hp_gain":0,"max_hp_loss":0,"event_name":"Tomb of Lord Red Mask","floor":41,"gold_loss":0}],"is_beta":false,"boss_relics":[{"not_picked":["WristBlade","Runic Dome"],"picked":"Busted Crown"},{"not_picked":["Philosopher\u0027s Stone","Velvet Choker"],"picked":"Ring of the Serpent"}],"items_purged_floors":[12],"is_endless":false,"potions_floor_spawned":[5,6,10,11,22,23,29,30,31,33,35,37,40,44,47],"ascension_level":0}