{"gold_per_floor":[115,115,132,144,144,144,177,190,215,250,250,263,263,281,281,377,377,390,404,424,424,56,56],"floor_reached":23,"playtime":1316,"items_purged":[],"score":340,"play_id":"51ee041b-8c1b-4610-a751-5908d2744818","local_time":"20181229111139","is_ascension_mode":true,"campfire_choices":[{"data":"Neutralize","floor":6.0,"key":"SMITH"},{"floor":13.0,"key":"REST"},{"data":"Crippling Poison","floor":15.0,"key":"SMITH"}],"neow_cost":"NONE","seed_source_timestamp":65507779779300,"circlet_count":0,"master_deck":["AscendersBane","Defend_G","Defend_G","Defend_G","Defend_G","Defend_G","Survivor","Neutralize+1","Flying Knee","PiercingWail","Sucker Punch","Backflip","Sucker Punch","Crippling Poison+1","Poisoned Stab","Predator","Envenom","Sucker Punch+1","Footwork+1","Bite","Bite","Bite","Bite","Bite","Catalyst"],"special_seed":0,"relics":["Ring of the Snake","Lantern","Anchor","Bag of Marbles","Shuriken","Black Star","The Specimen"],"potions_floor_usage":[],"damage_taken":[{"damage":0.0,"enemies":"2 Louse","floor":1.0,"turns":4.0},{"damage":2.0,"enemies":"Cultist","floor":3.0,"turns":5.0},{"damage":1.0,"enemies":"Small Slimes","floor":4.0,"turns":5.0},{"damage":27.0,"enemies":"3 Sentries","floor":7.0,"turns":12.0},{"damage":2.0,"enemies":"Exordium Wildlife","floor":8.0,"turns":8.0},{"damage":2.0,"enemies":"Lagavulin","floor":10.0,"turns":4.0},{"damage":6.0,"enemies":"Large Slime","floor":12.0,"turns":6.0},{"damage":0.0,"enemies":"Blue Slaver","floor":14.0,"turns":2.0},{"damage":28.0,"enemies":"Slime Boss","floor":16.0,"turns":8.0},{"damage":0.0,"enemies":"Chosen","floor":18.0,"turns":4.0},{"damage":14,"enemies":"2 Thieves","floor":19,"turns":3},{"damage":31,"enemies":"Snake Plant","floor":20,"turns":5},{"damage":22,"enemies":"Book of Stabbing","floor":23,"turns":4}],"seed_played":"6350475683986914710","potions_obtained":[{"floor":4.0,"key":"Strength Potion"},{"floor":8.0,"key":"SkillPotion"},{"floor":16.0,"key":"GamblersBrew"}],"is_trial":false,"path_per_floor":["M","?","M","M","?","R","E","M","T","E","?","M","R","M","R","B",null,"M","M","M","?","$","E"],"character_chosen":"THE_SILENT","items_purchased":["The Specimen","Catalyst"],"campfire_rested":1,"item_purchase_floors":[22,22],"current_hp_per_floor":[70,70,68,67,60,60,33,31,31,29,29,23,46,46,46,18,62,62,48,17,17,17,0],"gold":56,"neow_bonus":"TEN_PERCENT_HP_BONUS","is_prod":false,"is_daily":false,"chose_seed":false,"campfire_upgraded":2,"win_rate":0,"timestamp":1546078299,"path_taken":["M","?","?","M","?","R","E","M","T","E","?","M","R","M","R","BOSS","M","M","M","?","$","E"],"build_version":"2018-12-20","purchased_purges":0,"victory":false,"max_hp_per_floor":[77,77,77,77,77,77,77,77,77,77,77,77,77,77,77,77,77,77,77,77,53,53,53],"card_choices":[{"not_picked":["Prepared","Setup"],"picked":"Flying Knee","floor":1.0},{"not_picked":["Deflect","Bane"],"picked":"PiercingWail","floor":3.0},{"not_picked":["Acrobatics","Blade Dance"],"picked":"Sucker Punch","floor":4.0},{"not_picked":["Acrobatics","Escape Plan"],"picked":"Backflip","floor":7.0},{"not_picked":["Outmaneuver","Prepared"],"picked":"Sucker Punch","floor":8.0},{"not_picked":["PiercingWail","Phantasmal Killer"],"picked":"Crippling Poison","floor":10.0},{"not_picked":["Riddle With Holes","Deadly Poison"],"picked":"Poisoned Stab","floor":12.0},{"not_picked":["Deadly Poison","Caltrops"],"picked":"Predator","floor":14.0},{"not_picked":["Adrenaline","A Thousand Cuts"],"picked":"Envenom","floor":16.0},{"not_picked":["Dodge and Roll","PiercingWail","Bane"],"picked":"SKIP","floor":18.0},{"not_picked":["Calculated Gamble","Underhanded Strike"],"picked":"Sucker Punch+1","floor":19},{"not_picked":["Tactician","Escape Plan"],"picked":"Footwork+1","floor":20}],"player_experience":520214,"relics_obtained":[{"floor":7.0,"key":"Anchor"},{"floor":9.0,"key":"Bag of Marbles"},{"floor":10.0,"key":"Shuriken"}],"event_choices":[{"damage_healed":0.0,"max_hp_gain":0.0,"max_hp_loss":0.0,"gold_gain":0.0,"event_name":"The Woman in Blue","player_choice":"Bought 0 Potions","floor":2.0,"gold_loss":0.0,"damage_taken":0.0},{"damage_healed":0.0,"max_hp_gain":0.0,"max_hp_loss":0.0,"gold_gain":0.0,"event_name":"Scrap Ooze","player_choice":"Success","floor":5.0,"gold_loss":0.0,"damage_taken":7.0,"relics_obtained":["Lantern"]},{"damage_healed":0.0,"max_hp_gain":0.0,"max_hp_loss":0.0,"gold_gain":0.0,"event_name":"Liars Game","player_choice":"Ignored","floor":11.0,"gold_loss":0.0,"damage_taken":0.0},{"damage_healed":0,"gold_gain":0,"player_choice":"Became a vampire","damage_taken":0,"max_hp_gain":0,"max_hp_loss":24,"event_name":"Vampires","floor":21,"gold_loss":0,"cards_obtained":["Bite","Bite","Bite","Bite","Bite"]}],"is_beta":false,"boss_relics":[{"not_picked":["Pandora\u0027s Box","Ring of the Serpent"],"picked":"Black Star"}],"items_purged_floors":[],"is_endless":false,"potions_floor_spawned":[4,8,16],"killed_by":"Book of Stabbing","ascension_level":11}