{"gold_per_floor":[16,31,306,317,317,352,352,352,352,113,130,157,175,194,194,194],"floor_reached":16,"playtime":456,"items_purged":["Defend_R"],"score":199,"play_id":"c19b8262-0704-421d-833d-90325d1bdf13","local_time":"20190302235304","is_ascension_mode":true,"campfire_choices":[{"data":"Perfected Strike","floor":7,"key":"SMITH"},{"data":"Bash","floor":15,"key":"SMITH"}],"neow_cost":"NO_GOLD","seed_source_timestamp":95722816221158,"circlet_count":0,"master_deck":["AscendersBane","Strike_R","Strike_R","Strike_R","Strike_R","Strike_R","Defend_R+1","Defend_R+1","Defend_R","Bash+1","Flex","Battle Trance","Perfected Strike+1","Thunderclap"],"relics":["Burning Blood","Kunai","Bottled Flame","War Paint","Odd Mushroom"],"potions_floor_usage":[12,14],"damage_taken":[{"damage":7,"enemies":"Small Slimes","floor":1,"turns":4},{"damage":1,"enemies":"Cultist","floor":2,"turns":3},{"damage":11,"enemies":"Jaw Worm","floor":4,"turns":3},{"damage":69,"enemies":"Lagavulin","floor":6,"turns":8},{"damage":3,"enemies":"Looter","floor":11,"turns":2},{"damage":13,"enemies":"The Mushroom Lair","floor":12,"turns":4},{"damage":9,"enemies":"3 Louse","floor":13,"turns":4},{"damage":12,"enemies":"Exordium Wildlife","floor":14,"turns":3},{"damage":0,"enemies":"Hexaghost","floor":16,"turns":1}],"seed_played":"3769446308767696972","potions_obtained":[{"floor":1,"key":"BloodPotion"},{"floor":6,"key":"AttackPotion"},{"floor":12,"key":"GamblersBrew"}],"is_trial":false,"path_per_floor":["M","M","?","M","?","E","R","?","T","$","M","?","M","M","R","B"],"character_chosen":"IRONCLAD","items_purchased":["War Paint"],"campfire_rested":0,"item_purchase_floors":[10],"current_hp_per_floor":[81,86,86,81,86,23,23,16,16,16,19,12,9,12,12,12],"gold":194,"neow_bonus":"TWENTY_PERCENT_HP_BONUS","is_prod":false,"is_daily":false,"chose_seed":false,"campfire_upgraded":2,"win_rate":0,"timestamp":1551538384,"path_taken":["M","M","?","?","?","E","R","?","T","$","M","?","?","M","R","BOSS"],"build_version":"2019-01-23","purchased_purges":1,"victory":false,"max_hp_per_floor":[89,89,89,89,94,94,94,94,94,94,94,94,94,94,94,94],"card_choices":[{"not_picked":["Rupture","Armaments"],"picked":"Flex","floor":1},{"not_picked":["Entrench","Rupture"],"picked":"Battle Trance","floor":2},{"not_picked":["Wild Strike","Warcry"],"picked":"Perfected Strike","floor":4},{"not_picked":["Body Slam","Clothesline","True Grit"],"picked":"SKIP","floor":6},{"not_picked":["Sword Boomerang","Searing Blow","Anger"],"picked":"SKIP","floor":11},{"not_picked":["Bloodletting","Armaments"],"picked":"Thunderclap","floor":12},{"not_picked":["Sword Boomerang","Reaper","Havoc"],"picked":"SKIP","floor":13},{"not_picked":["Sword Boomerang","Bloodletting","Sever Soul"],"picked":"SKIP","floor":14}],"player_experience":1013927,"relics_obtained":[{"floor":6,"key":"Kunai"},{"floor":9,"key":"Bottled Flame"},{"floor":12,"key":"Odd Mushroom"}],"event_choices":[{"damage_healed":0,"gold_gain":275,"player_choice":"Desecrate","damage_taken":0,"max_hp_gain":0,"max_hp_loss":0,"event_name":"Golden Shrine","floor":3,"gold_loss":0,"cards_obtained":["Regret"]},{"damage_healed":0,"gold_gain":0,"player_choice":"Donut","damage_taken":0,"max_hp_gain":5,"max_hp_loss":0,"event_name":"Big Fish","floor":5,"gold_loss":0},{"cards_removed":["Regret"],"damage_healed":0,"gold_gain":0,"player_choice":"Card Removal","damage_taken":7,"max_hp_gain":0,"max_hp_loss":0,"event_name":"Golden Wing","floor":8,"gold_loss":0},{"damage_healed":0,"gold_gain":0,"player_choice":"Fought Mushrooms","damage_taken":0,"max_hp_gain":0,"max_hp_loss":0,"event_name":"Mushrooms","floor":12,"gold_loss":0}],"is_beta":false,"boss_relics":[],"items_purged_floors":[10],"is_endless":false,"potions_floor_spawned":[1,6,12],"killed_by":"Hexaghost","ascension_level":19}