{"path_per_floor":["M","M","M","$","M","E","M","R","T","M","R","M","R","$","R","B",null,"M","?","M","M","M","M","$","E","T"],"character_chosen":"IRONCLAD","items_purchased":["Bag of Preparation"],"gold_per_floor":[115,133,148,1,14,48,63,63,63,79,79,89,89,14,14,113,113,132,47,66,80,93,106,6,36,60],"floor_reached":27,"campfire_rested":0,"playtime":3443,"current_hp_per_floor":[61,66,69,69,49,26,27,27,27,35,35,35,35,35,35,28,59,67,67,67,54,51,59,59,22,22],"items_purged":["Parasite","Strike_R"],"gold":60,"play_id":"30828bfc-e198-400e-aa4e-d4e505edb610","is_prod":false,"is_daily":false,"is_ascension_mode":true,"campfire_upgraded":4,"path_taken":["M","M","M","$","M","E","M","R","T","M","R","?","R","$","R","BOSS","M","?","M","M","M","M","$","E","T","?"],"build_version":"2018-02-01-PROD3","purchased_purges":2,"victory":false,"master_deck":["Strike_R","Strike_R","Strike_R","Strike_R","Defend_R","Defend_R","Defend_R","Defend_R","Bash","Rampage+1","True Grit+1","Carnage","Pommel Strike+1","Armaments+1","Flame Barrier","Flame Barrier","Shrug It Off","Fiend Fire","Headbutt","Rupture","Combust","Sentinel","Burning Pact"],"max_hp_per_floor":[72,72,72,72,72,72,72,72,72,72,72,72,72,69,69,69,69,69,69,69,69,69,69,69,69,69],"relics":["Burning Blood","Red Skull","Bag of Preparation","Matryoshka","Blood Vial","Art of War","Mark of Pain","Prayer Wheel","Vajra","Dream Catcher","Omamori"],"card_choices":[{"not_picked":["Uppercut","Sever Soul"],"picked":"Rampage"},{"not_picked":["Entrench","Heavy Blade"],"picked":"True Grit"},{"not_picked":["Dark Embrace","Thunderclap"],"picked":"Carnage"},{"not_picked":["Wild Strike","Twin Strike"],"picked":"Pommel Strike"},{"not_picked":["Disarm","Blood for Blood"],"picked":"Armaments"},{"not_picked":["Clash","Clothesline"],"picked":"Flame Barrier"},{"not_picked":["Combust","Intimidate"],"picked":"Flame Barrier"},{"not_picked":["Armaments","Infernal Blade"],"picked":"Shrug It Off"},{"not_picked":["Immolate","Bludgeon"],"picked":"Fiend Fire"},{"not_picked":["Clothesline","Second Wind"],"picked":"Headbutt"},{"not_picked":["Cleave","Thunderclap"],"picked":"Rupture"},{"not_picked":["True Grit","Warcry"],"picked":"Combust"},{"not_picked":["True Grit","Fiend Fire"],"picked":"Sentinel"},{"not_picked":["Iron Wave","Berserk"],"picked":"Burning Pact"}],"player_experience":575716,"potions_floor_usage":[6,10,21,23],"damage_taken":[{"damage":17,"enemies":"Blue Slaver","floor":1,"turns":5},{"damage":1,"enemies":"Cultist","floor":2,"turns":4},{"damage":3,"enemies":"2 Louse","floor":3,"turns":3},{"damage":26,"enemies":"Exordium Thugs","floor":5,"turns":6},{"damage":29,"enemies":"Lagavulin","floor":6,"turns":7},{"damage":5,"enemies":"Gremlin Gang","floor":7,"turns":5},{"damage":0,"enemies":"3 Louse","floor":10,"turns":2},{"damage":8,"enemies":"Large Slime","floor":12,"turns":5},{"damage":15,"enemies":"The Guardian","floor":16,"turns":14},{"damage":0,"enemies":"3 Byrds","floor":18,"turns":3},{"damage":8,"enemies":"Spheric Guardian","floor":20,"turns":4},{"damage":21,"enemies":"Cultist and Chosen","floor":21,"turns":5},{"damage":11,"enemies":"Centurion and Healer","floor":22,"turns":6},{"damage":0,"enemies":"Snecko","floor":23,"turns":3},{"damage":45,"enemies":"Gremlin Leader","floor":25,"turns":7},{"damage":26,"enemies":"Cultist and Chosen","floor":27,"turns":4}],"event_choices":[{"event_name":"Addict","player_choice":"Obtained Relic","floor":19,"damage_taken":0}],"boss_relics":[{"not_picked":["Runic Pyramid","Astrolabe"],"picked":"Mark of Pain"}],"potions_floor_spawned":[3,5,6,16,20,22],"seed_played":"-3194697798837915685","killed_by":"Cultist and Chosen","ascension_level":10,"is_trial":false}