{"gold_per_floor":[115,3,20,34,64,89,89,101,125,150,170,188,188,188,188,291,291,307,307,325,66,82,82,32,32,57,88,88,107,120,120,120,220,220,235,235,245,38,38,72,72,98,98,46,46,97,115,125,125,125],"floor_reached":51,"playtime":2817,"items_purged":["Well Laid Plans+1"],"score":760,"play_id":"a5e257fb-6e10-482f-a9cf-72774899eaf4","local_time":"20181201142825","is_ascension_mode":false,"campfire_choices":[{"data":"Footwork","floor":7.0,"key":"SMITH"},{"floor":13.0,"key":"REST"},{"data":"A Thousand Cuts","floor":15.0,"key":"SMITH"},{"data":"Footwork","floor":23.0,"key":"SMITH"},{"floor":28.0,"key":"REST"},{"floor":32.0,"key":"REST"},{"data":"Caltrops","floor":41.0,"key":"SMITH"},{"data":"Accuracy","floor":45,"key":"SMITH"},{"floor":49,"key":"RECALL"}],"neow_cost":"NONE","seed_source_timestamp":6842039045770,"circlet_count":0,"master_deck":["Defend_G+1","Defend_G+1","Defend_G+1","Defend_G+1","Defend_G+1","Strike_G+1","Strike_G+1","Strike_G+1","Strike_G+1","Survivor+1","Neutralize+1","Blur+1","Footwork+1","Terror+1","PiercingWail+1","A Thousand Cuts+1","Sucker Punch+1","Cloak And Dagger+1","Storm of Steel+1","Die Die Die+1","Leg Sweep+1","Bouncing Flask+1","Acrobatics+1","Dodge and Roll+1","Footwork+1","Backflip+1","Cloak And Dagger+1","Adrenaline+1","Storm of Steel+1","Escape Plan+1","Doppelganger+1","Deflect+1","Crippling Poison+1","Accuracy+1","Caltrops+1","Dodge and Roll+1","Accuracy+1","Deflect+1","Accuracy+1"],"special_seed":0,"relics":["Snecko Eye","Tiny Chest","Ancient Tea Set","Strawberry","StoneCalendar","Orrery","Bronze Scales","Art of War","Bag of Preparation","Happy Flower","Philosopher\u0027s Stone","Membership Card","Mark of the Bloom","Whetstone","Regal Pillow","The Courier","Unceasing Top"],"potions_floor_usage":[50,50],"damage_taken":[{"damage":0.0,"enemies":"Cultist","floor":1.0,"turns":5.0},{"damage":3.0,"enemies":"Jaw Worm","floor":3.0,"turns":5.0},{"damage":6.0,"enemies":"2 Louse","floor":4.0,"turns":3.0},{"damage":8.0,"enemies":"Gremlin Nob","floor":6.0,"turns":4.0},{"damage":6.0,"enemies":"Blue Slaver","floor":8.0,"turns":5.0},{"damage":17.0,"enemies":"3 Sentries","floor":10.0,"turns":3.0},{"damage":9.0,"enemies":"Large Slime","floor":11.0,"turns":7.0},{"damage":6.0,"enemies":"Gremlin Gang","floor":12.0,"turns":7.0},{"damage":18.0,"enemies":"Slime Boss","floor":16.0,"turns":8.0},{"damage":8.0,"enemies":"Spheric Guardian","floor":18.0,"turns":6.0},{"damage":2.0,"enemies":"Shell Parasite","floor":20.0,"turns":6.0},{"damage":5.0,"enemies":"Centurion and Healer","floor":22.0,"turns":6.0},{"damage":29.0,"enemies":"Slavers","floor":27.0,"turns":5.0},{"damage":19.0,"enemies":"Cultist and Chosen","floor":29.0,"turns":7.0},{"damage":12.0,"enemies":"Chosen and Byrds","floor":30.0,"turns":4.0},{"damage":41.0,"enemies":"Automaton","floor":33.0,"turns":12.0},{"damage":0.0,"enemies":"3 Shapes","floor":35.0,"turns":4.0},{"damage":3.0,"enemies":"Orb Walker","floor":37.0,"turns":4.0},{"damage":0.0,"enemies":"Giant Head","floor":40.0,"turns":6.0},{"damage":24.0,"enemies":"Nemesis","floor":42.0,"turns":7.0},{"damage":0,"enemies":"2 Orb Walkers","floor":46,"turns":3},{"damage":0,"enemies":"Maw","floor":47,"turns":6},{"damage":1,"enemies":"3 Darklings","floor":48,"turns":3},{"damage":46,"enemies":"Awakened One","floor":50,"turns":9}],"seed_played":"7842933750300185316","potions_obtained":[{"floor":1.0,"key":"SteroidPotion"},{"floor":8.0,"key":"SkillPotion"},{"floor":12.0,"key":"LiquidBronze"},{"floor":18.0,"key":"Weak Potion"},{"floor":20.0,"key":"EssenceOfSteel"},{"floor":30.0,"key":"Ancient Potion"},{"floor":33.0,"key":"Energy Potion"},{"floor":35.0,"key":"Weak Potion"},{"floor":37.0,"key":"EssenceOfSteel"}],"is_trial":false,"path_per_floor":["M","$","M","M","?","E","R","M","T","E","M","M","R","?","R","B",null,"M","?","M","$","M","R","$","?","T","E","R","M","M","T","R","B",null,"M","?","M","$","?","E","R","E","T","$","R","?","M","M","R","B",null],"character_chosen":"THE_SILENT","items_purchased":["Footwork","Terror","Footwork","Backflip","Bronze Scales","Cloak And Dagger","Membership Card","Accuracy"],"campfire_rested":3,"item_purchase_floors":[2,2,21,21,21,24,38,44],"current_hp_per_floor":[70,70,67,61,61,53,53,47,54,37,28,22,45,45,45,27,77,69,69,67,67,62,62,62,62,62,33,56,37,25,25,48,7,77,77,77,74,74,74,74,74,50,50,50,50,50,50,49,49,3],"gold":125,"neow_bonus":"BOSS_RELIC","is_prod":false,"is_daily":false,"chose_seed":false,"campfire_upgraded":5,"win_rate":0,"timestamp":1543670905,"path_taken":["M","$","?","M","?","E","R","M","T","E","?","M","R","?","R","BOSS","M","?","M","$","M","R","$","?","T","E","R","?","M","?","R","BOSS","M","?","?","$","?","E","R","E","T","$","R","?","M","M","R","BOSS"],"build_version":"2018-11-15","purchased_purges":1,"victory":true,"max_hp_per_floor":[70,70,70,70,70,70,70,70,77,77,77,77,77,77,77,77,77,77,77,77,77,77,77,77,77,77,77,77,77,77,77,77,77,77,77,77,77,77,77,77,77,77,77,77,77,77,77,77,77,77],"card_choices":[{"not_picked":["Skewer","PiercingWail"],"picked":"Blur","floor":1.0},{"not_picked":["Underhanded Strike","Reflex","Bane"],"picked":"SKIP","floor":3.0},{"not_picked":["Endless Agony","Terror","Finisher"],"picked":"SKIP","floor":4.0},{"not_picked":["Quick Slash","Prepared"],"picked":"PiercingWail","floor":6.0},{"not_picked":["Slice","Deadly Poison"],"picked":"A Thousand Cuts","floor":8.0},{"not_picked":["Skewer","Deadly Poison"],"picked":"Sucker Punch","floor":10.0},{"not_picked":["Bouncing Flask","Prepared"],"picked":"Cloak And Dagger","floor":11.0},{"not_picked":["Terror","Calculated Gamble","Choke"],"picked":"SKIP","floor":12.0},{"not_picked":["Venomology","Bullet Time"],"picked":"Storm of Steel","floor":16.0},{"not_picked":["Dagger Spray","Endless Agony"],"picked":"Die Die Die","floor":17.0},{"not_picked":["Escape Plan","PiercingWail"],"picked":"Leg Sweep","floor":17.0},{"not_picked":["Slice","Deflect"],"picked":"Bouncing Flask","floor":17.0},{"not_picked":["PiercingWail","Finisher"],"picked":"Acrobatics","floor":17.0},{"not_picked":["Expertise+1","Flying Knee","Calculated Gamble"],"picked":"SKIP","floor":18.0},{"not_picked":["Flying Knee","Masterful Stab"],"picked":"Dodge and Roll+1","floor":20.0},{"not_picked":["Poisoned Stab","Slice","Terror"],"picked":"SKIP","floor":22.0},{"not_picked":["Quick Slash","Setup"],"picked":"Storm of Steel","floor":27.0},{"not_picked":["Reflex","Dagger Throw"],"picked":"Well Laid Plans","floor":29.0},{"not_picked":["Prepared","Tactician+1"],"picked":"Escape Plan","floor":30.0},{"not_picked":["Night Terror","Grand Finale"],"picked":"Doppelganger","floor":33.0},{"not_picked":["Slice","Flechettes+1"],"picked":"Deflect+1","floor":35.0},{"not_picked":["Underhanded Strike","Flying Knee+1"],"picked":"Accuracy+1","floor":37.0},{"not_picked":["Prepared","Underhanded Strike"],"picked":"Caltrops","floor":40.0},{"not_picked":["Quick Slash","Outmaneuver+1"],"picked":"Dodge and Roll+1","floor":42.0},{"not_picked":["Prepared+1","Underhanded Strike"],"picked":"Deflect+1","floor":46},{"not_picked":["Flying Knee+1","Dagger Throw","PiercingWail"],"picked":"SKIP","floor":47},{"not_picked":["Infinite Blades","Escape Plan+1"],"picked":"Accuracy+1","floor":48}],"player_experience":478309,"relics_obtained":[{"floor":5.0,"key":"Tiny Chest"},{"floor":6.0,"key":"Ancient Tea Set"},{"floor":9.0,"key":"Strawberry"},{"floor":10.0,"key":"StoneCalendar"},{"floor":26.0,"key":"Art of War"},{"floor":27.0,"key":"Bag of Preparation"},{"floor":31.0,"key":"Happy Flower"},{"floor":40.0,"key":"Whetstone"},{"floor":42.0,"key":"Regal Pillow"},{"floor":43.0,"key":"The Courier"},{"floor":46,"key":"Unceasing Top"}],"event_choices":[{"damage_healed":0.0,"max_hp_gain":0.0,"max_hp_loss":0.0,"gold_gain":0.0,"event_name":"Wheel of Change","player_choice":"Relic","floor":5.0,"gold_loss":0.0,"damage_taken":0.0},{"damage_healed":0.0,"max_hp_gain":0.0,"max_hp_loss":0.0,"gold_gain":0.0,"event_name":"Golden Idol","player_choice":"Ignored","floor":14.0,"gold_loss":0.0,"damage_taken":0.0},{"damage_healed":0.0,"max_hp_gain":0.0,"max_hp_loss":0.0,"gold_gain":0.0,"event_name":"Ghosts","player_choice":"Ignored","floor":19.0,"gold_loss":0.0,"damage_taken":0.0},{"damage_healed":0.0,"max_hp_gain":0.0,"max_hp_loss":0.0,"gold_gain":0.0,"cards_transformed":["Strike_G"],"event_name":"Transmorgrifier","player_choice":"Transformed","floor":25.0,"gold_loss":0.0,"damage_taken":0.0,"cards_obtained":["Adrenaline"]},{"damage_healed":0.0,"max_hp_gain":0.0,"max_hp_loss":0.0,"gold_gain":0.0,"event_name":"Match and Keep!","player_choice":"1 cards matched","floor":36.0,"gold_loss":0.0,"damage_taken":0.0,"cards_obtained":["Crippling Poison"]},{"damage_healed":0.0,"max_hp_gain":0.0,"max_hp_loss":0.0,"gold_gain":0.0,"event_name":"Match and Keep!","player_choice":"1 cards matched","floor":36.0,"gold_loss":0.0,"damage_taken":0.0,"cards_obtained":["Crippling Poison"]},{"damage_healed":0.0,"max_hp_gain":0.0,"max_hp_loss":0.0,"gold_gain":0.0,"event_name":"MindBloom","player_choice":"Upgrade","floor":39.0,"gold_loss":0.0,"damage_taken":0.0,"cards_upgraded":["Defend_G","Defend_G","Defend_G","Defend_G","Defend_G","Strike_G","Strike_G","Strike_G","Strike_G","Survivor","Neutralize","Blur","Terror","PiercingWail","Sucker Punch","Cloak And Dagger","Storm of Steel","Die Die Die","Leg Sweep","Bouncing Flask","Acrobatics","Backflip","Cloak And Dagger","Adrenaline","Storm of Steel","Well Laid Plans","Escape Plan","Doppelganger","Crippling Poison"],"relics_obtained":["Mark of the Bloom"]},{"damage_healed":0,"gold_gain":0,"player_choice":"Fight","damage_taken":0,"max_hp_gain":0,"max_hp_loss":0,"event_name":"Mysterious Sphere","floor":46,"gold_loss":0}],"is_beta":false,"boss_relics":[{"not_picked":["Coffee Dripper","Eternal Feather"],"picked":"Orrery"},{"not_picked":["Runic Pyramid","Tiny House"],"picked":"Philosopher\u0027s Stone"}],"items_purged_floors":[44],"is_endless":false,"potions_floor_spawned":[1,8,12,18,20,30,33,35,37],"ascension_level":0}