{"path_per_floor":["M","?","?","M","M","R","?","R","T","M","?","$","M","$","R","B",null,"M","M","?","M","M","E","T","R","T","R","M","?","M","M","R","B",null,"M","M","?","$","?","R","?","M","T","E","R","M","M","?","R","B"],"character_chosen":"IRONCLAD","items_purchased":["Gremlin Horn","Lantern","Paper Frog","Bronze Scales"],"gold_per_floor":[119,194,194,214,234,234,234,234,234,248,278,29,45,45,45,164,164,187,205,205,226,249,280,280,280,352,352,365,365,388,402,402,526,526,549,562,562,28,28,28,28,46,46,90,90,103,124,0,0,0],"floor_reached":51,"campfire_rested":3,"playtime":3860,"current_hp_per_floor":[80,69,49,52,58,58,42,42,42,48,48,48,50,50,50,19,80,80,80,80,59,65,22,22,46,46,46,36,36,42,45,69,56,80,62,58,58,58,58,58,58,64,64,48,48,42,38,38,62,17],"items_purged":[],"gold":0,"play_id":"7e418441-fef3-4828-8a17-f6ce5befeef6","is_prod":false,"is_daily":false,"campfire_rituals":0,"campfire_upgraded":6,"is_hardmode":false,"path_taken":["M","?","?","M","M","R","?","R","T","?","?","$","M","?","R","BOSS","M","M","?","M","M","E","?","R","T","R","?","?","M","M","R","BOSS","M","M","?","$","?","R","?","M","T","E","R","?","?","?","R","BOSS"],"build_version":"2018-01-11-PROD2","purchased_purges":1,"victory":true,"master_deck":["Strike_R","Strike_R","Strike_R","Defend_R","Defend_R","Defend_R","Defend_R","Bash","Iron Wave","Shrug It Off","Pommel Strike","Spot Weakness","Headbutt","Demon Form","Clash","Pommel Strike","True Grit","Inflame","Shrug It Off","Shrug It Off","Impervious","Flex","Shrug It Off","Warcry","Doubt","Heavy Blade","Intimidate"],"max_hp_per_floor":[80,80,80,80,80,80,80,80,80,80,80,80,80,80,80,80,80,80,80,80,80,80,80,80,80,80,80,80,80,80,80,80,80,80,80,80,80,80,80,80,80,80,80,80,80,80,80,80,80,80],"relics":["Burning Blood","Omamori","Golden Idol","Oddly Smooth Stone","Tiny Chest","Gremlin Horn","Cursed Key","Pantograph","Unceasing Top","Shuriken","Lizard Tail","Lantern","Paper Frog","Bronze Scales","Thread and Needle","Pen Nib","Red Mask"],"campfire_meditates":0,"card_choices":[{"not_picked":["Thunderclap","Clash"],"picked":"Iron Wave"},{"not_picked":["Headbutt","Anger"],"picked":"Shrug It Off"},{"not_picked":["Wild Strike","Armaments"],"picked":"Pommel Strike"},{"not_picked":["Body Slam","Dual Wield"],"picked":"Spot Weakness"},{"not_picked":["Rage","Juggernaut"],"picked":"Headbutt"},{"not_picked":["Fiend Fire","Feed"],"picked":"Demon Form"},{"not_picked":["Wild Strike","Blood for Blood"],"picked":"Clash"},{"not_picked":["Warcry","Iron Wave"],"picked":"Pommel Strike"},{"not_picked":["Feel No Pain","Headbutt"],"picked":"True Grit"},{"not_picked":["Corruption","Clash"],"picked":"Inflame"},{"not_picked":["Dark Embrace","Pommel Strike"],"picked":"Shrug It Off"},{"not_picked":["Iron Wave","Hemokinesis"],"picked":"Shrug It Off"},{"not_picked":["Brutality","Exhume"],"picked":"Impervious"},{"not_picked":["True Grit","Twin Strike"],"picked":"Flex"},{"not_picked":["Havoc","Twin Strike"],"picked":"Warcry"},{"not_picked":["Searing Blow","Havoc"],"picked":"Heavy Blade"},{"not_picked":["Flex","Clash"],"picked":"Intimidate"}],"player_experience":66984,"potions_floor_usage":[22,30,30,42,44],"damage_taken":[{"damage":1,"enemies":"Cultist","floor":1,"turns":3},{"damage":3,"enemies":"2 Louse","floor":4,"turns":3},{"damage":0,"enemies":"Small Slimes","floor":5,"turns":3},{"damage":0,"enemies":"Exordium Wildlife","floor":10,"turns":3},{"damage":4,"enemies":"Red Slaver","floor":13,"turns":4},{"damage":37,"enemies":"Slime Boss","floor":16,"turns":9},{"damage":0,"enemies":"Chosen","floor":18,"turns":4},{"damage":3,"enemies":"Spheric Guardian","floor":19,"turns":4},{"damage":27,"enemies":"Snake Plant","floor":21,"turns":4},{"damage":0,"enemies":"3 Cultists","floor":22,"turns":5},{"damage":49,"enemies":"Slavers","floor":23,"turns":7},{"damage":16,"enemies":"Snecko","floor":28,"turns":4},{"damage":0,"enemies":"Sentry and Sphere","floor":30,"turns":3},{"damage":3,"enemies":"Centurion and Healer","floor":31,"turns":4},{"damage":30,"enemies":"Champ","floor":33,"turns":9},{"damage":24,"enemies":"3 Darklings","floor":35,"turns":7},{"damage":10,"enemies":"Orb Walker","floor":36,"turns":4},{"damage":0,"enemies":"4 Shapes","floor":42,"turns":7},{"damage":22,"enemies":"Nemesis","floor":44,"turns":7},{"damage":12,"enemies":"Maw","floor":46,"turns":7},{"damage":10,"enemies":"3 Darklings","floor":47,"turns":6},{"damage":120,"enemies":"Time Eater","floor":50,"turns":13}],"event_choices":[{"event_name":"World of Goop","player_choice":"Gather Gold","floor":2,"damage_taken":0},{"event_name":"Golden Idol","player_choice":"Take Damage","floor":3,"damage_taken":0},{"event_name":"Shining Light","player_choice":"Entered Light","floor":7,"damage_taken":0},{"event_name":"Dead Adventurer","player_choice":"Searched \u00272\u0027 times","floor":11,"damage_taken":0},{"event_name":"Back to Basics","player_choice":"Simplicity","floor":20,"damage_taken":0},{"event_name":"Purifier","player_choice":"One Purge","floor":29,"damage_taken":0},{"event_name":"Fountain of Cleansing","player_choice":"Removed Curse","floor":37,"damage_taken":0},{"event_name":"Duplicator","player_choice":"One dupe","floor":39,"damage_taken":0},{"event_name":"Tomb of Lord Red Mask","player_choice":"Paid","floor":48,"damage_taken":0}],"boss_relics":[{"not_picked":["Question Card","Calling Bell"],"picked":"Cursed Key"},{"not_picked":["Orrery","Tiny House"],"picked":"Lizard Tail"}],"potions_floor_spawned":[16,21,23,28,35,44],"seed_played":"-5290155433284453782","is_trial":false}