{"path_per_floor":["M","?","M","$","?","M","?","R","T","R","M","M","M","$","R"],"character_chosen":"IRONCLAD","items_purchased":["Inflame","Seeing Red","Dual Wield"],"gold_per_floor":[112,112,128,49,49,73,111,111,167,167,192,216,241,48,48],"floor_reached":16,"campfire_rested":1,"playtime":648,"current_hp_per_floor":[80,60,64,64,64,63,54,54,54,54,37,26,32,32,56],"items_purged":["Body Slam"],"gold":48,"score":110,"play_id":"356eb426-cb34-460a-a0d2-2f66d8b6b458","local_time":"20180317011354","is_prod":false,"is_daily":false,"is_ascension_mode":true,"campfire_upgraded":2,"timestamp":1521263634,"path_taken":["M","?","M","$","?","M","?","R","T","R","M","M","M","$","R","BOSS"],"build_version":"2018-03-15v2","purchased_purges":1,"victory":false,"master_deck":["Strike_R","Strike_R","Strike_R","Defend_R","Defend_R","Defend_R","Defend_R","Bash","Whirlwind+1","Inflame+1","Cleave","True Grit","Dual Wield","Seeing Red","Bloodletting","Seeing Red","Dual Wield"],"max_hp_per_floor":[80,80,80,80,80,80,80,80,80,80,80,80,80,80,80],"relics":["Burning Blood","Golden Idol","Odd Mushroom","Tiny Chest"],"card_choices":[{"not_picked":["Corruption","Clash"],"picked":"Body Slam"},{"not_picked":["Hemokinesis","Thunderclap"],"picked":"Whirlwind"},{"not_picked":["True Grit","Clothesline"],"picked":"Cleave"},{"not_picked":["Sword Boomerang","Evolve"],"picked":"True Grit"},{"not_picked":["Body Slam","Thunderclap"],"picked":"Dual Wield"},{"not_picked":["Havoc","Body Slam"],"picked":"Seeing Red"},{"not_picked":["Dropkick","Searing Blow"],"picked":"Bloodletting"}],"player_experience":280920,"potions_floor_usage":[16,16,16],"damage_taken":[{"damage":1,"enemies":"Cultist","floor":1,"turns":4},{"damage":2,"enemies":"2 Louse","floor":3,"turns":3},{"damage":7,"enemies":"Jaw Worm","floor":6,"turns":4},{"damage":15,"enemies":"The Mushroom Lair","floor":7,"turns":3},{"damage":23,"enemies":"Large Slime","floor":11,"turns":6},{"damage":17,"enemies":"3 Louse","floor":12,"turns":3},{"damage":0,"enemies":"2 Fungi Beasts","floor":13,"turns":2},{"damage":62,"enemies":"The Guardian","floor":16,"turns":8}],"event_choices":[{"event_name":"Golden Idol","player_choice":"Take Damage","floor":2,"damage_taken":0},{"event_name":"Living Wall","player_choice":"Forget","floor":5,"damage_taken":0},{"event_name":"Mushrooms","player_choice":"Fought Mushrooms","floor":7,"damage_taken":0}],"boss_relics":[],"potions_floor_spawned":[3,12,13],"seed_played":"2407461353607790879","killed_by":"The Guardian","ascension_level":4,"is_trial":false}