{"gold_per_floor":[115,132,151,161,176,176,211,211,238,238,272,292,302,332,332,410,410,369,226,245,245,245,245],"floor_reached":23,"playtime":1660,"items_purged":[],"score":394,"play_id":"28cc6602-06bc-472b-bf8e-1bcd2385683c","local_time":"20190117114725","is_ascension_mode":true,"campfire_choices":[{"floor":6.0,"key":"REST"},{"floor":8.0,"key":"REST"},{"floor":10.0,"key":"REST"},{"floor":15.0,"key":"REST"}],"neow_cost":"NONE","seed_source_timestamp":75189305303913,"circlet_count":0,"master_deck":["AscendersBane","Defend_G","Defend_G","Defend_G","Defend_G+1","Defend_G+1","Strike_G","Strike_G","Strike_G","Strike_G","Strike_G","Survivor","Neutralize","Dash","PiercingWail","Sucker Punch","Deadly Poison","Dodge and Roll","Noxious Fumes","Unload","Dagger Throw","Doppelganger","Footwork","Adrenaline","Injury","Dagger Throw+1","Dash+1"],"special_seed":0,"relics":["Ring of the Snake","Matryoshka","Potion Belt","War Paint","Anchor","Omamori","Calling Bell","Ancient Tea Set","Molten Egg 2","Dead Branch","Pantograph","Blood Vial","Tingsha"],"potions_floor_usage":[16,16,23],"damage_taken":[{"damage":8.0,"enemies":"Cultist","floor":1.0,"turns":6.0},{"damage":0.0,"enemies":"2 Louse","floor":2.0,"turns":3.0},{"damage":7.0,"enemies":"Jaw Worm","floor":3.0,"turns":6.0},{"damage":0.0,"enemies":"Exordium Wildlife","floor":4.0,"turns":3.0},{"damage":9.0,"enemies":"Large Slime","floor":5.0,"turns":8.0},{"damage":45.0,"enemies":"Gremlin Nob","floor":7.0,"turns":6.0},{"damage":22.0,"enemies":"Lagavulin","floor":11.0,"turns":7.0},{"damage":1.0,"enemies":"Blue Slaver","floor":12.0,"turns":3.0},{"damage":0.0,"enemies":"2 Fungi Beasts","floor":13.0,"turns":4.0},{"damage":19.0,"enemies":"3 Sentries","floor":14.0,"turns":9.0},{"damage":34,"enemies":"Slime Boss","floor":16,"turns":10},{"damage":16,"enemies":"2 Thieves","floor":18,"turns":5},{"damage":14,"enemies":"3 Byrds","floor":20,"turns":7},{"damage":30,"enemies":"Book of Stabbing","floor":23,"turns":6}],"seed_played":"9101680855207310936","potions_obtained":[{"floor":3.0,"key":"Fire Potion"},{"floor":5.0,"key":"Dexterity Potion"},{"floor":7.0,"key":"SteroidPotion"},{"floor":11.0,"key":"Poison Potion"},{"floor":13.0,"key":"FearPotion"},{"floor":20,"key":"Dexterity Potion"}],"is_trial":false,"path_per_floor":["M","M","M","M","M","R","E","R","T","R","E","M","M","E","R","B",null,"M","?","M","?","T","E"],"character_chosen":"THE_SILENT","items_purchased":[],"campfire_rested":4,"item_purchase_floors":[],"current_hp_per_floor":[57,57,50,50,41,62,17,38,38,59,37,36,36,17,38,4,55,39,39,25,25,25,0],"gold":245,"neow_bonus":"TEN_PERCENT_HP_BONUS","is_prod":false,"is_daily":false,"chose_seed":false,"campfire_upgraded":0,"win_rate":0,"timestamp":1547718445,"path_taken":["M","M","M","M","M","R","E","R","T","R","E","?","M","E","R","BOSS","M","?","?","?","?","E"],"build_version":"2019-01-10","purchased_purges":0,"victory":false,"max_hp_per_floor":[72,72,72,72,72,72,72,72,72,72,72,72,72,72,72,72,72,72,72,72,72,72,72],"card_choices":[{"not_picked":["Blade Dance","Outmaneuver"],"picked":"Dash","floor":1.0},{"not_picked":["Slice","Masterful Stab"],"picked":"PiercingWail","floor":2.0},{"not_picked":["Heel Hook","Underhanded Strike"],"picked":"Sucker Punch","floor":3.0},{"not_picked":["Blade Dance","Expertise"],"picked":"Deadly Poison","floor":4.0},{"not_picked":["Prepared","Poisoned Stab"],"picked":"Dodge and Roll","floor":5.0},{"not_picked":["Deadly Poison","Bouncing Flask"],"picked":"Noxious Fumes","floor":7.0},{"not_picked":["Quick Slash","Predator"],"picked":"Unload","floor":11.0},{"not_picked":["Poisoned Stab","Deflect"],"picked":"Dagger Throw","floor":12.0},{"not_picked":["Choke","Underhanded Strike"],"picked":"Doppelganger","floor":13.0},{"not_picked":["Backflip","Cloak And Dagger"],"picked":"Footwork","floor":14.0},{"not_picked":["A Thousand Cuts","Phantasmal Killer"],"picked":"Adrenaline","floor":16},{"not_picked":["Skewer+1","Bane+1"],"picked":"Dagger Throw+1","floor":18},{"not_picked":["Dodge and Roll","Choke+1"],"picked":"Dash+1","floor":20}],"player_experience":311364,"relics_obtained":[{"floor":7.0,"key":"Matryoshka"},{"floor":9.0,"key":"Potion Belt"},{"floor":9.0,"key":"War Paint"},{"floor":11.0,"key":"Anchor"},{"floor":14.0,"key":"Omamori"},{"floor":17,"key":"Ancient Tea Set"},{"floor":17,"key":"Molten Egg 2"},{"floor":17,"key":"Dead Branch"},{"floor":22,"key":"Blood Vial"},{"floor":22,"key":"Tingsha"}],"event_choices":[{"damage_healed":0,"gold_gain":0,"player_choice":"Paid Gold","damage_taken":0,"relics_obtained":["Pantograph"],"max_hp_gain":0,"max_hp_loss":0,"event_name":"WeMeetAgain","floor":19,"gold_loss":143},{"damage_healed":0,"gold_gain":0,"player_choice":"Ignored","damage_taken":0,"max_hp_gain":0,"max_hp_loss":0,"event_name":"Ghosts","floor":21,"gold_loss":0}],"is_beta":false,"boss_relics":[{"not_picked":["WristBlade","White Beast Statue"],"picked":"Calling Bell"}],"items_purged_floors":[],"is_endless":false,"potions_floor_spawned":[3,5,7,11,13,20],"killed_by":"Book of Stabbing","ascension_level":17}