{"gold_per_floor":[111,131,18,34,34,34,61,78,78,78,97,130,160,173,173,276,276,286,218,231,251,251],"floor_reached":22,"playtime":2458,"items_purged":[],"score":248,"play_id":"edbf53a0-c990-4b88-bf19-e9ffbf22efc8","local_time":"20190221202727","is_ascension_mode":true,"campfire_choices":[{"data":"Survivor","floor":6,"key":"SMITH"},{"data":"Crippling Poison","floor":10,"key":"SMITH"},{"floor":15,"key":"REST"}],"neow_cost":"NONE","seed_source_timestamp":91141596900074,"circlet_count":0,"master_deck":["Defend_G","Defend_G","Defend_G","Defend_G","Defend_G","Strike_G","Strike_G","Strike_G","Strike_G","Strike_G","Survivor+1","Neutralize+1","Flying Knee","Outmaneuver","Backstab","Well Laid Plans","All Out Attack","Crippling Poison+1","Underhanded Strike","Blur","Dash","Masterful Stab","PiercingWail","Malaise","Caltrops","Blur","Cloak And Dagger","Quick Slash"],"relics":["Ring of the Snake","PreservedInsect","Blue Candle","The Specimen","Odd Mushroom","Snecko Eye"],"potions_floor_usage":[16],"damage_taken":[{"damage":2,"enemies":"Jaw Worm","floor":1,"turns":5},{"damage":0,"enemies":"Small Slimes","floor":2,"turns":5},{"damage":0,"enemies":"2 Louse","floor":4,"turns":2},{"damage":18,"enemies":"Lagavulin","floor":7,"turns":8},{"damage":4,"enemies":"Blue Slaver","floor":8,"turns":3},{"damage":0,"enemies":"Large Slime","floor":11,"turns":4},{"damage":8,"enemies":"Gremlin Nob","floor":12,"turns":3},{"damage":6,"enemies":"The Mushroom Lair","floor":13,"turns":3},{"damage":1,"enemies":"Lots of Slimes","floor":14,"turns":3},{"damage":12,"enemies":"The Guardian","floor":16,"turns":16},{"damage":20,"enemies":"Spheric Guardian","floor":18,"turns":10},{"damage":9,"enemies":"Shell Parasite","floor":20,"turns":8},{"damage":28,"enemies":"Snecko","floor":21,"turns":8}],"seed_played":"7665646043101707122","potions_obtained":[{"floor":7,"key":"Regen Potion"},{"floor":8,"key":"Ancient Potion"},{"floor":12,"key":"Block Potion"},{"floor":16,"key":"FearPotion"}],"is_trial":false,"path_per_floor":["M","M","$","M","?","R","E","M","T","R","M","E","?","M","R","B",null,"M","$","M","M","?"],"character_chosen":"THE_SILENT","items_purchased":["Backstab","Well Laid Plans","Blur"],"campfire_rested":1,"item_purchase_floors":[3,3,19],"current_hp_per_floor":[68,68,68,68,73,73,55,51,51,51,51,43,37,36,58,46,68,48,48,39,11,0],"gold":251,"neow_bonus":"UPGRADE_CARD","is_prod":false,"is_daily":false,"chose_seed":false,"campfire_upgraded":2,"win_rate":0,"timestamp":1550780847,"path_taken":["M","M","$","M","?","R","E","M","T","R","M","E","?","?","R","BOSS","M","$","M","M","?"],"build_version":"2019-01-23","purchased_purges":0,"victory":false,"max_hp_per_floor":[70,70,70,70,75,75,75,75,75,75,75,75,75,75,75,75,75,75,75,75,75,75],"card_choices":[{"not_picked":["Cloak And Dagger","Slice"],"picked":"Flying Knee","floor":1},{"not_picked":["Blade Dance","Deadly Poison"],"picked":"Outmaneuver","floor":2},{"not_picked":["Bane","Backstab"],"picked":"All Out Attack","floor":4},{"not_picked":["Finisher","Accuracy"],"picked":"Crippling Poison","floor":7},{"not_picked":["Night Terror","Masterful Stab"],"picked":"Underhanded Strike","floor":8},{"not_picked":["Outmaneuver","Cloak And Dagger"],"picked":"Blur","floor":11},{"not_picked":["Dagger Throw","Finisher"],"picked":"Dash","floor":12},{"not_picked":["Eviscerate","Flying Knee"],"picked":"Masterful Stab","floor":13},{"not_picked":["Dodge and Roll","Finisher"],"picked":"PiercingWail","floor":14},{"not_picked":["Envenom","Venomology"],"picked":"Malaise","floor":16},{"not_picked":["All Out Attack","Cloak And Dagger"],"picked":"Caltrops","floor":18},{"not_picked":["Sucker Punch","Dodge and Roll"],"picked":"Cloak And Dagger","floor":20},{"not_picked":["Cloak And Dagger","Blade Dance"],"picked":"Quick Slash","floor":21}],"player_experience":538161,"relics_obtained":[{"floor":7,"key":"PreservedInsect"},{"floor":9,"key":"Blue Candle"},{"floor":12,"key":"The Specimen"},{"floor":13,"key":"Odd Mushroom"}],"event_choices":[{"damage_healed":0,"gold_gain":0,"player_choice":"Donut","damage_taken":0,"max_hp_gain":5,"max_hp_loss":0,"event_name":"Big Fish","floor":5,"gold_loss":0},{"damage_healed":0,"gold_gain":0,"player_choice":"Fought Mushrooms","damage_taken":0,"max_hp_gain":0,"max_hp_loss":0,"event_name":"Mushrooms","floor":13,"gold_loss":0}],"is_beta":false,"boss_relics":[{"not_picked":["Velvet Choker","Calling Bell"],"picked":"Snecko Eye"}],"items_purged_floors":[],"is_endless":false,"potions_floor_spawned":[7,8,12,13,14,16],"ascension_level":5}