{"gold_per_floor":[113,113,113,131,150,181,181,215,215,215,33,33,62,80,80,180,180,191,201,44,57,57,57,115,115,142,142],"floor_reached":27,"playtime":2706,"items_purged":[],"score":324,"play_id":"8a93ff32-f696-46de-8578-c26b07e079c6","local_time":"20181224012219","is_ascension_mode":true,"campfire_choices":[{"floor":7,"key":"REST"},{"floor":10,"key":"REST"},{"floor":15,"key":"REST"},{"floor":23,"key":"REST"}],"neow_cost":"NONE","seed_source_timestamp":514279764949521,"circlet_count":0,"master_deck":["Defend_G","Defend_G","Defend_G","Defend_G","Strike_G","Strike_G","Strike_G","Survivor","Neutralize","Flying Knee","Expertise","Concentrate","Acrobatics","Reflex+1","Blade Dance+1","Prepared+1","Cloak And Dagger+1","Noxious Fumes","Poisoned Stab","Acrobatics+1","PiercingWail+1","Corpse Explosion+1","Reflex+1","Prepared+1","Prepared+1","RitualDagger","Tactician+1"],"relics":["Ring of the Snake","NeowsBlessing","Toxic Egg 2","WingedGreaves","Bird Faced Urn","Bag of Preparation","Philosopher\u0027s Stone","Pen Nib","Tiny Chest","PreservedInsect"],"potions_floor_usage":[6,13,13,16,16,16,21,24],"damage_taken":[{"damage":0,"enemies":"Small Slimes","floor":1,"turns":1},{"damage":0,"enemies":"2 Louse","floor":4,"turns":1},{"damage":0,"enemies":"Cultist","floor":5,"turns":1},{"damage":30,"enemies":"Gremlin Nob","floor":6,"turns":4},{"damage":44,"enemies":"3 Sentries","floor":8,"turns":13},{"damage":3,"enemies":"Gremlin Nob","floor":13,"turns":3},{"damage":0,"enemies":"Large Slime","floor":14,"turns":3},{"damage":21,"enemies":"The Guardian","floor":16,"turns":10},{"damage":24,"enemies":"3 Byrds","floor":18,"turns":2},{"damage":18,"enemies":"Spheric Guardian","floor":19,"turns":4},{"damage":0,"enemies":"Chosen and Byrds","floor":21,"turns":4},{"damage":34,"enemies":"Book of Stabbing","floor":24,"turns":5},{"damage":6,"enemies":"Snecko","floor":27,"turns":2}],"seed_played":"2079522432570494583","potions_obtained":[{"floor":5,"key":"FearPotion"},{"floor":8,"key":"Fire Potion"},{"floor":12,"key":"Strength Potion"},{"floor":12,"key":"Weak Potion"},{"floor":13,"key":"GamblersBrew"},{"floor":14,"key":"Explosive Potion"},{"floor":19,"key":"Fire Potion"},{"floor":21,"key":"Strength Potion"}],"is_trial":false,"path_per_floor":["M","?","?","M","M","E","R","E","T","R","$","?","E","M","R","B",null,"M","M","$","M","?","R","E","?","T","M"],"character_chosen":"THE_SILENT","items_purchased":["Prepared+1","Cloak And Dagger+1","Noxious Fumes","Poisoned Stab","Pen Nib"],"campfire_rested":4,"item_purchase_floors":[11,11,11,11,20],"current_hp_per_floor":[63,56,56,56,56,26,47,3,3,24,24,24,23,25,46,27,59,35,17,17,19,13,34,2,2,2,0],"gold":142,"neow_bonus":"THREE_ENEMY_KILL","is_prod":false,"is_daily":false,"chose_seed":false,"campfire_upgraded":0,"win_rate":0,"timestamp":1545607339,"path_taken":["M","?","?","?","M","E","R","E","T","R","$","?","E","M","R","BOSS","M","M","?","M","?","R","E","?","T","?"],"build_version":"2018-12-20","purchased_purges":0,"victory":false,"max_hp_per_floor":[70,70,70,70,70,70,70,70,70,70,70,70,70,70,70,70,70,70,70,70,70,70,70,70,70,70,70],"card_choices":[{"not_picked":["Quick Slash","Heel Hook"],"picked":"Flying Knee","floor":1},{"not_picked":["Dagger Throw","Sucker Punch"],"picked":"Concentrate","floor":4},{"not_picked":["Endless Agony","Caltrops"],"picked":"Acrobatics","floor":5},{"not_picked":["Outmaneuver","Accuracy"],"picked":"Reflex","floor":6},{"not_picked":["Tactician+1","Envenom"],"picked":"Blade Dance+1","floor":8},{"not_picked":["Setup+1","Dodge and Roll+1"],"picked":"Acrobatics+1","floor":13},{"not_picked":["Predator","Dodge and Roll+1"],"picked":"PiercingWail+1","floor":14},{"not_picked":["Malaise+1","Glass Knife"],"picked":"Corpse Explosion+1","floor":16},{"not_picked":["Backflip+1","Sucker Punch"],"picked":"Reflex+1","floor":18},{"not_picked":["Poisoned Stab+1","Skewer+1"],"picked":"Prepared+1","floor":19},{"not_picked":["Masterful Stab","Dagger Spray"],"picked":"Prepared+1","floor":21},{"not_picked":["Prepared+1","Outmaneuver+1"],"picked":"Tactician+1","floor":24}],"player_experience":144375,"relics_obtained":[{"floor":6,"key":"Toxic Egg 2"},{"floor":8,"key":"WingedGreaves"},{"floor":9,"key":"Bird Faced Urn"},{"floor":13,"key":"Bag of Preparation"},{"floor":24,"key":"Tiny Chest"},{"floor":26,"key":"PreservedInsect"}],"event_choices":[{"cards_removed":["Strike_G"],"damage_healed":0,"gold_gain":0,"player_choice":"Card Removal","damage_taken":7,"max_hp_gain":0,"max_hp_loss":0,"event_name":"Golden Wing","floor":2,"gold_loss":0},{"damage_healed":0,"gold_gain":0,"cards_transformed":["Defend_G"],"player_choice":"Transformed","damage_taken":0,"max_hp_gain":0,"max_hp_loss":0,"event_name":"Transmorgrifier","floor":3,"gold_loss":0,"cards_obtained":["Expertise"]},{"damage_healed":0,"gold_gain":0,"player_choice":"Got Potions","damage_taken":0,"max_hp_gain":0,"max_hp_loss":0,"event_name":"Lab","floor":12,"gold_loss":0},{"damage_healed":0,"gold_gain":0,"player_choice":"Joined the Cult","damage_taken":6,"max_hp_gain":0,"max_hp_loss":0,"event_name":"Nest","floor":22,"gold_loss":0,"cards_obtained":["RitualDagger"]},{"cards_removed":["Strike_G"],"damage_healed":0,"gold_gain":0,"player_choice":"Purged","damage_taken":0,"max_hp_gain":0,"max_hp_loss":0,"event_name":"Purifier","floor":25,"gold_loss":0}],"is_beta":false,"boss_relics":[{"not_picked":["Coffee Dripper","Eternal Feather"],"picked":"Philosopher\u0027s Stone"}],"items_purged_floors":[],"is_endless":false,"potions_floor_spawned":[5,8,13,14,19,21],"killed_by":"Snecko","ascension_level":6}