{"path_per_floor":["M","M","?","?","M","E","M","R","T","R","?","M","M","M","R","B",null,"M","M","M","$","?","R"],"character_chosen":"THE_SILENT","items_purchased":["Torii"],"gold_per_floor":[110,129,129,79,94,124,139,139,163,163,163,174,192,203,203,308,308,327,343,360,46,46,46],"floor_reached":24,"campfire_rested":3,"playtime":1192,"current_hp_per_floor":[69,68,61,61,53,22,22,22,22,58,58,52,34,25,61,42,70,65,40,3,3,3,39],"items_purged":[],"gold":46,"score":200,"play_id":"13a69979-7044-450a-976c-3af6a1c1f60b","local_time":"20180304163438","is_prod":false,"is_daily":false,"is_ascension_mode":false,"campfire_upgraded":1,"timestamp":1520199278,"path_taken":["M","?","?","?","M","E","M","R","T","R","?","M","M","M","R","BOSS","M","M","M","$","?","R","M"],"build_version":"2018-03-01-PROD1","purchased_purges":0,"victory":false,"master_deck":["Strike_G","Strike_G","Strike_G","Strike_G","Strike_G","Survivor","Neutralize+1","Flying Knee","Backflip","Backstab","Quick Slash","Deadly Poison","Finisher","Poisoned Stab","Poisoned Stab","A Thousand Cuts","Masterful Stab+1","Acrobatics+1","Deadly Poison+1","Flying Knee","Masterful Stab","Backstab"],"max_hp_per_floor":[70,70,70,70,70,70,70,70,70,70,70,70,70,70,70,70,70,70,70,70,70,70,70],"relics":["Ring of the Snake","Oddly Smooth Stone","Regal Pillow","Snake Skull","Astrolabe","Torii"],"card_choices":[{"not_picked":["Underhanded Strike","Sucker Punch"],"picked":"Flying Knee"},{"not_picked":["Sucker Punch","PiercingWail"],"picked":"Backflip"},{"not_picked":["Acrobatics","Deadly Poison"],"picked":"Backstab"},{"not_picked":["Prepared","Backflip"],"picked":"Quick Slash"},{"not_picked":["Sucker Punch","Underhanded Strike"],"picked":"Deadly Poison"},{"not_picked":["Footwork","Deflect"],"picked":"Finisher"},{"not_picked":["Backflip","Deadly Poison"],"picked":"Poisoned Stab"},{"not_picked":["Blade Dance","Crippling Poison"],"picked":"Poisoned Stab"},{"not_picked":["Wraith Form","Phantasmal Killer"],"picked":"A Thousand Cuts"},{"not_picked":["Underhanded Strike","Masterful Stab"],"picked":"Flying Knee"},{"not_picked":["Deflect","Dagger Throw"],"picked":"Masterful Stab"},{"not_picked":["Leg Sweep","Masterful Stab"],"picked":"Backstab"}],"player_experience":96810,"potions_floor_usage":[7,16,16,16],"damage_taken":[{"damage":1,"enemies":"Cultist","floor":1,"turns":5},{"damage":1,"enemies":"2 Louse","floor":2,"turns":3},{"damage":8,"enemies":"Jaw Worm","floor":5,"turns":3},{"damage":31,"enemies":"Gremlin Nob","floor":6,"turns":5},{"damage":0,"enemies":"Exordium Wildlife","floor":7,"turns":3},{"damage":6,"enemies":"3 Louse","floor":12,"turns":3},{"damage":18,"enemies":"Large Slime","floor":13,"turns":6},{"damage":9,"enemies":"2 Fungi Beasts","floor":14,"turns":2},{"damage":34,"enemies":"Slime Boss","floor":16,"turns":10},{"damage":5,"enemies":"Chosen","floor":18,"turns":4},{"damage":25,"enemies":"Spheric Guardian","floor":19,"turns":4},{"damage":37,"enemies":"Snake Plant","floor":20,"turns":4},{"damage":40,"enemies":"Centurion and Healer","floor":24,"turns":4}],"event_choices":[{"event_name":"Golden Wing","player_choice":"Card Removal","floor":3,"damage_taken":0},{"event_name":"The Cleric","player_choice":"Card Removal","floor":4,"damage_taken":0},{"event_name":"Big Fish","player_choice":"Box","floor":11,"damage_taken":0},{"event_name":"Back to Basics","player_choice":"Elegance","floor":22,"damage_taken":0}],"boss_relics":[{"not_picked":["Runic Pyramid","Calling Bell"],"picked":"Astrolabe"}],"potions_floor_spawned":[2,7,12,14],"seed_played":"-8338252114415875963","killed_by":"Centurion and Healer","ascension_level":0,"is_trial":false}