{"gold_per_floor":[118,118,118,134,150,150,23,49,61,101,113,141,153],"floor_reached":13,"playtime":420,"items_purged":[],"score":89,"play_id":"6cdf80f2-4e4d-405f-b950-cd78e0cfdaaa","local_time":"20190303235431","is_ascension_mode":true,"campfire_choices":[{"data":"Storm","floor":6.0,"key":"SMITH"}],"neow_cost":"NONE","seed_source_timestamp":243311521776384,"circlet_count":0,"master_deck":["Strike_B","Strike_B","Strike_B","Strike_B","Defend_B","Defend_B","Defend_B+1","Defend_B","Zap","Dualcast+1","Impatience","Tempest+1","Storm+1","Static Discharge","Tempest","Flash of Steel","Steam","Conserve Battery","Decay","Conserve Battery"],"special_seed":0,"relics":["Cracked Core","MawBank","Letter Opener"],"potions_floor_usage":[12,12],"damage_taken":[{"damage":6.0,"enemies":"Jaw Worm","floor":1.0,"turns":3.0},{"damage":0.0,"enemies":"Cultist","floor":4.0,"turns":2.0},{"damage":0.0,"enemies":"Small Slimes","floor":5.0,"turns":2.0},{"damage":36.0,"enemies":"Lagavulin","floor":8.0,"turns":5.0},{"damage":8.0,"enemies":"3 Louse","floor":10.0,"turns":3.0},{"damage":7,"enemies":"Exordium Thugs","floor":12,"turns":3},{"damage":7,"enemies":"Blue Slaver","floor":13,"turns":1}],"seed_played":"-8310929726522488988","potions_obtained":[{"floor":4.0,"key":"Weak Potion"},{"floor":8.0,"key":"PowerPotion"}],"is_trial":false,"path_per_floor":["M","?","?","M","M","R","$","E","T","M","?","M","M"],"character_chosen":"DEFECT","items_purchased":["Tempest","Flash of Steel"],"campfire_rested":0,"item_purchase_floors":[7,7],"current_hp_per_floor":[69,69,54,54,54,54,54,18,18,10,10,3,0],"gold":153,"neow_bonus":"RANDOM_COLORLESS","is_prod":false,"is_daily":false,"chose_seed":false,"campfire_upgraded":1,"win_rate":0,"timestamp":1551675271,"path_taken":["M","?","?","M","M","R","$","E","T","M","?","M","?"],"build_version":"2019-01-23","purchased_purges":0,"victory":false,"max_hp_per_floor":[75,75,75,75,75,75,75,75,75,75,75,75,75],"card_choices":[{"not_picked":["Double Energy","Barrage"],"picked":"Tempest","floor":1.0},{"not_picked":["Barrage","Chill"],"picked":"Storm","floor":4.0},{"not_picked":["Capacitor","Steam"],"picked":"Static Discharge","floor":5.0},{"not_picked":["Barrage","Hello World"],"picked":"Steam","floor":8.0},{"not_picked":["Ball Lightning","Beam Cell"],"picked":"Conserve Battery","floor":10},{"not_picked":["Ball Lightning","Consume"],"picked":"Conserve Battery","floor":12}],"player_experience":1134618,"relics_obtained":[{"floor":8.0,"key":"MawBank"},{"floor":9.0,"key":"Letter Opener"}],"event_choices":[{"damage_healed":0.0,"max_hp_gain":0.0,"max_hp_loss":0.0,"gold_gain":0.0,"event_name":"Living Wall","player_choice":"Grow","floor":2.0,"gold_loss":0.0,"damage_taken":0.0,"cards_upgraded":["Tempest"]},{"damage_healed":0.0,"max_hp_gain":0.0,"max_hp_loss":0.0,"gold_gain":0.0,"event_name":"Shining Light","player_choice":"Entered Light","floor":3.0,"gold_loss":0.0,"damage_taken":15.0,"cards_upgraded":["Defend_B","Dualcast"]},{"damage_healed":0,"gold_gain":0,"player_choice":"Cursed","damage_taken":0,"max_hp_gain":0,"max_hp_loss":0,"event_name":"Wheel of Change","floor":11,"gold_loss":0,"cards_obtained":["Decay"]}],"is_beta":false,"boss_relics":[],"items_purged_floors":[],"is_endless":false,"potions_floor_spawned":[4,8],"killed_by":"Blue Slaver","ascension_level":1}