{"gold_per_floor":[109,124,135,149,166,166,200,200,227,262,262,6,6,18,18,18],"floor_reached":16,"playtime":1028,"items_purged":[],"score":190,"play_id":"d1ddffcb-32d6-4655-a0f1-b5afb2eec0c9","local_time":"20180804214740","is_ascension_mode":true,"campfire_choices":[{"data":"Dagger Spray","floor":6,"key":"SMITH"},{"data":"Dagger Spray","floor":8,"key":"SMITH"},{"floor":11,"key":"REST"},{"data":"Dagger Throw","floor":15,"key":"SMITH"}],"neow_cost":"","seed_source_timestamp":32782345519875,"circlet_count":0,"master_deck":["Defend_G","Defend_G","Defend_G","Defend_G","Defend_G","Strike_G","Strike_G","Strike_G","Strike_G","Survivor","Neutralize","AscendersBane","Endless Agony","Dagger Spray+1","Dagger Spray+1","Flying Knee","Dagger Throw+1","Backstab"],"relics":["Ring of the Snake","Gremlin Horn","Pen Nib","Anchor","Mummified Hand"],"potions_floor_usage":[10],"damage_taken":[{"damage":10,"enemies":"Cultist","floor":1,"turns":6},{"damage":0,"enemies":"2 Louse","floor":2,"turns":3},{"damage":0,"enemies":"Small Slimes","floor":3,"turns":3},{"damage":7,"enemies":"Gremlin Gang","floor":4,"turns":2},{"damage":3,"enemies":"Blue Slaver","floor":5,"turns":4},{"damage":23,"enemies":"3 Sentries","floor":7,"turns":5},{"damage":14,"enemies":"Gremlin Nob","floor":10,"turns":4},{"damage":0,"enemies":"3 Louse","floor":14,"turns":1},{"damage":23,"enemies":"Hexaghost","floor":16,"turns":9}],"seed_played":"-6214890260608423231","potions_obtained":[{"floor":1,"key":"Energy Potion"},{"floor":2,"key":"Block Potion"}],"is_trial":false,"path_per_floor":["M","M","M","M","M","R","E","R","T","E","R","$","?","M","R"],"character_chosen":"THE_SILENT","items_purchased":["Mummified Hand"],"campfire_rested":1,"item_purchase_floors":[12],"current_hp_per_floor":[49,49,49,42,39,39,16,16,16,2,21,21,21,21,21,0],"gold":18,"neow_bonus":"","is_prod":false,"is_daily":false,"chose_seed":false,"campfire_upgraded":3,"win_rate":0,"timestamp":1533386860,"path_taken":["M","M","?","?","M","R","E","R","T","E","R","$","?","?","R","BOSS"],"build_version":"2018-08-02","purchased_purges":0,"victory":false,"max_hp_per_floor":[66,66,66,66,66,66,66,66,66,66,66,66,66,66,66,66],"card_choices":[{"not_picked":["Masterful Stab","Prepared"],"picked":"Endless Agony","floor":1},{"not_picked":["Infinite Blades","Dodge and Roll"],"picked":"Dagger Spray","floor":2},{"not_picked":["Underhanded Strike","PiercingWail"],"picked":"Dagger Spray","floor":3},{"not_picked":["Skewer","Prepared","Predator"],"picked":"SKIP","floor":4},{"not_picked":["Flying Knee","Bane","Reflex"],"picked":"SKIP","floor":5},{"not_picked":["Bane","Reflex"],"picked":"Flying Knee","floor":5},{"not_picked":["Phantasmal Killer","Flechettes","Venomology"],"picked":"SKIP","floor":7},{"not_picked":["PiercingWail","Backflip"],"picked":"Dagger Throw","floor":10},{"not_picked":["Well Laid Plans","Flying Knee"],"picked":"Backstab","floor":14}],"player_experience":809377,"relics_obtained":[{"floor":7,"key":"Gremlin Horn"},{"floor":9,"key":"Pen Nib"},{"floor":10,"key":"Anchor"}],"event_choices":[{"event_name":"Living Wall","player_choice":"Forget","floor":13,"damage_taken":0}],"is_beta":false,"boss_relics":[],"items_purged_floors":[],"is_endless":false,"potions_floor_spawned":[1,2,3,4],"killed_by":"Hexaghost","ascension_level":14}