{"gold_per_floor":[113,133,58,74,74,74,74,74,126,156,156,169,344,11,11,135,135,171,171,240,4,22,22,63,98,145,157],"floor_reached":27,"playtime":1209,"items_purged":["Doubt","Strike_R"],"score":323,"play_id":"80f69d73-7641-480e-bf0d-269ae11ae99e","local_time":"20181204065933","is_ascension_mode":true,"campfire_choices":[{"data":"Spot Weakness","floor":6,"key":"SMITH"},{"data":"Flex","floor":8,"key":"SMITH"},{"data":"HandOfGreed","floor":15,"key":"SMITH"},{"floor":23,"key":"REST"}],"neow_cost":"PERCENT_DAMAGE","seed_source_timestamp":1740437535227684,"circlet_count":0,"master_deck":["Strike_R","Defend_R","Defend_R","Defend_R","Defend_R","Bash","Battle Trance","Spot Weakness+1","Flex+1","Cleave+1","Flex","HandOfGreed+1","Disarm","Limit Break","Flex","Flex","Dramatic Entrance","Armaments+1","Inflame"],"relics":["Burning Blood","Magic Flower","Orichalcum","PreservedInsect","Strawberry","Empty Cage","MawBank"],"potions_floor_usage":[20,22,27],"damage_taken":[{"damage":4,"enemies":"Small Slimes","floor":1,"turns":4},{"damage":6,"enemies":"2 Louse","floor":2,"turns":4},{"damage":1,"enemies":"Cultist","floor":4,"turns":3},{"damage":0,"enemies":"Gremlin Nob","floor":10,"turns":2},{"damage":1,"enemies":"2 Fungi Beasts","floor":12,"turns":2},{"damage":43,"enemies":"The Guardian","floor":16,"turns":12},{"damage":48,"enemies":"Shell Parasite","floor":18,"turns":9},{"damage":22,"enemies":"2 Thieves","floor":20,"turns":3},{"damage":43,"enemies":"Cultist and Chosen","floor":22,"turns":8},{"damage":19,"enemies":"Centurion and Healer","floor":24,"turns":7},{"damage":3,"enemies":"Snecko","floor":25,"turns":4},{"damage":35,"enemies":"Sentry and Sphere","floor":27,"turns":5}],"seed_played":"8983195918388940447","potions_obtained":[{"floor":10,"key":"Regen Potion"},{"floor":16,"key":"SteroidPotion"},{"floor":22,"key":"EssenceOfSteel"},{"floor":25,"key":"FearPotion"}],"is_trial":false,"path_per_floor":["M","M","$","M","?","R","?","R","T","E","?","M","?","$","R","B",null,"M","?","M","$","M","R","M","M","T","M"],"character_chosen":"IRONCLAD","items_purchased":["Flex","Cleave","HandOfGreed","Disarm","Flex","Dramatic Entrance"],"campfire_rested":1,"item_purchase_floors":[3,3,14,14,21,21],"current_hp_per_floor":[61,64,64,72,65,65,58,58,58,74,74,82,82,82,82,48,77,38,38,25,25,15,41,31,37,37,2],"gold":157,"neow_bonus":"ONE_RARE_RELIC","is_prod":false,"is_daily":false,"chose_seed":false,"campfire_upgraded":3,"win_rate":0,"timestamp":1543924773,"path_taken":["M","M","$","M","?","R","?","R","T","E","?","?","?","$","R","BOSS","M","?","M","$","M","R","M","M","T","M"],"build_version":"2018-11-15","purchased_purges":2,"victory":false,"max_hp_per_floor":[80,80,80,80,80,80,80,80,80,87,87,87,87,87,87,87,87,87,87,87,87,87,87,87,87,87,87],"card_choices":[{"not_picked":["Havoc","Clash"],"picked":"Battle Trance","floor":1},{"not_picked":["Heavy Blade","Armaments"],"picked":"Spot Weakness","floor":2},{"not_picked":["Warcry","Anger","Thunderclap"],"picked":"SKIP","floor":4},{"not_picked":["Sever Soul","Evolve","Headbutt"],"picked":"SKIP","floor":10},{"not_picked":["Feel No Pain","Iron Wave"],"picked":"Flex","floor":12},{"not_picked":["Dark Embrace","Feed"],"picked":"Limit Break","floor":16},{"not_picked":["Pommel Strike","Fire Breathing","Carnage"],"picked":"SKIP","floor":18},{"not_picked":["Headbutt+1","Havoc"],"picked":"Flex","floor":20},{"not_picked":["Dropkick","Rampage"],"picked":"Armaments+1","floor":22},{"not_picked":["Clothesline+1","Body Slam","Cleave"],"picked":"SKIP","floor":24},{"not_picked":["Anger","Disarm"],"picked":"Inflame","floor":25}],"player_experience":868566,"relics_obtained":[{"floor":9,"key":"PreservedInsect"},{"floor":10,"key":"Strawberry"},{"floor":26,"key":"MawBank"}],"event_choices":[{"cards_removed":["Strike_R"],"damage_healed":0,"gold_gain":0,"player_choice":"Card Removal","damage_taken":7,"max_hp_gain":0,"max_hp_loss":0,"event_name":"Golden Wing","floor":5,"gold_loss":0},{"damage_healed":0,"gold_gain":0,"player_choice":"Success","damage_taken":7,"relics_obtained":["Orichalcum"],"max_hp_gain":0,"max_hp_loss":0,"event_name":"Scrap Ooze","floor":7,"gold_loss":0},{"damage_healed":0,"gold_gain":0,"player_choice":"Upgraded","damage_taken":0,"max_hp_gain":0,"max_hp_loss":0,"event_name":"Upgrade Shrine","floor":11,"gold_loss":0,"cards_upgraded":["Cleave"]},{"damage_healed":0,"gold_gain":175,"player_choice":"AGREE","damage_taken":0,"max_hp_gain":0,"max_hp_loss":0,"event_name":"Liars Game","floor":13,"gold_loss":0,"cards_obtained":["Doubt"]},{"damage_healed":0,"gold_gain":0,"player_choice":"Ignored","damage_taken":0,"max_hp_gain":0,"max_hp_loss":0,"event_name":"Vampires","floor":19,"gold_loss":0}],"is_beta":false,"boss_relics":[{"not_picked":["Busted Crown","Ectoplasm"],"picked":"Empty Cage"}],"items_purged_floors":[14,21],"is_endless":false,"potions_floor_spawned":[10,16,22,25],"killed_by":"Sentry and Sphere","ascension_level":5}