{"gold_per_floor":[211,211,230,230,249,281,281,296,366,383,412,425,425,440,440,542,542,562,532,547,467,467,497,516,548,626,626,654,579,579,337,337,432,432,445,545,545,561,86,86,103,135,186,196,227,527,539,549,549,549],"floor_reached":51,"playtime":3033,"items_purged":["Shame","Decay"],"score":1047,"play_id":"5bfae48c-951f-4799-8da4-74849e699063","local_time":"20190119220755","is_ascension_mode":true,"campfire_choices":[{"data":"Feed","floor":15,"key":"SMITH"},{"floor":27,"key":"REST"},{"data":"Fiend Fire","floor":32,"key":"SMITH"},{"floor":40,"key":"DIG"},{"floor":49,"key":"DIG"}],"neow_cost":"NONE","seed_source_timestamp":274927301552800,"circlet_count":0,"master_deck":["Strike_R","Strike_R","Strike_R","Strike_R","Defend_R","Defend_R","Defend_R","Defend_R","Bash","Heavy Blade+1","Whirlwind+1","Flex","Seeing Red","Perfected Strike","Clothesline+1","Feed+1","Battle Trance","Dual Wield","Barricade","Body Slam+1","Seeing Red+1","Offering","Ghostly","Ghostly","Ghostly","Ghostly","Ghostly","Body Slam","Perfected Strike","Shrug It Off","Exhume","Fiend Fire+1","Juggernaut+1","Cleave+1","Flame Barrier+1","Pommel Strike+1","Armaments+1","Doubt","Rage","Dark Embrace+1","Ghostly Armor+1","Body Slam+1","Infernal Blade","Reaper"],"relics":["Burning Blood","Incense Burner","Letter Opener","Orichalcum","Cursed Key","Whetstone","Bag of Marbles","Tiny Chest","Gremlin Horn","Frozen Egg 2","Mark of Pain","Shovel","The Courier","Vajra","Ornamental Fan","Peace Pipe","Bottled Tornado","Happy Flower","Prayer Wheel","Oddly Smooth Stone"],"potions_floor_usage":[6,11,16,16,16,20,20,20,23,28,28,33,33,41,42,45,47,50],"damage_taken":[{"damage":7,"enemies":"Jaw Worm","floor":1,"turns":3},{"damage":1,"enemies":"Cultist","floor":3,"turns":3},{"damage":8,"enemies":"Small Slimes","floor":5,"turns":3},{"damage":10,"enemies":"3 Sentries","floor":6,"turns":3},{"damage":0,"enemies":"3 Louse","floor":8,"turns":1},{"damage":14,"enemies":"Red Slaver","floor":10,"turns":2},{"damage":16,"enemies":"Lagavulin","floor":11,"turns":5},{"damage":8,"enemies":"Large Slime","floor":12,"turns":4},{"damage":0,"enemies":"2 Fungi Beasts","floor":14,"turns":1},{"damage":54,"enemies":"Hexaghost","floor":16,"turns":12},{"damage":0,"enemies":"3 Byrds","floor":18,"turns":3},{"damage":0,"enemies":"Spheric Guardian","floor":20,"turns":3},{"damage":1,"enemies":"Gremlin Leader","floor":23,"turns":5},{"damage":12,"enemies":"Chosen and Byrds","floor":24,"turns":6},{"damage":22,"enemies":"Book of Stabbing","floor":25,"turns":6},{"damage":1,"enemies":"Gremlin Leader","floor":28,"turns":5},{"damage":14,"enemies":"Automaton","floor":33,"turns":11},{"damage":24,"enemies":"3 Shapes","floor":35,"turns":4},{"damage":17,"enemies":"Mind Bloom Boss Battle","floor":36,"turns":6},{"damage":6,"enemies":"3 Darklings","floor":38,"turns":2},{"damage":1,"enemies":"Writhing Mass","floor":41,"turns":4},{"damage":12,"enemies":"Nemesis","floor":42,"turns":9},{"damage":0,"enemies":"Spire Growth","floor":44,"turns":7},{"damage":0,"enemies":"Reptomancer","floor":45,"turns":5},{"damage":15,"enemies":"4 Shapes","floor":47,"turns":4},{"damage":0,"enemies":"3 Darklings","floor":48,"turns":4},{"damage":20,"enemies":"Awakened One","floor":50,"turns":13}],"seed_played":"6579564728085079427","potions_obtained":[{"floor":1,"key":"Fire Potion"},{"floor":8,"key":"Strength Potion"},{"floor":11,"key":"Fruit Juice"},{"floor":12,"key":"Regen Potion"},{"floor":14,"key":"EssenceOfSteel"},{"floor":18,"key":"FearPotion"},{"floor":19,"key":"EssenceOfSteel"},{"floor":19,"key":"SteroidPotion"},{"floor":20,"key":"Poison Potion"},{"floor":24,"key":"SteroidPotion"},{"floor":25,"key":"GamblersBrew"},{"floor":36,"key":"Regen Potion"},{"floor":42,"key":"Dexterity Potion"},{"floor":45,"key":"EssenceOfSteel"},{"floor":47,"key":"SpeedPotion"}],"is_trial":false,"path_per_floor":["M","?","M","?","M","E","?","M","T","M","E","M","$","M","R","B",null,"M","?","M","$","?","E","M","E","T","R","E","?","T","$","R","B",null,"M","?","T","M","$","R","M","E","T","M","E","?","M","M","R","B",null],"character_chosen":"IRONCLAD","items_purchased":["Offering","Fiend Fire","Poison Potion","Poison Potion","Vajra","Explosive Potion","Swift Potion","Ornamental Fan"],"campfire_rested":1,"item_purchase_floors":[21,31,31,31,39,39,39,39],"current_hp_per_floor":[79,79,80,80,78,74,74,80,80,72,62,60,60,66,66,38,85,85,85,85,85,42,42,36,20,20,32,37,37,37,37,37,29,42,24,13,13,13,13,13,30,28,28,34,40,40,31,37,37,23],"gold":549,"neow_bonus":"HUNDRED_GOLD","is_prod":false,"is_daily":false,"chose_seed":false,"campfire_upgraded":2,"win_rate":0,"timestamp":1547953675,"path_taken":["M","?","?","?","?","E","?","M","T","M","E","?","$","M","R","BOSS","M","?","?","$","?","E","M","E","T","R","E","?","?","$","R","BOSS","M","?","?","M","$","R","M","E","T","?","E","?","M","?","R","BOSS"],"build_version":"2019-01-17v2","purchased_purges":2,"victory":true,"max_hp_per_floor":[80,80,80,80,80,80,80,80,80,80,80,80,80,80,80,85,85,85,85,85,85,42,42,42,42,42,42,42,42,42,42,42,42,42,42,42,42,42,42,42,42,46,46,46,46,46,46,46,46,46],"card_choices":[{"not_picked":["Dropkick","Wild Strike"],"picked":"Heavy Blade","floor":1},{"not_picked":["Twin Strike","Heavy Blade"],"picked":"Whirlwind","floor":3},{"not_picked":["Whirlwind","Wild Strike"],"picked":"Flex","floor":5},{"not_picked":["Cleave","Clothesline"],"picked":"Seeing Red","floor":6},{"not_picked":["Blood for Blood","Carnage","True Grit"],"picked":"SKIP","floor":8},{"not_picked":["Wild Strike","True Grit"],"picked":"Clothesline","floor":10},{"not_picked":["Seeing Red","Whirlwind"],"picked":"Feed","floor":11},{"not_picked":["Clothesline","Cleave"],"picked":"Battle Trance","floor":12},{"not_picked":["Warcry","Pommel Strike"],"picked":"Dual Wield","floor":14},{"not_picked":["Berserk","Immolate"],"picked":"Barricade","floor":16},{"not_picked":["Havoc","Whirlwind+1"],"picked":"Body Slam+1","floor":18},{"not_picked":["Sword Boomerang","Anger"],"picked":"Seeing Red+1","floor":20},{"not_picked":["Pommel Strike","Clothesline"],"picked":"Body Slam","floor":23},{"not_picked":["Whirlwind+1","Disarm"],"picked":"Perfected Strike","floor":24},{"not_picked":["Evolve+1","Clothesline+1"],"picked":"Shrug It Off","floor":25},{"not_picked":["Pommel Strike","Body Slam"],"picked":"Exhume","floor":28},{"not_picked":["Immolate","Bludgeon"],"picked":"Juggernaut+1","floor":33},{"not_picked":["Intimidate","Searing Blow"],"picked":"Cleave+1","floor":35},{"not_picked":["Corruption+1","Thunderclap"],"picked":"Flame Barrier+1","floor":38},{"not_picked":["Hemokinesis+1","Sentinel+1"],"picked":"Pommel Strike+1","floor":41},{"not_picked":["Wild Strike","Flame Barrier"],"picked":"Armaments+1","floor":42},{"not_picked":["Headbutt+1","Twin Strike"],"picked":"Rage","floor":44},{"not_picked":["Sword Boomerang+1","Bloodletting"],"picked":"Dark Embrace+1","floor":45},{"not_picked":["Flex","Warcry"],"picked":"Ghostly Armor+1","floor":47},{"not_picked":["Anger+1","Clash"],"picked":"Body Slam+1","floor":47},{"not_picked":["Rage","Burning Pact"],"picked":"Infernal Blade","floor":48},{"not_picked":["Headbutt+1","Clash+1"],"picked":"Reaper","floor":48}],"player_experience":436390,"relics_obtained":[{"floor":6,"key":"Incense Burner"},{"floor":9,"key":"Letter Opener"},{"floor":11,"key":"Orichalcum"},{"floor":23,"key":"Whetstone"},{"floor":25,"key":"Bag of Marbles"},{"floor":26,"key":"Tiny Chest"},{"floor":28,"key":"Gremlin Horn"},{"floor":30,"key":"Frozen Egg 2"},{"floor":36,"key":"Shovel"},{"floor":37,"key":"The Courier"},{"floor":40,"key":"Peace Pipe"},{"floor":42,"key":"Bottled Tornado"},{"floor":43,"key":"Happy Flower"},{"floor":45,"key":"Prayer Wheel"},{"floor":49,"key":"Oddly Smooth Stone"}],"event_choices":[{"cards_removed":["Strike_R"],"damage_healed":0,"gold_gain":0,"player_choice":"Purged","damage_taken":0,"max_hp_gain":0,"max_hp_loss":0,"event_name":"Purifier","floor":2,"gold_loss":0},{"damage_healed":0,"gold_gain":0,"player_choice":"Forge","damage_taken":0,"max_hp_gain":0,"max_hp_loss":0,"event_name":"Accursed Blacksmith","floor":4,"gold_loss":0,"cards_upgraded":["Whirlwind"]},{"damage_healed":0,"gold_gain":0,"player_choice":"1 cards matched","damage_taken":0,"max_hp_gain":0,"max_hp_loss":0,"event_name":"Match and Keep!","floor":7,"gold_loss":0,"cards_obtained":["Perfected Strike"]},{"damage_healed":0,"gold_gain":0,"player_choice":"Bought 2 Potions","damage_taken":0,"max_hp_gain":0,"max_hp_loss":0,"event_name":"The Woman in Blue","floor":19,"gold_loss":0},{"damage_healed":0,"gold_gain":0,"player_choice":"Became a Ghost","damage_taken":0,"max_hp_gain":0,"max_hp_loss":43,"event_name":"Ghosts","floor":22,"gold_loss":0,"cards_obtained":["Ghostly","Ghostly","Ghostly","Ghostly","Ghostly"]},{"cards_removed":["Injury"],"damage_healed":0,"gold_gain":0,"player_choice":"Gave Gold","damage_taken":0,"max_hp_gain":0,"max_hp_loss":0,"event_name":"Beggar","floor":29,"gold_loss":75},{"damage_healed":0,"gold_gain":0,"player_choice":"Fight","damage_taken":0,"max_hp_gain":0,"max_hp_loss":0,"event_name":"MindBloom","floor":36,"gold_loss":0},{"damage_healed":0,"gold_gain":300,"player_choice":"Gold","damage_taken":0,"max_hp_gain":0,"max_hp_loss":0,"event_name":"Wheel of Change","floor":46,"gold_loss":0}],"is_beta":false,"boss_relics":[{"not_picked":["Fusion Hammer","Runic Cube"],"picked":"Cursed Key"},{"not_picked":["Calling Bell","Coffee Dripper"],"picked":"Mark of Pain"}],"items_purged_floors":[31,39],"is_endless":false,"potions_floor_spawned":[1,8,11,12,14,18,20,24,25,36,42,45,47],"ascension_level":3}