{"path_per_floor":["M","M","?","$","?","R","M","M","T","R","M","?","?","M","R","B",null,"M","$","M","?","$","R","M","?","T"],"character_chosen":"IRONCLAD","items_purchased":["Reaper","Dramatic Entrance"],"gold_per_floor":[112,126,76,3,3,3,14,24,24,24,34,34,58,72,72,167,167,178,8,20,20,20,20,31,31,31],"floor_reached":27,"campfire_rested":1,"playtime":981,"current_hp_per_floor":[80,80,80,80,80,80,77,62,62,62,68,52,58,52,52,33,80,44,44,22,22,22,46,31,31,31],"items_purged":["Strike_R"],"gold":31,"score":223,"play_id":"5471669a-cffb-48f2-8357-95225b5d82ac","is_prod":false,"is_daily":false,"is_ascension_mode":true,"campfire_upgraded":3,"path_taken":["M","M","?","?","?","R","M","M","T","R","M","?","?","?","R","BOSS","M","$","M","?","?","R","M","?","T","?"],"build_version":"2018-02-22-PROD2","purchased_purges":1,"victory":false,"master_deck":["Strike_R","Strike_R","Strike_R","Defend_R","Defend_R","Defend_R","Defend_R","Bash","Double Tap+1","Sword Boomerang+1","Whirlwind+1","Reaper","True Grit","Whirlwind+1","Thunderclap+1","Bloodletting","Pummel","Demon Form","Decay","Normality","Pain","Dual Wield","Dramatic Entrance","Sword Boomerang","Heavy Blade","Heavy Blade"],"max_hp_per_floor":[80,80,80,80,80,80,80,80,80,80,80,80,80,80,80,80,80,80,80,80,80,80,80,80,80,80],"relics":["Burning Blood","Du-Vu Doll","Odd Mushroom","Calling Bell","Prayer Wheel","Bird Faced Urn","Girya","Ice Cream"],"card_choices":[{"not_picked":["Feel No Pain","Power Through"],"picked":"Sword Boomerang"},{"not_picked":["Anger","Carnage"],"picked":"Whirlwind"},{"not_picked":["Hemokinesis","Cleave"],"picked":"True Grit"},{"not_picked":["Havoc","Combust"],"picked":"Whirlwind"},{"not_picked":["Feel No Pain","Shrug It Off"],"picked":"Thunderclap"},{"not_picked":["Pommel Strike","Bludgeon"],"picked":"Bloodletting"},{"not_picked":["Body Slam","Pommel Strike"],"picked":"Pummel"},{"not_picked":["Feed","Immolate"],"picked":"Demon Form"},{"not_picked":["Iron Wave","Perfected Strike"],"picked":"Dual Wield"},{"not_picked":["Headbutt","Thunderclap"],"picked":"Sword Boomerang"},{"not_picked":["Sentinel","Dropkick"],"picked":"Heavy Blade"},{"not_picked":["Iron Wave","Fiend Fire"],"picked":"Heavy Blade"}],"player_experience":197305,"potions_floor_usage":[16,16,16],"damage_taken":[{"damage":4,"enemies":"Jaw Worm","floor":1,"turns":4},{"damage":4,"enemies":"Small Slimes","floor":2,"turns":3},{"damage":9,"enemies":"2 Louse","floor":7,"turns":2},{"damage":21,"enemies":"Exordium Thugs","floor":8,"turns":3},{"damage":0,"enemies":"Large Slime","floor":11,"turns":4},{"damage":0,"enemies":"The Mushroom Lair","floor":13,"turns":1},{"damage":12,"enemies":"Blue Slaver","floor":14,"turns":4},{"damage":25,"enemies":"Slime Boss","floor":16,"turns":6},{"damage":54,"enemies":"2 Thieves","floor":18,"turns":4},{"damage":42,"enemies":"Shell Parasite","floor":20,"turns":4},{"damage":35,"enemies":"Centurion and Healer","floor":24,"turns":5},{"damage":43,"enemies":"Snake Plant","floor":27,"turns":2}],"event_choices":[{"event_name":"The Cleric","player_choice":"Card Removal","floor":3,"damage_taken":0},{"event_name":"Liars Game","player_choice":"disagreed","floor":5,"damage_taken":0},{"event_name":"Shining Light","player_choice":"Entered Light","floor":12,"damage_taken":0},{"event_name":"Mushrooms","player_choice":"Fought Mushrooms","floor":13,"damage_taken":0},{"event_name":"Cursed Tome","player_choice":"Ignored","floor":21,"damage_taken":0},{"event_name":"Drug Dealer","player_choice":"Ignored","floor":25,"damage_taken":0}],"boss_relics":[{"not_picked":["Sozu","White Beast Statue"],"picked":"Calling Bell"}],"potions_floor_spawned":[7,11,13,16,24],"seed_played":"-6676198098691525629","killed_by":"Snake Plant","ascension_level":2,"is_trial":false}