{"gold_per_floor":[110,110,123,123,36,64,83,97,171,202,202,6,6,25,25,104,104,120,20,20,295,43,43,61,74,74,74,93,8,21,50,50,124,124,143,160,160,176,187,187,187,37,60,60,73,88,114,114,114,114,114],"floor_reached":51,"playtime":4136,"items_purged":["Strike_R","Strike_R","Regret","Strike_R"],"score":1439,"play_id":"95ae601c-4856-4dcd-ae70-0c9372d7be64","local_time":"20181225173040","is_ascension_mode":true,"campfire_choices":[{"data":"Armaments","floor":11,"key":"SMITH"},{"data":"Disarm","floor":13,"key":"SMITH"},{"data":"Flame Barrier","floor":15,"key":"SMITH"},{"data":"Combust","floor":23,"key":"SMITH"},{"data":"Feel No Pain","floor":27,"key":"SMITH"},{"floor":32,"key":"REST"},{"data":"Metallicize","floor":41,"key":"SMITH"},{"floor":49,"key":"RECALL"}],"neow_cost":"NONE","seed_source_timestamp":336634919600635,"circlet_count":0,"master_deck":["AscendersBane","Strike_R","Strike_R+1","Defend_R","Defend_R","Defend_R","Defend_R","Bash+1","Armaments+1","Clothesline","Disarm+1","Feel No Pain+1","Body Slam","Hemokinesis","Dark Embrace","Corruption","Flame Barrier+1","Metallicize+1","Exhume","Body Slam","Seeing Red","Combust+1","Spot Weakness","Burning Pact","Dual Wield","Limit Break","Flex","Feed","Metallicize+1","Corruption","True Grit+1","Panache","Transmutation","Purity"],"relics":["Burning Blood","NeowsBlessing","Pocketwatch","Bottled Lightning","Potion Belt","Runic Pyramid","Omamori","Whetstone","Coffee Dripper","Question Card"],"potions_floor_usage":[31,31,33,36,50],"damage_taken":[{"damage":0,"enemies":"Small Slimes","floor":1,"turns":1},{"damage":0,"enemies":"Cultist","floor":3,"turns":1},{"damage":0,"enemies":"Lagavulin","floor":6,"turns":1},{"damage":0,"enemies":"2 Louse","floor":7,"turns":2},{"damage":0,"enemies":"Blue Slaver","floor":8,"turns":6},{"damage":13,"enemies":"3 Sentries","floor":10,"turns":13},{"damage":0,"enemies":"2 Fungi Beasts","floor":14,"turns":5},{"damage":15,"enemies":"The Guardian","floor":16,"turns":14},{"damage":0,"enemies":"Chosen","floor":18,"turns":9},{"damage":11,"enemies":"3 Byrds","floor":24,"turns":4},{"damage":4,"enemies":"Cultist and Chosen","floor":25,"turns":5},{"damage":15,"enemies":"Snake Plant","floor":28,"turns":3},{"damage":39,"enemies":"Centurion and Healer","floor":30,"turns":7},{"damage":9,"enemies":"Gremlin Leader","floor":31,"turns":7},{"damage":27,"enemies":"Collector","floor":33,"turns":7},{"damage":17,"enemies":"Orb Walker","floor":35,"turns":4},{"damage":38,"enemies":"3 Shapes","floor":36,"turns":5},{"damage":2,"enemies":"Spire Growth","floor":38,"turns":4},{"damage":29,"enemies":"4 Shapes","floor":39,"turns":4},{"damage":5,"enemies":"Writhing Mass","floor":45,"turns":10},{"damage":1,"enemies":"Spire Growth","floor":46,"turns":4},{"damage":19,"enemies":"Reptomancer","floor":47,"turns":3},{"damage":38,"enemies":"Awakened One","floor":50,"turns":15},{"damage":32,"enemies":"Time Eater","floor":51,"turns":2}],"seed_played":"5188017383570062964","potions_obtained":[{"floor":6,"key":"LiquidBronze"},{"floor":7,"key":"Weak Potion"},{"floor":14,"key":"Ancient Potion"},{"floor":16,"key":"FairyPotion"},{"floor":18,"key":"BloodPotion"},{"floor":25,"key":"SteroidPotion"},{"floor":35,"key":"Block Potion"},{"floor":46,"key":"AttackPotion"}],"is_trial":false,"path_per_floor":["M","$","M","?","$","E","M","M","T","E","R","$","R","M","R","B",null,"M","$","?","?","$","R","M","M","T","R","M","$","M","E","R","B",null,"M","M","?","M","M","?","R","$","T","?","M","M","E","?","R","B","B"],"character_chosen":"IRONCLAD","items_purchased":["Disarm","Corruption","Flame Barrier","Combust","Spot Weakness","Limit Break"],"campfire_rested":1,"item_purchase_floors":[5,12,12,22,22,29],"current_hp_per_floor":[74,74,75,75,75,75,75,75,75,68,68,68,68,74,74,65,73,75,75,75,75,75,75,70,72,72,72,63,63,30,27,49,28,63,52,24,65,69,57,73,73,73,73,61,66,75,66,56,56,28,0],"gold":114,"neow_bonus":"THREE_ENEMY_KILL","is_prod":false,"is_daily":false,"chose_seed":false,"campfire_upgraded":6,"win_rate":0,"timestamp":1545787840,"path_taken":["M","$","M","?","$","E","?","M","T","E","R","$","R","M","R","BOSS","M","$","?","?","$","R","?","M","T","R","M","?","M","E","R","BOSS","M","M","?","M","M","?","R","$","T","?","?","M","E","?","R","BOSS","BOSS"],"build_version":"2018-12-20","purchased_purges":4,"victory":false,"max_hp_per_floor":[75,75,75,75,75,75,75,75,75,75,75,75,75,75,75,75,75,75,75,75,75,75,75,75,75,75,75,75,75,75,75,75,75,75,75,79,65,69,80,80,80,80,80,80,84,88,92,92,92,96,96],"card_choices":[{"not_picked":["Whirlwind","Havoc"],"picked":"Armaments","floor":1},{"not_picked":["Rupture","Dual Wield"],"picked":"Clothesline","floor":3},{"not_picked":["Pommel Strike","Rage"],"picked":"Feel No Pain","floor":6},{"not_picked":["Bloodletting","Havoc"],"picked":"Body Slam","floor":7},{"not_picked":["Evolve","Entrench"],"picked":"Hemokinesis","floor":8},{"not_picked":["Burning Pact","Dropkick"],"picked":"Dark Embrace","floor":10},{"not_picked":["Evolve","Iron Wave"],"picked":"Metallicize","floor":14},{"not_picked":["Dark Embrace","Limit Break"],"picked":"Exhume","floor":16},{"not_picked":["Rampage+1","Corruption"],"picked":"Body Slam","floor":18},{"not_picked":["Battle Trance","Sever Soul"],"picked":"Burning Pact","floor":24},{"not_picked":["Twin Strike+1","Thunderclap","Heavy Blade"],"picked":"SKIP","floor":25},{"not_picked":["Sentinel","Sword Boomerang+1"],"picked":"Dual Wield","floor":28},{"not_picked":["Pommel Strike","Infernal Blade"],"picked":"Flex","floor":30},{"not_picked":["Perfected Strike","Rampage","Ghostly Armor"],"picked":"SKIP","floor":31},{"not_picked":["Immolate","Fiend Fire"],"picked":"Feed","floor":33},{"not_picked":["Dual Wield","Flame Barrier"],"picked":"Metallicize+1","floor":35},{"not_picked":["Flex+1","Warcry","Wild Strike+1"],"picked":"SKIP","floor":36},{"not_picked":["Shrug It Off","Anger+1"],"picked":"Corruption","floor":38},{"not_picked":["Juggernaut","Sever Soul"],"picked":"True Grit+1","floor":39},{"not_picked":["Cleave","Metallicize","Thunderclap"],"picked":"SKIP","floor":45},{"not_picked":["Havoc","Cleave","Power Through"],"picked":"SKIP","floor":46},{"not_picked":["Rupture","Cleave+1","Pommel Strike"],"picked":"SKIP","floor":47},{"not_picked":["Transmutation","Secret Weapon","Impatience"],"picked":"Panache","floor":48},{"not_picked":["Mind Blast","Forethought","Trip"],"picked":"Transmutation","floor":48},{"not_picked":["Jack Of All Trades","PanicButton","Trip"],"picked":"Purity","floor":48}],"player_experience":4050847,"relics_obtained":[{"floor":6,"key":"Pocketwatch"},{"floor":9,"key":"Bottled Lightning"},{"floor":10,"key":"Potion Belt"},{"floor":26,"key":"Omamori"},{"floor":31,"key":"Whetstone"},{"floor":47,"key":"Question Card"}],"event_choices":[{"damage_healed":0,"gold_gain":0,"player_choice":"Full Heal","damage_taken":0,"max_hp_gain":0,"max_hp_loss":0,"event_name":"Wheel of Change","floor":4,"gold_loss":0},{"damage_healed":0,"gold_gain":0,"player_choice":"Read","damage_taken":0,"max_hp_gain":0,"max_hp_loss":0,"event_name":"The Library","floor":20,"gold_loss":0,"cards_obtained":["Seeing Red"]},{"damage_healed":0,"gold_gain":275,"player_choice":"Desecrate","damage_taken":0,"max_hp_gain":0,"max_hp_loss":0,"event_name":"Golden Shrine","floor":21,"gold_loss":0,"cards_obtained":["Regret"]},{"damage_healed":65,"gold_gain":0,"player_choice":"Heal","damage_taken":0,"max_hp_gain":0,"max_hp_loss":14,"event_name":"The Moai Head","floor":37,"gold_loss":0},{"damage_healed":16,"gold_gain":0,"player_choice":"Writhe","damage_taken":0,"max_hp_gain":0,"max_hp_loss":0,"event_name":"Winding Halls","floor":40,"gold_loss":0,"cards_obtained":["Writhe"]},{"damage_healed":0,"gold_gain":0,"player_choice":"Damaged","damage_taken":12,"max_hp_gain":0,"max_hp_loss":0,"event_name":"Wheel of Change","floor":44,"gold_loss":0},{"damage_healed":0,"gold_gain":0,"player_choice":"Memory 3","damage_taken":10,"max_hp_gain":0,"max_hp_loss":0,"event_name":"SensoryStone","floor":48,"gold_loss":0}],"is_beta":true,"boss_relics":[{"not_picked":["Empty Cage","Sozu"],"picked":"Runic Pyramid"},{"not_picked":["Eternal Feather","Lizard Tail"],"picked":"Coffee Dripper"}],"items_purged_floors":[12,19,22,42],"is_endless":false,"potions_floor_spawned":[6,7,14,16,18,25,35,46],"killed_by":"Time Eater","ascension_level":20}