{"gold_per_floor":[116,116,116,116,76,94,114,39,62,27,60,74,92,118,118,118],"floor_reached":16,"playtime":798,"items_purged":["Dualcast"],"score":100,"play_id":"b4f8a383-224b-4b87-baa0-5ba475fb0fc1","local_time":"20181111081249","is_ascension_mode":false,"campfire_choices":[{"floor":15,"key":"REST"}],"neow_cost":"PERCENT_DAMAGE","seed_source_timestamp":1712205568273,"circlet_count":0,"master_deck":["Strike_B","Strike_B","Defend_B","Defend_B","Defend_B+1","Defend_B+1","Zap","Darkness","Go for the Eyes","Sweeping Beam","Heatsinks+1","Self Repair+1"],"relics":["Cracked Core","Ginger","Sundial","War Paint","Frozen Egg 2","Anchor"],"potions_floor_usage":[11,11,16,16],"damage_taken":[{"damage":0,"enemies":"Small Slimes","floor":1,"turns":2},{"damage":13,"enemies":"2 Louse","floor":6,"turns":2},{"damage":1,"enemies":"Cultist","floor":7,"turns":3},{"damage":18,"enemies":"Gremlin Nob","floor":11,"turns":4},{"damage":6,"enemies":"Red Slaver","floor":12,"turns":4},{"damage":6,"enemies":"2 Fungi Beasts","floor":13,"turns":4},{"damage":32,"enemies":"Hexaghost","floor":16,"turns":9}],"seed_played":"3754184153450739821","potions_obtained":[{"floor":5,"key":"FocusPotion"},{"floor":5,"key":"Ancient Potion"},{"floor":5,"key":"SkillPotion"},{"floor":6,"key":"SkillPotion"},{"floor":12,"key":"PowerPotion"}],"is_trial":false,"path_per_floor":["M","?","?","?","?","M","M","$","T","?","E","M","M","T","R","B"],"character_chosen":"DEFECT","items_purchased":[],"campfire_rested":1,"item_purchase_floors":[],"current_hp_per_floor":[54,42,35,35,35,22,21,21,21,39,21,15,9,9,31,0],"gold":118,"neow_bonus":"ONE_RARE_RELIC","is_prod":false,"is_daily":false,"chose_seed":false,"campfire_upgraded":0,"win_rate":0.0,"timestamp":1541941969,"path_taken":["M","?","?","?","?","M","?","?","T","?","E","M","M","?","R","BOSS"],"build_version":"2018-11-08","purchased_purges":1,"victory":false,"max_hp_per_floor":[75,75,75,75,75,75,75,75,75,75,75,75,75,75,75,75],"card_choices":[{"not_picked":["Stack","Melter"],"picked":"Darkness","floor":1},{"not_picked":["Hologram","Capacitor","Compile Driver"],"picked":"SKIP","floor":6},{"not_picked":["Redo","Rebound"],"picked":"Go for the Eyes","floor":7},{"not_picked":["Turbo","Steam"],"picked":"Sweeping Beam","floor":11},{"not_picked":["Conserve Battery","Turbo"],"picked":"Heatsinks+1","floor":12},{"not_picked":["Lockon","Fission"],"picked":"Self Repair+1","floor":13}],"player_experience":172493,"relics_obtained":[{"floor":9,"key":"War Paint"},{"floor":11,"key":"Frozen Egg 2"},{"floor":14,"key":"Anchor"}],"event_choices":[{"damage_healed":0,"gold_gain":0,"player_choice":"Success","damage_taken":12,"relics_obtained":["Sundial"],"max_hp_gain":0,"max_hp_loss":0,"event_name":"Scrap Ooze","floor":2,"gold_loss":0},{"cards_removed":["Strike_B"],"damage_healed":0,"gold_gain":0,"player_choice":"Card Removal","damage_taken":7,"max_hp_gain":0,"max_hp_loss":0,"event_name":"Golden Wing","floor":3,"gold_loss":0},{"cards_removed":["Strike_B"],"damage_healed":0,"gold_gain":0,"player_choice":"Forget","damage_taken":0,"max_hp_gain":0,"max_hp_loss":0,"event_name":"Living Wall","floor":4,"gold_loss":0},{"damage_healed":0,"gold_gain":0,"player_choice":"Bought 3 Potions","damage_taken":0,"max_hp_gain":0,"max_hp_loss":0,"event_name":"The Woman in Blue","floor":5,"gold_loss":0},{"damage_healed":18,"gold_gain":0,"player_choice":"Healed","damage_taken":0,"max_hp_gain":0,"max_hp_loss":0,"event_name":"The Cleric","floor":10,"gold_loss":35}],"is_beta":false,"boss_relics":[],"items_purged_floors":[8],"is_endless":false,"potions_floor_spawned":[6,7,12],"killed_by":"Hexaghost","ascension_level":0}