{"gold_per_floor":[110,110,185,201,10,10,10,23,23,23,43,43,43,63,63,194,194,208,208,222,50,74,74,39,39,65,65,65,85,101,101,101,201,201,212,18,18,31,31,31,50,67,67,81,93,93,93,112,112,112],"floor_reached":50,"playtime":3216,"items_purged":["Strike_G","Strike_G","Shame"],"score":458,"play_id":"347574ce-415a-4860-bd1b-1a6fe43cf608","local_time":"20190112225629","is_ascension_mode":false,"campfire_choices":[{"data":"Storm of Steel","floor":6,"key":"SMITH"},{"data":"Infinite Blades","floor":10,"key":"SMITH"},{"data":"Leg Sweep","floor":12,"key":"SMITH"},{"floor":15,"key":"REST"},{"data":"Infinite Blades","floor":23,"key":"SMITH"},{"floor":25,"key":"REST"},{"floor":32,"key":"REST"},{"data":"After Image","floor":40,"key":"SMITH"},{"floor":47,"key":"REST"},{"floor":49,"key":"REST"}],"neow_cost":"NONE","seed_source_timestamp":320162407289922,"circlet_count":0,"master_deck":["Defend_G","Defend_G","Defend_G","Defend_G","Defend_G","Strike_G","Strike_G","Strike_G","Survivor","Neutralize","Storm of Steel+1","Cloak And Dagger","Terror","Infinite Blades+1","Backflip","Enlightenment","Neutralize","Quick Slash","Leg Sweep+1","Crippling Poison","Envenom","Escape Plan+1","Backstab","Catalyst","Infinite Blades+1","Footwork","Accuracy","Footwork","After Image+1","Cloak And Dagger+1","Infinite Blades","Doubt","After Image","Parasite","Decay"],"relics":["Ring of the Snake","Bloody Idol","Singing Bowl","Cursed Key","Juzu Bracelet","Paper Crane","Spirit Poop","Tough Bandages","Ginger"],"potions_floor_usage":[33,42,44,50],"damage_taken":[{"damage":0,"enemies":"2 Louse","floor":1,"turns":4},{"damage":0,"enemies":"Cultist","floor":4,"turns":4},{"damage":0,"enemies":"Small Slimes","floor":8,"turns":3},{"damage":10,"enemies":"Exordium Thugs","floor":11,"turns":4},{"damage":5,"enemies":"3 Louse","floor":14,"turns":4},{"damage":39,"enemies":"The Guardian","floor":16,"turns":15},{"damage":8,"enemies":"Spheric Guardian","floor":18,"turns":5},{"damage":15,"enemies":"Chosen","floor":20,"turns":5},{"damage":14,"enemies":"3 Cultists","floor":22,"turns":7},{"damage":10,"enemies":"Centurion and Healer","floor":29,"turns":6},{"damage":8,"enemies":"Chosen and Byrds","floor":30,"turns":6},{"damage":45,"enemies":"Collector","floor":33,"turns":12},{"damage":15,"enemies":"Orb Walker","floor":35,"turns":4},{"damage":22,"enemies":"3 Shapes","floor":38,"turns":3},{"damage":34,"enemies":"Sphere and 2 Shapes","floor":41,"turns":10},{"damage":19,"enemies":"Transient","floor":42,"turns":5},{"damage":4,"enemies":"3 Darklings","floor":44,"turns":6},{"damage":2,"enemies":"Writhing Mass","floor":45,"turns":9},{"damage":19,"enemies":"Transient","floor":48,"turns":5},{"damage":57,"enemies":"Time Eater","floor":50,"turns":9}],"seed_played":"9157045944436236688","potions_obtained":[{"floor":11,"key":"SpeedPotion"},{"floor":16,"key":"Dexterity Potion"},{"floor":20,"key":"GhostInAJar"},{"floor":38,"key":"FearPotion"}],"is_trial":false,"path_per_floor":["M","?","?","M","$","R","?","M","T","R","M","R","$","M","R","B",null,"M","?","M","$","M","R","$","R","T","?","?","M","M","?","R","B",null,"M","$","?","M","$","R","M","M","T","M","M","T","R","M","R","B"],"character_chosen":"THE_SILENT","items_purchased":["Infinite Blades","Backflip","Catalyst","Footwork","Infinite Blades"],"campfire_rested":5,"item_purchase_floors":[5,5,21,24,36],"current_hp_per_floor":[70,53,42,42,42,42,42,42,42,42,32,32,32,27,48,9,70,62,62,47,47,33,33,33,54,54,54,54,49,48,48,69,29,72,62,62,62,47,47,47,20,8,8,9,14,14,38,26,50,0],"gold":112,"neow_bonus":"ONE_RANDOM_RARE_CARD","is_prod":false,"is_daily":false,"chose_seed":false,"campfire_upgraded":5,"win_rate":0,"timestamp":1547351789,"path_taken":["M","?","?","M","$","R","?","?","T","R","M","R","?","M","R","BOSS","M","?","M","$","M","R","$","R","T","?","?","M","M","?","R","BOSS","M","$","?","M","?","R","M","M","T","M","M","?","R","M","R","BOSS"],"build_version":"2019-01-10","purchased_purges":3,"victory":false,"max_hp_per_floor":[70,70,70,70,70,70,70,70,70,70,70,70,70,70,70,70,70,70,70,70,70,70,70,70,70,70,70,70,70,72,72,72,72,72,72,72,72,74,74,74,76,78,78,78,80,80,80,82,82,82],"card_choices":[{"not_picked":["Deadly Poison","Dagger Spray"],"picked":"Cloak And Dagger","floor":1},{"not_picked":["Deflect","Heel Hook"],"picked":"Terror","floor":4},{"not_picked":["PiercingWail","Tools of the Trade"],"picked":"Quick Slash","floor":8},{"not_picked":["Deadly Poison","Underhanded Strike"],"picked":"Leg Sweep","floor":11},{"not_picked":["Poisoned Stab","Dagger Spray"],"picked":"Crippling Poison","floor":14},{"not_picked":["Malaise","Die Die Die"],"picked":"Envenom","floor":16},{"not_picked":["Outmaneuver","Underhanded Strike"],"picked":"Escape Plan+1","floor":18},{"not_picked":["Masterful Stab","Leg Sweep"],"picked":"Backstab","floor":20},{"not_picked":["Bane+1","Underhanded Strike"],"picked":"Infinite Blades","floor":22},{"not_picked":["Dagger Throw","Masterful Stab"],"picked":"Footwork","floor":29},{"not_picked":["Eviscerate","Sucker Punch+1","Reflex"],"picked":"Singing Bowl","floor":30},{"not_picked":["Unload","Adrenaline"],"picked":"After Image","floor":33},{"not_picked":["Dagger Throw+1","Well Laid Plans+1"],"picked":"Cloak And Dagger+1","floor":35},{"not_picked":["Sucker Punch+1","Backflip","Catalyst+1"],"picked":"Singing Bowl","floor":38},{"not_picked":["Deadly Poison","Acrobatics","Terror+1"],"picked":"Singing Bowl","floor":41},{"not_picked":["Skewer","Flying Knee+1","Prepared+1"],"picked":"Singing Bowl","floor":42},{"not_picked":["Flechettes+1","Outmaneuver+1"],"picked":"After Image","floor":44},{"not_picked":["Dodge and Roll+1","Setup+1","Dagger Throw+1"],"picked":"Singing Bowl","floor":45},{"not_picked":["Expertise","Tools of the Trade","Dagger Throw"],"picked":"Singing Bowl","floor":48}],"player_experience":922209,"relics_obtained":[{"floor":9,"key":"Singing Bowl"},{"floor":26,"key":"Juzu Bracelet"},{"floor":43,"key":"Tough Bandages"},{"floor":46,"key":"Ginger"}],"event_choices":[{"damage_healed":0,"gold_gain":0,"player_choice":"Take Damage","damage_taken":17,"relics_obtained":["Golden Idol"],"max_hp_gain":0,"max_hp_loss":0,"event_name":"Golden Idol","floor":2,"gold_loss":0},{"damage_healed":0,"gold_gain":75,"player_choice":"Gather Gold","damage_taken":11,"max_hp_gain":0,"max_hp_loss":0,"event_name":"World of Goop","floor":3,"gold_loss":0},{"damage_healed":0,"gold_gain":0,"player_choice":"2 cards matched","damage_taken":0,"max_hp_gain":0,"max_hp_loss":0,"event_name":"Match and Keep!","floor":7,"gold_loss":0,"cards_obtained":["Enlightenment","Neutralize"]},{"damage_healed":0,"gold_gain":0,"player_choice":"Ignored","damage_taken":0,"max_hp_gain":0,"max_hp_loss":0,"event_name":"Vampires","floor":19,"gold_loss":0},{"damage_healed":0,"gold_gain":0,"player_choice":"Gave Idol","damage_taken":0,"relics_obtained":["Bloody Idol"],"max_hp_gain":0,"max_hp_loss":0,"event_name":"Forgotten Altar","floor":27,"relics_lost":["Golden Idol"],"gold_loss":0},{"damage_healed":0,"gold_gain":0,"player_choice":"Read","damage_taken":0,"max_hp_gain":0,"max_hp_loss":0,"event_name":"The Library","floor":28,"gold_loss":0,"cards_obtained":["Accuracy"]},{"damage_healed":0,"gold_gain":0,"player_choice":"Opened","damage_taken":0,"relics_obtained":["Paper Crane"],"max_hp_gain":0,"max_hp_loss":0,"event_name":"The Mausoleum","floor":31,"gold_loss":0,"cards_obtained":["Writhe"]},{"cards_removed":["Writhe"],"damage_healed":0,"gold_gain":0,"player_choice":"Offered Curse","damage_taken":0,"relics_obtained":["Spirit Poop"],"max_hp_gain":0,"max_hp_loss":0,"event_name":"Bonfire Elementals","floor":37,"gold_loss":0}],"is_beta":false,"boss_relics":[{"not_picked":["Astrolabe","Ring of the Serpent"],"picked":"Cursed Key"},{"not_picked":["Runic Dome","HoveringKite","Snecko Eye"]}],"items_purged_floors":[5,21,36],"is_endless":false,"potions_floor_spawned":[11,16,20,22,29,38,41],"killed_by":"Time Eater","ascension_level":0}