{"gold_per_floor":[114,189,48,48,48,48,58,58,112,128,138,138,156,156,156,281,281,274,297,46,46],"floor_reached":21,"playtime":1508,"items_purged":["Injury"],"score":203,"play_id":"b2090f3d-8347-4286-8bcb-fd95e4cd6deb","local_time":"20181104000654","is_ascension_mode":true,"campfire_choices":[{"data":"Madness","floor":6,"key":"SMITH"},{"data":"Zap","floor":8,"key":"SMITH"},{"data":"FTL","floor":12,"key":"SMITH"},{"floor":15,"key":"REST"}],"neow_cost":"NONE","seed_source_timestamp":11945032151643,"circlet_count":0,"master_deck":["Strike_B","Strike_B","Strike_B","Defend_B+1","Defend_B","Defend_B","Defend_B+1","Zap+1","Dualcast","Biased Cognition","Gash","Madness+1","Steam","FTL+1","Glacier","Turbo","Gash","Thunder Strike","Gash+1","Beam Cell"],"relics":["Cracked Core","Dodecahedron","War Paint","Golden Idol","Nuclear Battery","MawBank"],"potions_floor_usage":[13,16,21,21],"damage_taken":[{"damage":9,"enemies":"2 Louse","floor":1,"turns":3},{"damage":6,"enemies":"Jaw Worm","floor":7,"turns":2},{"damage":0,"enemies":"Small Slimes","floor":10,"turns":3},{"damage":0,"enemies":"3 Louse","floor":11,"turns":2},{"damage":6,"enemies":"Red Slaver","floor":13,"turns":3},{"damage":38,"enemies":"The Guardian","floor":16,"turns":13},{"damage":22,"enemies":"2 Thieves","floor":18,"turns":4},{"damage":42,"enemies":"3 Byrds","floor":19,"turns":6},{"damage":28,"enemies":"Colosseum Slavers","floor":21,"turns":2}],"seed_played":"-3163116378925355716","potions_obtained":[{"floor":7,"key":"PowerPotion"},{"floor":13,"key":"Fruit Juice"},{"floor":18,"key":"Regen Potion"},{"floor":19,"key":"SpeedPotion"}],"is_trial":false,"path_per_floor":["M","?","$","?","?","R","M","R","T","M","M","R","M","?","R","B",null,"M","M","$","?"],"character_chosen":"DEFECT","items_purchased":["Madness","Steam","Beam Cell","MawBank"],"campfire_rested":1,"item_purchase_floors":[3,3,20,20],"current_hp_per_floor":[66,55,55,48,36,36,30,30,30,30,30,30,29,29,53,15,80,58,16,16,0],"gold":46,"neow_bonus":"ONE_RANDOM_RARE_CARD","is_prod":false,"is_daily":false,"chose_seed":false,"campfire_upgraded":3,"win_rate":0,"timestamp":1541304414,"path_taken":["M","?","$","?","?","R","M","R","T","M","M","R","?","?","R","BOSS","M","M","$","?"],"build_version":"2018-11-01","purchased_purges":1,"victory":false,"max_hp_per_floor":[75,75,75,75,75,75,75,75,75,75,75,75,80,80,80,80,80,80,80,80,80],"card_choices":[{"not_picked":["Coolheaded","Scrape"],"picked":"Gash","floor":1},{"not_picked":["Blizzard","Ball Lightning"],"picked":"FTL","floor":7},{"not_picked":["Aggregate","Sweeping Beam"],"picked":"Glacier","floor":10},{"not_picked":["Heatsinks","Steam"],"picked":"Turbo","floor":11},{"not_picked":["Turbo","Ball Lightning"],"picked":"Gash","floor":13},{"not_picked":["Seek","Rainbow"],"picked":"Thunder Strike","floor":16},{"not_picked":["Beam Cell","Coolheaded+1"],"picked":"Gash+1","floor":18},{"not_picked":["Turbo","Rebound","Heatsinks+1"],"picked":"SKIP","floor":19}],"player_experience":735347,"relics_obtained":[{"floor":9,"key":"War Paint"}],"event_choices":[{"damage_healed":0,"gold_gain":75,"player_choice":"Gather Gold","damage_taken":11,"max_hp_gain":0,"max_hp_loss":0,"event_name":"World of Goop","floor":2,"gold_loss":0},{"cards_removed":["Strike_B"],"damage_healed":0,"gold_gain":0,"player_choice":"Card Removal","damage_taken":7,"max_hp_gain":0,"max_hp_loss":0,"event_name":"Golden Wing","floor":4,"gold_loss":0},{"damage_healed":0,"gold_gain":0,"player_choice":"Success","damage_taken":12,"relics_obtained":["Dodecahedron"],"max_hp_gain":0,"max_hp_loss":0,"event_name":"Scrap Ooze","floor":5,"gold_loss":0},{"damage_healed":0,"gold_gain":0,"player_choice":"Take Wound","damage_taken":0,"relics_obtained":["Golden Idol"],"max_hp_gain":0,"max_hp_loss":0,"event_name":"Golden Idol","floor":14,"gold_loss":0,"cards_obtained":["Injury"]},{"damage_healed":0,"gold_gain":0,"player_choice":"Fight","damage_taken":0,"max_hp_gain":0,"max_hp_loss":0,"event_name":"Colosseum","floor":21,"gold_loss":0}],"is_beta":false,"boss_relics":[{"not_picked":["Black Star","Lizard Tail"],"picked":"Nuclear Battery"}],"items_purged_floors":[20],"is_endless":false,"potions_floor_spawned":[7,13,18,19],"killed_by":"Colosseum Slavers","ascension_level":4}