{"path_per_floor":["M","$","?","M","M","R","M","R","M","M","R","B",null,"M","?","M","$","M","R","M","M","T","$","M","M","?","M","R"],"character_chosen":"IRONCLAD","items_purchased":["Sword Boomerang","Oddly Smooth Stone","Lantern","Shrug It Off"],"gold_per_floor":[116,14,14,29,43,43,333,333,343,358,358,455,455,468,468,483,240,256,256,276,289,335,43,55,74,74,86,86],"floor_reached":29,"campfire_rested":0,"playtime":1147,"current_hp_per_floor":[72,72,72,72,69,69,59,59,65,63,63,37,66,73,73,76,76,78,78,81,80,80,80,68,74,58,70,70],"items_purged":["Rupture","Defend_R","Writhe"],"gold":86,"score":330,"play_id":"eff23e54-95ff-4cb8-b267-02567ebd7c1b","local_time":"20180309185015","is_prod":false,"is_daily":false,"is_ascension_mode":true,"campfire_upgraded":6,"timestamp":1520643015,"path_taken":["M","$","?","M","M","R","?","R","T","?","?","R","M","M","R","BOSS","M","?","M","$","M","R","M","M","T","$","?","M","?","?","R","BOSS"],"build_version":"2018-03-09","purchased_purges":3,"victory":false,"master_deck":["Strike_R","Strike_R+1","Strike_R","Defend_R","Defend_R","Defend_R","Bash+1","Pummel","Battle Trance+1","Sword Boomerang+1","Metallicize+1","Finesse+1","Thunderclap","Seeing Red","Flex+1","Pommel Strike","Feed","Bludgeon+1","Shrug It Off+1","Dropkick","Shrug It Off","Shrug It Off+1","Double Tap+1","Shrug It Off","Thunderclap","Sword Boomerang+1","Dropkick"],"max_hp_per_floor":[72,72,72,72,72,72,72,72,72,72,72,75,75,78,78,78,78,81,81,81,84,84,84,84,84,84,84,84],"relics":["Burning Blood","Cursed Key","Nloth\u0027s Gift","Oddly Smooth Stone","Orichalcum","Lantern","Nilry\u0027s Codex"],"card_choices":[{"not_picked":["Havoc","Body Slam"],"picked":"Battle Trance"},{"not_picked":["Spot Weakness","Iron Wave"],"picked":"Thunderclap"},{"not_picked":["Armaments","Dark Embrace"],"picked":"Seeing Red"},{"not_picked":["Searing Blow","Heavy Blade"],"picked":"Flex"},{"not_picked":["True Grit","Armaments"],"picked":"Pommel Strike"},{"not_picked":["Combust","True Grit"],"picked":"Feed"},{"not_picked":["Double Tap","Dark Embrace"],"picked":"Bludgeon"},{"not_picked":["Perfected Strike","Twin Strike"],"picked":"Shrug It Off"},{"not_picked":["Flex","Exhume"],"picked":"Dropkick"},{"not_picked":["Headbutt","Heavy Blade"],"picked":"Shrug It Off"},{"not_picked":["Wild Strike","Armaments"],"picked":"Shrug It Off"},{"not_picked":["Intimidate","Carnage"],"picked":"Double Tap"},{"not_picked":["Pommel Strike","Heavy Blade"],"picked":"Thunderclap"},{"not_picked":["Brutality","Searing Blow"],"picked":"Sword Boomerang"},{"not_picked":["Sword Boomerang","Cleave"],"picked":"Dropkick"}],"player_experience":301155,"potions_floor_usage":[12,20,27,27],"damage_taken":[{"damage":3.0,"enemies":"Small Slimes","floor":1.0,"turns":5.0},{"damage":0.0,"enemies":"Cultist","floor":4.0,"turns":3.0},{"damage":9.0,"enemies":"Jaw Worm","floor":5.0,"turns":4.0},{"damage":4.0,"enemies":"Looter","floor":7.0,"turns":3.0},{"damage":4,"enemies":"Blue Slaver","floor":7,"turns":4},{"damage":0,"enemies":"2 Fungi Beasts","floor":9,"turns":3},{"damage":8,"enemies":"Gremlin Gang","floor":10,"turns":4},{"damage":35,"enemies":"The Guardian","floor":12,"turns":7},{"damage":2,"enemies":"Spheric Guardian","floor":14,"turns":3},{"damage":3,"enemies":"Shell Parasite","floor":16,"turns":2},{"damage":7,"enemies":"Sentry and Sphere","floor":18,"turns":3},{"damage":0,"enemies":"Snake Plant","floor":20,"turns":2},{"damage":10,"enemies":"Centurion and Healer","floor":21,"turns":5},{"damage":18,"enemies":"Cultist and Chosen","floor":24,"turns":6},{"damage":0,"enemies":"Chosen and Byrds","floor":25,"turns":4},{"damage":0,"enemies":"3 Cultists","floor":27,"turns":3},{"damage":93,"enemies":"Champ","floor":29,"turns":7}],"event_choices":[{"event_name":"Match and Keep!","player_choice":"2 cards matched","floor":3.0,"damage_taken":0.0},{"event_name":"Living Wall","player_choice":"Grow","floor":7,"damage_taken":0},{"event_name":"Shining Light","player_choice":"Entered Light","floor":7,"damage_taken":0},{"event_name":"N\u0027loth","player_choice":"Traded a Old Coin","floor":15,"damage_taken":0},{"event_name":"Cursed Tome","player_choice":"Obtained Book","floor":26,"damage_taken":0}],"boss_relics":[{"not_picked":["Mark of Pain","Velvet Choker"],"picked":"Cursed Key"}],"potions_floor_spawned":[1,9,10,18,24,25],"seed_played":"88861116648596578","killed_by":"Champ","ascension_level":7,"is_trial":false}