{"path_per_floor":["M","M","M","M","M","R","E","R","T","E","M","R","?","?","R","B",null,"M","?","M","$","?","E","R","M","T","R","M","R","?","E","R"],"character_chosen":"IRONCLAD","items_purchased":["Mummified Hand","Shrug It Off"],"gold_per_floor":[109,119,137,153,170,170,196,196,196,222,237,237,187,187,187,261,261,281,281,295,4,54,88,88,99,126,126,138,138,163,191,191],"floor_reached":33,"campfire_rested":3,"playtime":2878,"current_hp_per_floor":[71,65,60,55,51,51,39,39,39,45,45,45,45,45,45,23,61,44,44,39,39,39,16,38,40,42,42,34,71,37,31,68],"items_purged":[],"gold":191,"score":586,"play_id":"6ee638dc-e4bf-40f5-808d-7d4228f79501","is_prod":false,"is_daily":false,"is_ascension_mode":true,"campfire_upgraded":5,"path_taken":["M","M","M","M","M","R","E","R","T","E","M","R","?","?","R","BOSS","M","?","M","$","?","E","R","M","T","R","M","R","?","E","R","BOSS"],"build_version":"2018-02-23-BETA1","purchased_purges":1,"victory":false,"master_deck":["Strike_R","Strike_R","Strike_R","Defend_R","Defend_R","Defend_R","Defend_R","Bash+1","Inflame","Metallicize","Whirlwind+1","Headbutt","Reckless Charge","Havoc+1","True Grit+1","Juggernaut","Armaments+1","Havoc+1","Shrug It Off","Impervious","Shrug It Off","Shrug It Off","Shrug It Off+1","Dropkick"],"max_hp_per_floor":[75,75,75,75,75,75,75,75,75,75,77,77,74,74,74,74,74,74,74,74,74,74,74,74,74,76,76,76,76,76,76,76],"relics":["Burning Blood","Gambling Chip","Singing Bowl","Prayer Wheel","Runic Dome","Mummified Hand","Bronze Scales","Regal Pillow","Red Mask","Smiling Mask"],"card_choices":[{"not_picked":["Shrug It Off","Pommel Strike"],"picked":"Metallicize"},{"not_picked":["Body Slam","Thunderclap"],"picked":"Whirlwind"},{"not_picked":["Anger","Iron Wave"],"picked":"Headbutt"},{"not_picked":["Anger","Thunderclap"],"picked":"Reckless Charge"},{"not_picked":["Flex","Immolate"],"picked":"Havoc"},{"not_picked":["Warcry","Anger"],"picked":"True Grit"},{"not_picked":["Exhume","Barricade"],"picked":"Juggernaut"},{"not_picked":["Disarm","Headbutt"],"picked":"Armaments"},{"not_picked":["Infernal Blade","Clash"],"picked":"Havoc"},{"not_picked":["Clothesline","Pummel"],"picked":"Impervious"},{"not_picked":["Shockwave","Burning Pact"],"picked":"Shrug It Off"},{"not_picked":["Havoc","Flex"],"picked":"Shrug It Off"},{"not_picked":["Infernal Blade","Clash"],"picked":"Shrug It Off"},{"not_picked":["Shrug It Off","Uppercut"],"picked":"Dropkick"}],"player_experience":219674,"potions_floor_usage":[4,10,18,20,23,31,33,33],"damage_taken":[{"damage":3,"enemies":"2 Louse","floor":1,"turns":4},{"damage":12,"enemies":"Jaw Worm","floor":2,"turns":4},{"damage":11,"enemies":"Small Slimes","floor":3,"turns":3},{"damage":11,"enemies":"3 Louse","floor":4,"turns":2},{"damage":10,"enemies":"Red Slaver","floor":5,"turns":4},{"damage":18,"enemies":"Gremlin Nob","floor":7,"turns":4},{"damage":0,"enemies":"3 Sentries","floor":10,"turns":2},{"damage":8,"enemies":"Exordium Thugs","floor":11,"turns":2},{"damage":28,"enemies":"The Guardian","floor":16,"turns":9},{"damage":23,"enemies":"2 Thieves","floor":18,"turns":3},{"damage":11,"enemies":"Shell Parasite","floor":20,"turns":4},{"damage":29,"enemies":"Gremlin Leader","floor":23,"turns":6},{"damage":4,"enemies":"Sentry and Sphere","floor":25,"turns":4},{"damage":14,"enemies":"Slaver and Parasite","floor":28,"turns":5},{"damage":40,"enemies":"Masked Bandits","floor":30,"turns":4},{"damage":12,"enemies":"Slavers","floor":31,"turns":5},{"damage":94,"enemies":"Champ","floor":33,"turns":13}],"event_choices":[{"event_name":"The Cleric","player_choice":"Card Removal","floor":13,"damage_taken":0},{"event_name":"Living Wall","player_choice":"Forget","floor":14,"damage_taken":0},{"event_name":"The Lab","player_choice":"Got Potions","floor":19,"damage_taken":0},{"event_name":"Golden Shrine","player_choice":"Pray","floor":22,"damage_taken":0},{"event_name":"Masked Bandits","player_choice":"Fought over 138 gold","floor":30,"damage_taken":0}],"boss_relics":[{"not_picked":["Astrolabe","Lizard Tail"],"picked":"Runic Dome"}],"potions_floor_spawned":[3,7,11,18,25,30,31],"seed_played":"2416478026437928314","killed_by":"Champ","ascension_level":15,"is_trial":false}