{"path_per_floor":["M","M","$","M","M","E","M","?","T","M","M","R","?","M","R","B",null,"M","?","?","$","M","R","M","R","T","T","$","M","R","M","R"],"character_chosen":"THE_SILENT","items_purchased":["Flash of Steel","Escape Plan","Infinite Blades","Deep Breath"],"gold_per_floor":[119,131,38,50,60,93,113,113,113,123,143,143,143,153,153,257,257,277,277,277,40,53,53,70,70,70,117,12,27,27,44,44,44],"floor_reached":33,"campfire_rested":1,"playtime":1692,"current_hp_per_floor":[70,70,70,70,58,49,48,48,48,48,47,47,47,46,67,48,65,60,60,49,49,49,49,49,49,49,49,49,44,49,49,49,0],"items_purged":["Regret"],"gold":44,"score":340,"play_id":"9f4dc0f0-e209-4794-8815-b969f5ce6e0a","local_time":"20180412001137","is_prod":false,"is_daily":false,"is_ascension_mode":true,"campfire_upgraded":5,"timestamp":1523506297,"path_taken":["M","M","$","M","?","E","M","?","T","M","M","R","?","?","R","BOSS","M","?","?","$","M","R","?","R","T","?","$","M","R","M","R","BOSS"],"build_version":"2018-04-05v2","purchased_purges":1,"victory":false,"master_deck":["Defend_G","Defend_G","Defend_G","Defend_G","Defend_G","Survivor","Neutralize","Dagger Spray","Backflip+1","Flash of Steel","Backstab","Infinite Blades+1","Choke+1","Cloak And Dagger","Dagger Throw","Adrenaline+1","All Out Attack","Tactician","Footwork","Writhe","Bite","Bite","Bite","Bite","Bite","Escape Plan","Infinite Blades+1","Blur","Well Laid Plans","Deep Breath+1"],"max_hp_per_floor":[70,70,70,70,70,70,70,70,70,70,70,70,70,70,70,70,70,70,70,49,49,49,49,49,49,49,49,49,49,49,49,49,49],"relics":["Ring of the Snake","NeowsBlessing","Lantern","Happy Flower","Bronze Scales","Eternal Feather","Art of War","Thread and Needle","Prayer Wheel"],"card_choices":[{"not_picked":["Well Laid Plans","Phantasmal Killer"],"picked":"Dagger Spray","floor":1},{"not_picked":["Crippling Poison","PiercingWail"],"picked":"Backflip","floor":2},{"not_picked":["Blade Dance","Expertise"],"picked":"Backstab","floor":4},{"not_picked":["Deadly Poison","Dodge and Roll"],"picked":"Infinite Blades","floor":5},{"not_picked":["Dodge and Roll","Quick Slash"],"picked":"Choke","floor":6},{"not_picked":["Outmaneuver","Deadly Poison"],"picked":"Cloak And Dagger","floor":7},{"not_picked":["Deadly Poison","Sucker Punch"],"picked":"Dagger Throw","floor":10},{"not_picked":["Blade Dance","Expertise"],"picked":"Adrenaline","floor":11},{"not_picked":["Dodge and Roll","Flying Knee"],"picked":"All Out Attack","floor":14},{"not_picked":["Unload","Bullet Time"],"picked":"Tactician","floor":16},{"not_picked":["Deadly Poison","All Out Attack"],"picked":"Footwork","floor":18},{"not_picked":["PiercingWail","Cloak And Dagger"],"picked":"Blur","floor":22},{"not_picked":["Dagger Spray","Riddle With Holes"],"picked":"Well Laid Plans","floor":24}],"player_experience":432860,"potions_floor_usage":[16,33,33],"damage_taken":[{"damage":0,"enemies":"Cultist","floor":1,"turns":1},{"damage":0,"enemies":"Small Slimes","floor":2,"turns":1},{"damage":0,"enemies":"Jaw Worm","floor":4,"turns":1},{"damage":12,"enemies":"Exordium Thugs","floor":5,"turns":4},{"damage":9,"enemies":"3 Sentries","floor":6,"turns":6},{"damage":1,"enemies":"Red Slaver","floor":7,"turns":3},{"damage":0,"enemies":"3 Louse","floor":10,"turns":2},{"damage":1,"enemies":"2 Fungi Beasts","floor":11,"turns":3},{"damage":1,"enemies":"Large Slime","floor":14,"turns":5},{"damage":19,"enemies":"Hexaghost","floor":16,"turns":8},{"damage":5,"enemies":"Spheric Guardian","floor":18,"turns":3},{"damage":0,"enemies":"3 Byrds","floor":22,"turns":3},{"damage":0,"enemies":"Centurion and Healer","floor":24,"turns":5},{"damage":5,"enemies":"3 Cultists","floor":29,"turns":4},{"damage":2,"enemies":"Chosen and Byrds","floor":31,"turns":5},{"damage":79,"enemies":"Champ","floor":33,"turns":11}],"event_choices":[{"event_name":"Big Fish","player_choice":"Box","floor":8,"damage_taken":0},{"event_name":"Living Wall","player_choice":"Grow","floor":13,"damage_taken":0},{"event_name":"The Mausoleum","player_choice":"Yes","floor":19,"damage_taken":0},{"event_name":"Vampires","player_choice":"Became a vampire","floor":20,"damage_taken":0}],"boss_relics":[{"not_picked":["Snecko Eye","Lizard Tail"],"picked":"Eternal Feather"}],"potions_floor_spawned":[1,2,5,14,24,31],"seed_played":"-9008411634962742295","killed_by":"Champ","ascension_level":5,"is_trial":false}