{"gold_per_floor":[114,114,40,58,72,84,104,104,104,115,115,115,130,150,150,248,248,266,73,83,96,96,96,96,106,106,31,41,60,60,60,60,160,160,176,189,64,77,77,37,49,66,93,93,105,27,27,43,43,43],"floor_reached":51,"playtime":3667,"items_purged":["Grand Finale"],"score":697,"play_id":"0768b247-9b42-4bcb-8bfc-9a5d3563ac62","local_time":"20190301021617","is_ascension_mode":false,"campfire_choices":[{"data":"Envenom","floor":8,"key":"SMITH"},{"data":"Catalyst","floor":12,"key":"SMITH"},{"data":"Bouncing Flask","floor":15,"key":"SMITH"},{"data":"Apotheosis","floor":23,"key":"SMITH"},{"floor":30,"key":"REST"},{"floor":32,"key":"REST"},{"data":"Catalyst","floor":44,"key":"SMITH"},{"floor":49,"key":"REST"}],"neow_cost":"NONE","seed_source_timestamp":1227981024773862,"circlet_count":0,"master_deck":["Survivor+1","Neutralize+1","Well Laid Plans","Catalyst+1","Dodge and Roll","PiercingWail","Envenom+1","Bouncing Flask+1","Neutralize","Poisoned Stab","Dash","After Image","Well Laid Plans","Prepared","Poisoned Stab","Caltrops","Doppelganger","Bouncing Flask+1","Acrobatics","Prepared","Catalyst","Apotheosis+1","Deadly Poison","Crippling Poison","Deadly Poison","Catalyst+1","Backflip+1","PiercingWail+1","Adrenaline+1","Finesse","Caltrops","Backstab+1","Magnetism","After Image","Madness","Madness"],"relics":["Ring of the Snake","Centennial Puzzle","PreservedInsect","Pandora\u0027s Box","Enchiridion","Bag of Marbles","Philosopher\u0027s Stone","War Paint"],"potions_floor_usage":[50,50],"damage_taken":[{"damage":4,"enemies":"2 Louse","floor":1,"turns":3},{"damage":0,"enemies":"Cultist","floor":4,"turns":4},{"damage":0,"enemies":"Jaw Worm","floor":5,"turns":6},{"damage":14,"enemies":"Exordium Wildlife","floor":6,"turns":6},{"damage":4,"enemies":"3 Louse","floor":7,"turns":4},{"damage":1,"enemies":"Large Slime","floor":10,"turns":10},{"damage":8,"enemies":"Gremlin Gang","floor":13,"turns":5},{"damage":0,"enemies":"Exordium Wildlife","floor":14,"turns":5},{"damage":0,"enemies":"Hexaghost","floor":16,"turns":8},{"damage":4,"enemies":"Shell Parasite","floor":18,"turns":4},{"damage":8,"enemies":"Chosen","floor":20,"turns":4},{"damage":22,"enemies":"Centurion and Healer","floor":21,"turns":7},{"damage":5,"enemies":"Snecko","floor":25,"turns":3},{"damage":0,"enemies":"Sentry and Sphere","floor":28,"turns":4},{"damage":4,"enemies":"Centurion and Healer","floor":29,"turns":6},{"damage":17,"enemies":"Collector","floor":33,"turns":6},{"damage":7,"enemies":"3 Shapes","floor":35,"turns":3},{"damage":2,"enemies":"3 Darklings","floor":36,"turns":4},{"damage":13,"enemies":"Spire Growth","floor":38,"turns":5},{"damage":0,"enemies":"Sphere and 2 Shapes","floor":41,"turns":3},{"damage":3,"enemies":"Transient","floor":42,"turns":4},{"damage":3,"enemies":"Maw","floor":45,"turns":4},{"damage":27,"enemies":"Sphere and 2 Shapes","floor":48,"turns":4},{"damage":9,"enemies":"Time Eater","floor":50,"turns":7}],"seed_played":"-6830593197602774250","potions_obtained":[{"floor":1,"key":"GhostInAJar"},{"floor":6,"key":"Block Potion"},{"floor":14,"key":"Ancient Potion"},{"floor":45,"key":"SkillPotion"}],"is_trial":false,"path_per_floor":["M","?","$","M","M","M","M","R","T","M","?","R","M","M","R","B",null,"M","$","M","M","?","R","?","M","T","$","M","M","R","$","R","B",null,"M","M","$","M","?","?","M","M","T","R","M","$","?","M","R","B",null],"character_chosen":"THE_SILENT","items_purchased":["Well Laid Plans","Apotheosis","Finesse","Caltrops","After Image"],"campfire_rested":3,"item_purchase_floors":[3,19,37,37,46],"current_hp_per_floor":[66,52,52,52,52,38,34,34,34,33,33,33,25,25,25,25,70,66,66,58,36,36,36,20,15,15,15,15,11,32,32,53,36,70,63,61,61,48,48,48,48,45,45,45,42,42,33,6,27,18],"gold":43,"neow_bonus":"RANDOM_COMMON_RELIC","is_prod":false,"is_daily":false,"chose_seed":false,"campfire_upgraded":5,"win_rate":0,"timestamp":1551424577,"path_taken":["M","?","$","M","M","M","M","R","T","M","?","R","?","M","R","BOSS","M","$","M","M","?","R","?","M","T","?","M","M","R","$","R","BOSS","M","M","$","M","?","?","M","M","T","R","?","$","?","M","R","BOSS"],"build_version":"2019-01-23","purchased_purges":1,"victory":true,"max_hp_per_floor":[70,70,70,70,70,70,70,70,70,70,70,70,70,70,70,70,70,70,70,70,70,70,70,70,70,70,70,70,70,70,70,70,70,70,70,70,70,70,70,70,70,70,70,70,70,70,70,70,70,70],"card_choices":[{"not_picked":["Setup","Sucker Punch","Deflect"],"picked":"SKIP","floor":1},{"not_picked":["Dagger Throw","Bane"],"picked":"Catalyst","floor":4},{"not_picked":["Prepared","Underhanded Strike"],"picked":"Dodge and Roll","floor":5},{"not_picked":["Blade Dance","Predator"],"picked":"PiercingWail","floor":6},{"not_picked":["Poisoned Stab","PiercingWail"],"picked":"Envenom","floor":7},{"not_picked":["Catalyst","Blade Dance"],"picked":"Bouncing Flask","floor":10},{"not_picked":["Flying Knee","Blade Dance"],"picked":"Poisoned Stab","floor":13},{"not_picked":["Underhanded Strike","Blade Dance"],"picked":"Dash","floor":14},{"not_picked":["Tools of the Trade","A Thousand Cuts"],"picked":"After Image","floor":16},{"not_picked":["Accuracy","Dagger Throw","Riddle With Holes"],"picked":"SKIP","floor":18},{"not_picked":["Quick Slash+1","Cloak And Dagger"],"picked":"Deadly Poison","floor":20},{"not_picked":["Slice+1","Flying Knee"],"picked":"Crippling Poison","floor":21},{"not_picked":["Flechettes+1","Prepared+1"],"picked":"Catalyst","floor":25},{"not_picked":["All Out Attack+1","Dagger Throw"],"picked":"Backflip","floor":28},{"not_picked":["Cloak And Dagger","Outmaneuver"],"picked":"PiercingWail+1","floor":29},{"not_picked":["Malaise","Phantasmal Killer"],"picked":"Adrenaline","floor":33},{"not_picked":["Prepared+1","Skewer","Terror"],"picked":"SKIP","floor":35},{"not_picked":["Choke+1","Finisher","Riddle With Holes+1"],"picked":"SKIP","floor":36},{"not_picked":["Quick Slash+1","Cloak And Dagger"],"picked":"Backstab+1","floor":38},{"not_picked":["Impatience","PanicButton"],"picked":"Magnetism","floor":39},{"not_picked":["Quick Slash+1","Underhanded Strike+1","Poisoned Stab"],"picked":"SKIP","floor":41},{"not_picked":["Eviscerate+1","PiercingWail","Prepared+1"],"picked":"SKIP","floor":42},{"not_picked":["Doppelganger","Flying Knee","Backflip"],"picked":"SKIP","floor":45},{"not_picked":["PiercingWail+1","Backflip+1","Acrobatics+1"],"picked":"SKIP","floor":48}],"player_experience":1116231,"relics_obtained":[{"floor":9,"key":"PreservedInsect"},{"floor":24,"key":"Enchiridion"},{"floor":26,"key":"Bag of Marbles"},{"floor":43,"key":"War Paint"}],"event_choices":[{"damage_healed":0,"gold_gain":0,"player_choice":"Entered Light","damage_taken":14,"max_hp_gain":0,"max_hp_loss":0,"event_name":"Shining Light","floor":2,"gold_loss":0,"cards_upgraded":["Defend_G","Survivor"]},{"damage_healed":0,"gold_gain":0,"player_choice":"1 cards matched","damage_taken":0,"max_hp_gain":0,"max_hp_loss":0,"event_name":"Match and Keep!","floor":11,"gold_loss":0,"cards_obtained":["Neutralize"]},{"damage_healed":0,"gold_gain":0,"player_choice":"Read","damage_taken":0,"max_hp_gain":0,"max_hp_loss":0,"event_name":"The Library","floor":22,"gold_loss":0,"cards_obtained":["Deadly Poison"]},{"damage_healed":0,"gold_gain":0,"player_choice":"Obtained Book","damage_taken":16,"max_hp_gain":0,"max_hp_loss":0,"event_name":"Cursed Tome","floor":24,"gold_loss":0},{"damage_healed":0,"gold_gain":0,"player_choice":"Memory 1","damage_taken":0,"max_hp_gain":0,"max_hp_loss":0,"event_name":"SensoryStone","floor":39,"gold_loss":0},{"damage_healed":0,"gold_gain":0,"player_choice":"Upgraded Two","damage_taken":0,"max_hp_gain":0,"max_hp_loss":0,"event_name":"Designer","floor":40,"gold_loss":40,"cards_upgraded":["Adrenaline","Neutralize"]},{"damage_healed":0,"gold_gain":0,"player_choice":"Embrace Madness","damage_taken":9,"max_hp_gain":0,"max_hp_loss":0,"event_name":"Winding Halls","floor":47,"gold_loss":0,"cards_obtained":["Madness","Madness"]}],"is_beta":false,"boss_relics":[{"not_picked":["Ectoplasm","HoveringKite"],"picked":"Pandora\u0027s Box"},{"not_picked":["Ring of the Serpent","Eternal Feather"],"picked":"Philosopher\u0027s Stone"}],"items_purged_floors":[27],"is_endless":false,"potions_floor_spawned":[1,6,14,16,21,25,28,38,42,45],"ascension_level":0}