{"gold_per_floor":[17,36,36,36,46,46,60,60,60,25,53,53,72,101,101,199,199,213,224,224,72,92,127,127,155,201,85,97,109,109,120,120,218,218,231,231,2,2,16,47,47,79,105,105,53,53,77,89,89,89],"floor_reached":51,"playtime":1862,"items_purged":["Combust+1"],"score":1104,"play_id":"61b68f14-6de3-429e-a47f-e37bec9f03c9","local_time":"20190227152218","is_ascension_mode":true,"campfire_choices":[{"data":"Spot Weakness","floor":6.0,"key":"SMITH"},{"data":"Limit Break","floor":8.0,"key":"SMITH"},{"floor":15.0,"key":"REST"},{"floor":24.0,"key":"REST"},{"floor":32.0,"key":"REST"},{"data":"Heavy Blade","floor":44.0,"key":"SMITH"},{"data":"Sword Boomerang","floor":46.0,"key":"SMITH"},{"data":"True Grit","floor":49.0,"key":"SMITH"}],"neow_cost":"NO_GOLD","seed_source_timestamp":0,"circlet_count":0,"master_deck":["Strike_R","Defend_R","Defend_R","Defend_R","Iron Wave","Spot Weakness+1","Limit Break+1","True Grit+1","Heavy Blade+1","Pummel+1","Impervious+1","Body Slam+1","Burning Pact+1","Flex+1","Twin Strike","Inflame","Power Through","Reaper","Flex+1","Exhume+1","Power Through+1","Offering","Mayhem","Sword Boomerang+1"],"special_seed":0,"relics":["Burning Blood","Turnip","Sundial","Anchor","Blue Candle","Philosopher\u0027s Stone","Red Skull","StoneCalendar","Champion Belt","Centennial Puzzle","Mummified Hand","Astrolabe","Bag of Marbles","Matryoshka","Bottled Flame","Boot","Whetstone","Vajra","Pen Nib"],"potions_floor_usage":[50],"damage_taken":[{"damage":11.0,"enemies":"Jaw Worm","floor":1.0,"turns":4.0},{"damage":5.0,"enemies":"Small Slimes","floor":2.0,"turns":4.0},{"damage":8.0,"enemies":"2 Louse","floor":5.0,"turns":3.0},{"damage":10.0,"enemies":"Exordium Thugs","floor":7.0,"turns":6.0},{"damage":33.0,"enemies":"Gremlin Nob","floor":11.0,"turns":5.0},{"damage":0.0,"enemies":"Red Slaver","floor":13.0,"turns":3.0},{"damage":31.0,"enemies":"Lagavulin","floor":14.0,"turns":8.0},{"damage":12.0,"enemies":"Slime Boss","floor":16.0,"turns":8.0},{"damage":24.0,"enemies":"3 Byrds","floor":18.0,"turns":5.0},{"damage":15.0,"enemies":"Chosen","floor":19.0,"turns":6.0},{"damage":34.0,"enemies":"Snake Plant","floor":22.0,"turns":5.0},{"damage":33.0,"enemies":"Book of Stabbing","floor":23.0,"turns":4.0},{"damage":31.0,"enemies":"Slavers","floor":25.0,"turns":4.0},{"damage":3.0,"enemies":"Shelled Parasite and Fungi","floor":28.0,"turns":3.0},{"damage":0.0,"enemies":"Centurion and Healer","floor":29.0,"turns":4.0},{"damage":22.0,"enemies":"3 Cultists","floor":31.0,"turns":6.0},{"damage":43.0,"enemies":"Collector","floor":33.0,"turns":7.0},{"damage":17.0,"enemies":"Orb Walker","floor":35.0,"turns":3.0},{"damage":23.0,"enemies":"3 Shapes","floor":39.0,"turns":7.0},{"damage":61.0,"enemies":"Nemesis","floor":40.0,"turns":5.0},{"damage":6.0,"enemies":"Giant Head","floor":42.0,"turns":4.0},{"damage":2.0,"enemies":"Writhing Mass","floor":48.0,"turns":2.0},{"damage":67,"enemies":"Awakened One","floor":50,"turns":8}],"seed_played":"2422264852412686756","potions_obtained":[{"floor":7.0,"key":"Ancient Potion"},{"floor":13.0,"key":"Poison Potion"},{"floor":14.0,"key":"PowerPotion"},{"floor":16.0,"key":"SteroidPotion"},{"floor":18.0,"key":"Energy Potion"},{"floor":19.0,"key":"BloodPotion"},{"floor":29.0,"key":"SkillPotion"},{"floor":31.0,"key":"EssenceOfSteel"},{"floor":39.0,"key":"BloodPotion"},{"floor":40.0,"key":"Explosive Potion"}],"is_trial":false,"path_per_floor":["M","M","$","?","M","R","M","R","T","?","E","?","M","E","R","B",null,"M","M","?","$","M","E","R","E","T","$","M","M","T","M","R","B",null,"M","?","$","?","M","E","?","E","T","R","$","R","T","M","R","B",null],"character_chosen":"IRONCLAD","items_purchased":["Red Skull","Inflame","Power Through","Bag of Marbles","Sword Boomerang"],"campfire_rested":3,"item_purchase_floors":[21,27,27,37,45],"current_hp_per_floor":[67,68,68,61,59,59,55,55,55,75,48,48,54,29,53,47,72,54,45,80,80,52,25,49,32,32,32,35,41,41,25,49,12,63,56,56,56,56,66,19,19,80,80,80,80,80,80,80,80,25],"gold":89,"neow_bonus":"ONE_RARE_RELIC","is_prod":false,"is_daily":false,"chose_seed":false,"campfire_upgraded":5,"win_rate":0,"timestamp":1551309738,"path_taken":["M","M","$","?","M","R","M","R","T","?","E","?","M","E","R","BOSS","M","M","?","$","M","E","R","E","T","?","M","?","?","M","R","BOSS","M","?","$","?","M","E","?","E","T","R","$","R","?","M","R","BOSS"],"build_version":"2019-01-23","purchased_purges":1,"victory":true,"max_hp_per_floor":[80,80,80,80,80,80,80,80,80,80,80,80,80,80,80,80,80,80,80,80,80,80,80,80,80,80,80,80,80,80,80,80,80,80,80,80,80,80,80,80,80,80,80,80,80,80,80,80,80,80],"card_choices":[{"not_picked":["Wild Strike","Shockwave"],"picked":"Iron Wave","floor":1.0},{"not_picked":["Pommel Strike","Cleave"],"picked":"Power Through","floor":2.0},{"not_picked":["Flame Barrier","Havoc"],"picked":"Spot Weakness","floor":5.0},{"not_picked":["Armaments","Flex"],"picked":"Limit Break","floor":7.0},{"not_picked":["Twin Strike","Armaments"],"picked":"True Grit","floor":11.0},{"not_picked":["Ghostly Armor","Shockwave"],"picked":"Heavy Blade","floor":13.0},{"not_picked":["Wild Strike","Shrug It Off"],"picked":"Pummel","floor":14.0},{"not_picked":["Exhume","Berserk"],"picked":"Impervious","floor":16.0},{"not_picked":["Whirlwind","Clash"],"picked":"Body Slam","floor":18.0},{"not_picked":["Uppercut+1","Havoc"],"picked":"Burning Pact+1","floor":19.0},{"not_picked":["Anger","Entrench"],"picked":"Flex+1","floor":22.0},{"not_picked":["Body Slam","Wild Strike"],"picked":"Twin Strike","floor":23.0},{"not_picked":["Infernal Blade","Perfected Strike","Brutality"],"picked":"SKIP","floor":25.0},{"not_picked":["Body Slam","Iron Wave+1","True Grit"],"picked":"SKIP","floor":28.0},{"not_picked":["Rage","Flex","Perfected Strike"],"picked":"SKIP","floor":29.0},{"not_picked":["Anger+1","Flex+1","Iron Wave"],"picked":"SKIP","floor":31.0},{"not_picked":["Fiend Fire","Bludgeon"],"picked":"Reaper","floor":33.0},{"not_picked":["Headbutt","Havoc","Whirlwind"],"picked":"SKIP","floor":35.0},{"not_picked":["Blood for Blood+1","Perfected Strike+1"],"picked":"Power Through+1","floor":39.0},{"not_picked":["Fiend Fire","Metallicize+1"],"picked":"Offering","floor":40.0},{"not_picked":["Blind","Sadistic Nature"],"picked":"Mayhem","floor":41.0},{"not_picked":["True Grit+1","Anger+1","Pommel Strike"],"picked":"SKIP","floor":42.0},{"not_picked":["Thunderclap+1","Intimidate+1","Clothesline"],"picked":"SKIP","floor":48.0}],"player_experience":317334,"relics_obtained":[{"floor":9.0,"key":"Sundial"},{"floor":11.0,"key":"Anchor"},{"floor":14.0,"key":"Blue Candle"},{"floor":23.0,"key":"StoneCalendar"},{"floor":25.0,"key":"Champion Belt"},{"floor":26.0,"key":"Centennial Puzzle"},{"floor":30.0,"key":"Mummified Hand"},{"floor":40.0,"key":"Matryoshka"},{"floor":42.0,"key":"Bottled Flame"},{"floor":43.0,"key":"Boot"},{"floor":43.0,"key":"Whetstone"},{"floor":47.0,"key":"Vajra"},{"floor":47.0,"key":"Pen Nib"}],"event_choices":[{"cards_removed":["Strike_R"],"damage_healed":0.0,"max_hp_gain":0.0,"max_hp_loss":0.0,"gold_gain":0.0,"event_name":"Golden Wing","player_choice":"Card Removal","floor":4.0,"gold_loss":0.0,"damage_taken":7.0},{"damage_healed":20.0,"max_hp_gain":0.0,"max_hp_loss":0.0,"gold_gain":0.0,"event_name":"The Cleric","player_choice":"Healed","floor":10.0,"gold_loss":35.0,"damage_taken":0.0},{"cards_removed":["Defend_R"],"damage_healed":0.0,"max_hp_gain":0.0,"max_hp_loss":0.0,"gold_gain":0.0,"event_name":"Purifier","player_choice":"Purged","floor":12.0,"gold_loss":0.0,"damage_taken":0.0},{"cards_removed":["Power Through"],"damage_healed":35.0,"max_hp_gain":0.0,"max_hp_loss":0.0,"gold_gain":0.0,"event_name":"Bonfire Elementals","player_choice":"Offered Uncommon","floor":20.0,"gold_loss":0.0,"damage_taken":0.0},{"damage_healed":0.0,"max_hp_gain":0.0,"max_hp_loss":0.0,"gold_gain":0.0,"event_name":"Accursed Blacksmith","player_choice":"Forge","floor":36.0,"gold_loss":0.0,"damage_taken":0.0,"cards_upgraded":["Impervious"]},{"cards_removed":["Strike_R"],"damage_healed":0.0,"max_hp_gain":0.0,"max_hp_loss":0.0,"gold_gain":0.0,"event_name":"Falling","player_choice":"Removed Attack","floor":38.0,"gold_loss":0.0,"damage_taken":0.0},{"damage_healed":0.0,"max_hp_gain":0.0,"max_hp_loss":0.0,"gold_gain":0.0,"event_name":"SensoryStone","player_choice":"Memory 1","floor":41.0,"gold_loss":0.0,"damage_taken":0.0}],"is_beta":false,"boss_relics":[{"not_picked":["Lizard Tail","Orrery"],"picked":"Philosopher\u0027s Stone"},{"not_picked":["Busted Crown","Runic Pyramid"],"picked":"Astrolabe"}],"items_purged_floors":[37],"is_endless":false,"potions_floor_spawned":[7,13,14,16,18,19,29,31,39,40],"ascension_level":8}