{"gold_per_floor":[115,126,145,165,16,16,47,66,66,66,66,66,98,116,116,215,215,230,190,208,17,29,29,56,56,80,94,94,111,43,94,94,199,199,209,227,0,45,65,65,65,65,88,103,103,103,123,151,151,151],"floor_reached":50,"playtime":2050,"items_purged":["Strike_G"],"score":778,"play_id":"62ab2266-f75c-490b-89fd-eccd1d23da38","local_time":"20181215145301","is_ascension_mode":true,"campfire_choices":[{"data":"After Image","floor":6.0,"key":"SMITH"},{"floor":10.0,"key":"REST"},{"floor":15.0,"key":"REST"},{"floor":23.0,"key":"REST"},{"floor":25.0,"key":"REST"},{"floor":28.0,"key":"REST"},{"data":"Noxious Fumes","floor":32.0,"key":"SMITH"},{"floor":40.0,"key":"REST"},{"floor":42.0,"key":"REST"},{"floor":49.0,"key":"REST"}],"neow_cost":"NONE","seed_source_timestamp":25497200637083,"circlet_count":0,"master_deck":["AscendersBane","Defend_G","Defend_G","Defend_G","Defend_G","Defend_G","Strike_G","Strike_G","Strike_G","Strike_G","Survivor","Neutralize","Predator","Escape Plan","Flying Knee","Backflip","After Image+1","Tools of the Trade","Cloak And Dagger","Envenom+1","Sucker Punch","Noxious Fumes+1","Poisoned Stab","Slice","Poisoned Stab+1","Sucker Punch+1","Malaise","A Thousand Cuts","Infinite Blades+1","Deadly Poison+1","Noxious Fumes","Adrenaline","Infinite Blades+1"],"special_seed":0,"relics":["Ring of the Snake","NeowsBlessing","StoneCalendar","Strawberry","Centennial Puzzle","Mummified Hand","WristBlade","Incense Burner","Boot","Fusion Hammer","Red Mask","The Specimen","Oddly Smooth Stone","Bird Faced Urn"],"potions_floor_usage":[50],"damage_taken":[{"damage":0.0,"enemies":"Cultist","floor":1.0,"turns":1.0},{"damage":0.0,"enemies":"Jaw Worm","floor":2.0,"turns":1.0},{"damage":0.0,"enemies":"2 Louse","floor":3.0,"turns":1.0},{"damage":7.0,"enemies":"2 Fungi Beasts","floor":4.0,"turns":4.0},{"damage":30.0,"enemies":"Gremlin Nob","floor":7.0,"turns":5.0},{"damage":12.0,"enemies":"Exordium Thugs","floor":8.0,"turns":6.0},{"damage":9.0,"enemies":"Lagavulin","floor":13.0,"turns":7.0},{"damage":13.0,"enemies":"3 Louse","floor":14.0,"turns":3.0},{"damage":24.0,"enemies":"Slime Boss","floor":16.0,"turns":12.0},{"damage":22.0,"enemies":"3 Byrds","floor":18.0,"turns":7.0},{"damage":0.0,"enemies":"Chosen","floor":20.0,"turns":6.0},{"damage":12.0,"enemies":"Snecko","floor":22.0,"turns":5.0},{"damage":25.0,"enemies":"Gremlin Leader","floor":24.0,"turns":7.0},{"damage":20.0,"enemies":"Snake Plant","floor":27.0,"turns":4.0},{"damage":5.0,"enemies":"Shelled Parasite and Fungi","floor":29.0,"turns":6.0},{"damage":37.0,"enemies":"Automaton","floor":33.0,"turns":10.0},{"damage":8.0,"enemies":"3 Darklings","floor":35.0,"turns":5.0},{"damage":5.0,"enemies":"Orb Walker","floor":36.0,"turns":4.0},{"damage":19.0,"enemies":"2 Orb Walkers","floor":38.0,"turns":5.0},{"damage":16.0,"enemies":"Spire Growth","floor":39.0,"turns":6.0},{"damage":8.0,"enemies":"4 Shapes","floor":44.0,"turns":6.0},{"damage":0.0,"enemies":"3 Darklings","floor":47.0,"turns":4.0},{"damage":8.0,"enemies":"Nemesis","floor":48.0,"turns":7.0},{"damage":75,"enemies":"Awakened One","floor":50,"turns":10}],"seed_played":"-567539261585729598","potions_obtained":[{"floor":2.0,"key":"Swift Potion"},{"floor":3.0,"key":"Explosive Potion"},{"floor":13.0,"key":"Swift Potion"},{"floor":27.0,"key":"PowerPotion"},{"floor":33.0,"key":"Explosive Potion"},{"floor":35.0,"key":"AttackPotion"},{"floor":39.0,"key":"FearPotion"}],"is_trial":false,"path_per_floor":["M","M","M","M","$","R","E","M","T","R","$","?","E","M","R","B",null,"M","?","M","$","M","R","E","R","T","M","R","M","$","T","R","B",null,"M","M","?","?","M","R","$","R","T","M","?","?","M","E","R","B"],"character_chosen":"THE_SILENT","items_purchased":["After Image","Noxious Fumes","Poisoned Stab","Malaise"],"campfire_rested":8,"item_purchase_floors":[5,21,21,30],"current_hp_per_floor":[63,63,63,56,56,56,26,14,21,44,44,37,28,15,38,14,61,39,39,39,39,27,50,25,48,48,28,51,46,46,46,46,9,60,52,47,47,28,12,35,35,58,58,50,50,50,50,42,65,0],"gold":151,"neow_bonus":"THREE_ENEMY_KILL","is_prod":false,"is_daily":false,"chose_seed":false,"campfire_upgraded":2,"win_rate":0,"timestamp":1544881981,"path_taken":["M","?","?","?","$","R","E","M","T","R","$","?","E","M","R","BOSS","M","?","M","$","M","R","E","R","T","?","R","M","?","?","R","BOSS","M","M","?","?","?","R","$","R","T","M","?","?","M","E","R","BOSS"],"build_version":"2018-12-13","purchased_purges":1,"victory":false,"max_hp_per_floor":[70,70,70,70,70,70,70,70,77,77,77,77,77,77,77,77,77,77,77,77,77,77,77,77,77,77,77,77,77,77,77,77,77,77,77,77,77,77,77,77,77,77,77,77,77,77,77,77,77,77],"card_choices":[{"not_picked":["Bane","All Out Attack"],"picked":"Predator","floor":1.0},{"not_picked":["Bane","Prepared"],"picked":"Escape Plan","floor":2.0},{"not_picked":["Reflex","Acrobatics"],"picked":"Flying Knee","floor":3.0},{"not_picked":["Bane","Acrobatics"],"picked":"Backflip","floor":4.0},{"not_picked":["Underhanded Strike","Burst","Calculated Gamble"],"picked":"SKIP","floor":7.0},{"not_picked":["Flechettes","Quick Slash","Distraction"],"picked":"SKIP","floor":8.0},{"not_picked":["Tactician","Slice"],"picked":"Tools of the Trade","floor":13.0},{"not_picked":["Predator","Flying Knee"],"picked":"Cloak And Dagger","floor":14.0},{"not_picked":["Unload","Tools of the Trade"],"picked":"Envenom","floor":16.0},{"not_picked":["Flying Knee","Skewer+1"],"picked":"Sucker Punch","floor":18.0},{"not_picked":["Bouncing Flask","Deadly Poison"],"picked":"Poisoned Stab","floor":20.0},{"not_picked":["Distraction","Predator"],"picked":"Slice","floor":22.0},{"not_picked":["Dagger Throw+1","Tools of the Trade"],"picked":"Poisoned Stab+1","floor":24.0},{"not_picked":["Acrobatics","Prepared"],"picked":"Sucker Punch+1","floor":27.0},{"not_picked":["Calculated Gamble","Prepared","Dagger Throw"],"picked":"SKIP","floor":29.0},{"not_picked":["Die Die Die","Phantasmal Killer"],"picked":"A Thousand Cuts","floor":33.0},{"not_picked":["Predator+1","Riddle With Holes+1","Acrobatics"],"picked":"SKIP","floor":35.0},{"not_picked":["Sucker Punch","Eviscerate+1"],"picked":"Infinite Blades+1","floor":36.0},{"not_picked":["Escape Plan+1","Prepared+1"],"picked":"Deadly Poison+1","floor":38.0},{"not_picked":["Dagger Spray","Finisher+1"],"picked":"Noxious Fumes","floor":39.0},{"not_picked":["Reflex","Setup","Distraction"],"picked":"SKIP","floor":44.0},{"not_picked":["Dodge and Roll+1","Deflect+1","Eviscerate"],"picked":"SKIP","floor":47.0},{"not_picked":["Acrobatics+1","Bane"],"picked":"Infinite Blades+1","floor":48.0}],"player_experience":510981,"relics_obtained":[{"floor":7.0,"key":"StoneCalendar"},{"floor":9.0,"key":"Strawberry"},{"floor":13.0,"key":"Mummified Hand"},{"floor":24.0,"key":"Incense Burner"},{"floor":26.0,"key":"Boot"},{"floor":38.0,"key":"The Specimen"},{"floor":43.0,"key":"Oddly Smooth Stone"},{"floor":48.0,"key":"Bird Faced Urn"}],"event_choices":[{"damage_healed":0.0,"max_hp_gain":0.0,"max_hp_loss":0.0,"gold_gain":0.0,"event_name":"Scrap Ooze","player_choice":"Success","floor":12.0,"gold_loss":0.0,"damage_taken":7.0,"relics_obtained":["Centennial Puzzle"]},{"damage_healed":0.0,"max_hp_gain":0.0,"max_hp_loss":0.0,"gold_gain":0.0,"event_name":"Designer","player_choice":"Upgrade","floor":19.0,"gold_loss":40.0,"damage_taken":0.0,"cards_upgraded":["Envenom"]},{"damage_healed":0.0,"max_hp_gain":0.0,"max_hp_loss":0.0,"gold_gain":0.0,"event_name":"Tomb of Lord Red Mask","player_choice":"Paid","floor":37.0,"gold_loss":227.0,"damage_taken":0.0,"relics_obtained":["Red Mask"]},{"damage_healed":0.0,"max_hp_gain":0.0,"max_hp_loss":0.0,"gold_gain":0.0,"event_name":"Mysterious Sphere","player_choice":"Fight","floor":38.0,"gold_loss":0.0,"damage_taken":0.0},{"cards_removed":["Poisoned Stab"],"damage_healed":0.0,"max_hp_gain":0.0,"max_hp_loss":0.0,"gold_gain":0.0,"event_name":"Falling","player_choice":"Removed Attack","floor":45.0,"gold_loss":0.0,"damage_taken":0.0},{"damage_healed":0.0,"max_hp_gain":0.0,"max_hp_loss":0.0,"gold_gain":0.0,"event_name":"Match and Keep!","player_choice":"1 cards matched","floor":46.0,"gold_loss":0.0,"damage_taken":0.0,"cards_obtained":["Adrenaline"]}],"is_beta":false,"boss_relics":[{"not_picked":["Tiny House","Astrolabe"],"picked":"WristBlade"},{"not_picked":["Empty Cage","Coffee Dripper"],"picked":"Fusion Hammer"}],"items_purged_floors":[21],"is_endless":false,"potions_floor_spawned":[2,3,13,14,27,29,33,35,39,48],"killed_by":"Awakened One","ascension_level":11}