{"gold_per_floor":[119,119,134,134,134,134,66,76,76,0,10,10,26,53,53,153,153,164,164,174,192,192,192,225,225],"floor_reached":25,"playtime":2344,"items_purged":[],"score":394,"play_id":"2b6b6dee-5e8c-42de-a0f2-1439643f0c3d","local_time":"20190214103056","is_ascension_mode":true,"campfire_choices":[{"data":"Neutralize","floor":6,"key":"SMITH"},{"floor":12,"key":"REST"},{"data":"Skewer","floor":15,"key":"SMITH"},{"floor":23,"key":"REST"}],"neow_cost":"NONE","seed_source_timestamp":807967548800,"circlet_count":0,"master_deck":["AscendersBane","Defend_G","Defend_G","Defend_G","Defend_G","Defend_G","Strike_G","Strike_G","Survivor","Neutralize+1","Caltrops","Cloak And Dagger","Catalyst","Well Laid Plans","Slice","Caltrops","Corpse Explosion+1","Skewer+1","Escape Plan","Adrenaline","Cloak And Dagger","Noxious Fumes","Backflip","Blur"],"relics":["Ring of the Snake","Oddly Smooth Stone","PreservedInsect","Runic Pyramid","Ninja Scroll"],"potions_floor_usage":[16,24,24,25],"damage_taken":[{"damage":0,"enemies":"2 Louse","floor":1,"turns":4},{"damage":9,"enemies":"Jaw Worm","floor":3,"turns":4},{"damage":2,"enemies":"Small Slimes","floor":8,"turns":5},{"damage":1,"enemies":"2 Fungi Beasts","floor":11,"turns":4},{"damage":6,"enemies":"Blue Slaver","floor":13,"turns":4},{"damage":7,"enemies":"Lagavulin","floor":14,"turns":6},{"damage":6,"enemies":"The Guardian","floor":16,"turns":9},{"damage":0,"enemies":"3 Byrds","floor":18,"turns":3},{"damage":3,"enemies":"Chosen","floor":20,"turns":6},{"damage":34,"enemies":"Sentry and Sphere","floor":21,"turns":8},{"damage":28,"enemies":"Gremlin Leader","floor":24,"turns":5},{"damage":21,"enemies":"Snecko","floor":25,"turns":7}],"seed_played":"4402685878113549232","potions_obtained":[{"floor":11,"key":"Poison Potion"},{"floor":13,"key":"LiquidBronze"},{"floor":18,"key":"Poison Potion"},{"floor":21,"key":"EssenceOfSteel"},{"floor":24,"key":"SpeedPotion"}],"is_trial":false,"path_per_floor":["M","?","M","?","?","R","$","M","T","$","M","R","M","E","R","B",null,"M","?","M","M","?","R","E","M"],"character_chosen":"THE_SILENT","items_purchased":["Well Laid Plans","Caltrops"],"campfire_rested":2,"item_purchase_floors":[7,10],"current_hp_per_floor":[70,70,61,54,54,54,54,52,52,52,51,74,68,61,61,55,72,72,58,55,21,21,45,17,0],"gold":225,"neow_bonus":"TEN_PERCENT_HP_BONUS","is_prod":false,"is_daily":false,"chose_seed":false,"campfire_upgraded":2,"win_rate":0,"timestamp":1550158256,"path_taken":["M","?","M","?","?","R","$","?","T","$","M","R","?","E","R","BOSS","M","?","M","M","?","R","E","M"],"build_version":"2019-01-23","purchased_purges":0,"victory":false,"max_hp_per_floor":[77,77,77,77,77,77,77,77,77,77,77,77,77,77,77,77,77,77,82,82,82,82,82,82,82],"card_choices":[{"not_picked":["Backflip","Cloak And Dagger"],"picked":"Caltrops","floor":1},{"not_picked":["Prepared","Bane"],"picked":"Cloak And Dagger","floor":3},{"not_picked":["Flying Knee","Concentrate"],"picked":"Slice","floor":8},{"not_picked":["Sucker Punch","Blur"],"picked":"Corpse Explosion","floor":11},{"not_picked":["Dagger Spray","Deflect"],"picked":"Skewer","floor":13},{"not_picked":["Blade Dance","Terror"],"picked":"Escape Plan","floor":14},{"not_picked":["Venomology","Unload"],"picked":"Adrenaline","floor":16},{"not_picked":["Deflect","Backflip"],"picked":"Cloak And Dagger","floor":18},{"not_picked":["Choke","Blade Dance"],"picked":"Noxious Fumes","floor":20},{"not_picked":["Flying Knee","Slice"],"picked":"Backflip","floor":21},{"not_picked":["Calculated Gamble","Finisher"],"picked":"Blur","floor":24}],"player_experience":1195383,"relics_obtained":[{"floor":9,"key":"Oddly Smooth Stone"},{"floor":14,"key":"PreservedInsect"},{"floor":24,"key":"Ninja Scroll"}],"event_choices":[{"cards_removed":["Strike_G"],"damage_healed":0,"gold_gain":0,"player_choice":"Forget","damage_taken":0,"max_hp_gain":0,"max_hp_loss":0,"event_name":"Living Wall","floor":2,"gold_loss":0},{"cards_removed":["Strike_G"],"damage_healed":0,"gold_gain":0,"player_choice":"Card Removal","damage_taken":7,"max_hp_gain":0,"max_hp_loss":0,"event_name":"Golden Wing","floor":4,"gold_loss":0},{"damage_healed":0,"gold_gain":0,"cards_transformed":["Strike_G"],"player_choice":"Transformed","damage_taken":0,"max_hp_gain":0,"max_hp_loss":0,"event_name":"Transmorgrifier","floor":5,"gold_loss":0,"cards_obtained":["Catalyst"]},{"damage_healed":0,"gold_gain":0,"player_choice":"Shed Blood","damage_taken":19,"max_hp_gain":5,"max_hp_loss":0,"event_name":"Forgotten Altar","floor":19,"gold_loss":0},{"damage_healed":0,"gold_gain":0,"player_choice":"Upgraded","damage_taken":0,"max_hp_gain":0,"max_hp_loss":0,"event_name":"Upgrade Shrine","floor":22,"gold_loss":0,"cards_upgraded":["Corpse Explosion"]}],"is_beta":false,"boss_relics":[{"not_picked":["Velvet Choker","Lizard Tail"],"picked":"Runic Pyramid"}],"items_purged_floors":[],"is_endless":false,"potions_floor_spawned":[11,13,14,18,21,24],"killed_by":"Snecko","ascension_level":12}