{"gold_per_floor":[111,129,129,94,105,105,136,148,173,192,206,206,222,233,233,305,305,325,375,375,375,20,49,49,75,102,102,127,127,27,60,72,157,169,201,233,245,275,305,317,358,370,382,405,116,116,132,132,132,132,132,132,132,19,19],"floor_reached":55,"playtime":3256,"items_purged":["Decay","Strike_G"],"score":2075,"play_id":"ca6bbba8-66ad-4fbc-92ac-d18d6ca365b0","local_time":"20181228103303","is_ascension_mode":true,"campfire_choices":[{"data":"Noxious Fumes","floor":6,"key":"SMITH"},{"floor":12,"key":"REST"},{"data":"Noxious Fumes","floor":15,"key":"SMITH"},{"floor":24,"key":"REST"},{"floor":27,"key":"RECALL"},{"floor":32,"key":"REST"},{"floor":40,"key":"REST"},{"floor":42,"key":"REST"},{"floor":49,"key":"REST"},{"floor":53,"key":"REST"}],"neow_cost":"NONE","seed_source_timestamp":571653112684633,"circlet_count":0,"master_deck":["AscendersBane","Defend_G+1","Defend_G+1","Defend_G+1","Defend_G+1","Defend_G+1","Strike_G+1","Strike_G+1","Strike_G+1","Strike_G+1","Survivor+1","Neutralize+1","Poisoned Stab+1","Escape Plan+1","Noxious Fumes+1","Dagger Spray+1","Deadly Poison+1","Backstab+1","Noxious Fumes+1","Backflip+1","Footwork+1","Corpse Explosion+1","PiercingWail+1","Ghostly+1","Ghostly+1","Ghostly+1","Ghostly+1","Backflip+1","Wraith Form v2+1","Prepared+1","Calculated Gamble+1","Backflip+1","Adrenaline+1","Backflip+1","Noxious Fumes+1","Backflip+1","PiercingWail+1","Catalyst+1","Leg Sweep"],"relics":["Ring of the Snake","Orichalcum","Bag of Marbles","Fusion Hammer","DollysMirror","War Paint","Dream Catcher","Bag of Preparation","Matryoshka","MawBank","Lizard Tail","Art of War","Bottled Tornado","TwistedFunnel","Mark of the Bloom"],"potions_floor_usage":[13,16,31,50,50,55],"damage_taken":[{"damage":10,"enemies":"Small Slimes","floor":1,"turns":6},{"damage":2,"enemies":"2 Louse","floor":2,"turns":3},{"damage":14,"enemies":"Jaw Worm","floor":5,"turns":5},{"damage":21,"enemies":"3 Sentries","floor":7,"turns":7},{"damage":17,"enemies":"Gremlin Gang","floor":8,"turns":3},{"damage":2,"enemies":"Looter","floor":10,"turns":3},{"damage":0,"enemies":"Exordium Wildlife","floor":11,"turns":4},{"damage":3,"enemies":"Exordium Thugs","floor":13,"turns":5},{"damage":1,"enemies":"Looter","floor":14,"turns":2},{"damage":31,"enemies":"Slime Boss","floor":16,"turns":8},{"damage":24,"enemies":"Shell Parasite","floor":18,"turns":5},{"damage":9,"enemies":"Slavers","floor":23,"turns":4},{"damage":0,"enemies":"Gremlin Leader","floor":25,"turns":7},{"damage":7,"enemies":"Slavers","floor":28,"turns":6},{"damage":9,"enemies":"Book of Stabbing","floor":31,"turns":5},{"damage":24,"enemies":"Collector","floor":33,"turns":9},{"damage":10,"enemies":"Orb Walker","floor":35,"turns":5},{"damage":0,"enemies":"3 Darklings","floor":36,"turns":4},{"damage":0,"enemies":"Maw","floor":38,"turns":8},{"damage":0,"enemies":"4 Shapes","floor":39,"turns":4},{"damage":0,"enemies":"Reptomancer","floor":41,"turns":7},{"damage":0,"enemies":"Jaw Worm Horde","floor":44,"turns":3},{"damage":0,"enemies":"Maw","floor":47,"turns":6},{"damage":2,"enemies":"Awakened One","floor":50,"turns":19},{"damage":21,"enemies":"Time Eater","floor":51,"turns":9},{"damage":19,"enemies":"Shield and Spear","floor":55,"turns":2}],"seed_played":"-394433680584933768","potions_obtained":[{"floor":7,"key":"LiquidBronze"},{"floor":8,"key":"Block Potion"},{"floor":14,"key":"Explosive Potion"},{"floor":25,"key":"Swift Potion"},{"floor":33,"key":"PowerPotion"},{"floor":39,"key":"Poison Potion"}],"is_trial":false,"path_per_floor":["M","M","?","?","M","R","E","M","T","M","M","R","M","M","R","B",null,"M","?","?","?","$","E","R","E","T","R","E","$","$","E","R","B",null,"M","M","?","M","M","R","E","R","T","M","$","?","M","?","R","B","B",null,"R","$","E"],"character_chosen":"THE_SILENT","items_purchased":["DollysMirror","Backflip","TwistedFunnel","Catalyst","Dexterity Potion","SpeedPotion"],"campfire_rested":7,"item_purchase_floors":[22,22,45,45,54,54],"current_hp_per_floor":[55,53,58,77,63,63,42,25,25,23,23,46,43,42,42,11,61,37,37,37,37,37,28,38,38,38,38,31,31,31,22,33,9,31,21,21,11,11,11,22,22,33,33,33,33,33,33,33,33,31,10,10,10,10,0],"gold":19,"neow_bonus":"TEN_PERCENT_HP_BONUS","is_prod":false,"is_daily":false,"chose_seed":false,"campfire_upgraded":2,"win_rate":0,"timestamp":1546021983,"path_taken":["M","M","?","?","M","R","E","M","T","M","M","R","M","M","R","BOSS","M","?","?","?","$","E","R","E","T","R","E","?","$","E","R","BOSS","M","?","?","M","M","R","E","R","T","M","$","?","?","?","R","BOSS","BOSS","R","$","E"],"build_version":"2018-12-25","purchased_purges":2,"victory":false,"max_hp_per_floor":[72,72,77,77,77,77,77,77,77,77,77,77,77,77,77,77,77,77,77,77,38,38,38,38,38,38,38,38,38,38,38,38,38,38,38,38,38,38,38,38,38,38,38,38,38,38,38,38,38,38,38,38,38,38,38],"card_choices":[{"not_picked":["Bane","Deadly Poison"],"picked":"Poisoned Stab","floor":1},{"not_picked":["Flechettes","Prepared"],"picked":"Escape Plan","floor":2},{"not_picked":["Quick Slash","Well Laid Plans"],"picked":"Noxious Fumes","floor":5},{"not_picked":["Expertise","Accuracy"],"picked":"Dagger Spray","floor":7},{"not_picked":["Blade Dance","Outmaneuver"],"picked":"Deadly Poison","floor":8},{"not_picked":["Distraction","Venomology"],"picked":"Backstab","floor":10},{"not_picked":["Finisher","Concentrate"],"picked":"Noxious Fumes","floor":11},{"not_picked":["Prepared","Flechettes"],"picked":"Backflip","floor":13},{"not_picked":["Eviscerate","Poisoned Stab"],"picked":"Footwork","floor":14},{"not_picked":["Doppelganger","Phantasmal Killer"],"picked":"Corpse Explosion","floor":16},{"not_picked":["Dodge and Roll","Poisoned Stab+1"],"picked":"PiercingWail","floor":18},{"not_picked":["Endless Agony","Prepared","Sucker Punch"],"picked":"SKIP","floor":23},{"not_picked":["Endless Agony","Prepared","Sucker Punch"],"picked":"SKIP","floor":23},{"not_picked":["Bouncing Flask","Crippling Poison"],"picked":"Wraith Form v2","floor":25},{"not_picked":["Slice","Expertise"],"picked":"Prepared+1","floor":28},{"not_picked":["Slice","Prepared"],"picked":"Calculated Gamble","floor":31},{"not_picked":["Choke+1","Dodge and Roll"],"picked":"Backflip","floor":32},{"not_picked":["Storm of Steel","Doppelganger"],"picked":"Adrenaline","floor":33},{"not_picked":["Flechettes","Flying Knee","Reflex"],"picked":"SKIP","floor":35},{"not_picked":["Slice","Prepared","Sucker Punch"],"picked":"SKIP","floor":36},{"not_picked":["Infinite Blades+1","Distraction","Underhanded Strike"],"picked":"SKIP","floor":38},{"not_picked":["Underhanded Strike","Cloak And Dagger+1"],"picked":"Backflip","floor":39},{"not_picked":["A Thousand Cuts","Flechettes"],"picked":"Noxious Fumes","floor":41},{"not_picked":["Concentrate","Bane"],"picked":"Backflip","floor":42},{"not_picked":["Dodge and Roll+1","Expertise+1"],"picked":"PiercingWail","floor":44},{"not_picked":["Poisoned Stab","PiercingWail","Underhanded Strike"],"picked":"SKIP","floor":47},{"not_picked":["Sucker Punch","Acrobatics+1"],"picked":"Leg Sweep","floor":53}],"player_experience":4086672,"relics_obtained":[{"floor":7,"key":"Orichalcum"},{"floor":9,"key":"Bag of Marbles"},{"floor":23,"key":"War Paint"},{"floor":25,"key":"Dream Catcher"},{"floor":26,"key":"Bag of Preparation"},{"floor":28,"key":"Matryoshka"},{"floor":31,"key":"MawBank"},{"floor":41,"key":"Art of War"},{"floor":43,"key":"Bottled Tornado"}],"event_choices":[{"damage_healed":0,"gold_gain":0,"player_choice":"Donut","damage_taken":0,"max_hp_gain":5,"max_hp_loss":0,"event_name":"Big Fish","floor":3,"gold_loss":0},{"damage_healed":19,"gold_gain":0,"player_choice":"Healed","damage_taken":0,"max_hp_gain":0,"max_hp_loss":0,"event_name":"The Cleric","floor":4,"gold_loss":35},{"damage_healed":0,"gold_gain":50,"player_choice":"Stole From Cult","damage_taken":0,"max_hp_gain":0,"max_hp_loss":0,"event_name":"Nest","floor":19,"gold_loss":0},{"damage_healed":0,"gold_gain":0,"player_choice":"Smashed Altar","damage_taken":0,"max_hp_gain":0,"max_hp_loss":0,"event_name":"Forgotten Altar","floor":20,"gold_loss":0,"cards_obtained":["Decay"]},{"damage_healed":0,"gold_gain":0,"player_choice":"Became a Ghost","damage_taken":0,"max_hp_gain":0,"max_hp_loss":39,"event_name":"Ghosts","floor":21,"gold_loss":0,"cards_obtained":["Ghostly","Ghostly","Ghostly"]},{"damage_healed":0,"gold_gain":0,"player_choice":"Memory 3","damage_taken":10,"max_hp_gain":0,"max_hp_loss":0,"event_name":"SensoryStone","floor":37,"gold_loss":0},{"damage_healed":0,"gold_gain":0,"player_choice":"Got Potions","damage_taken":0,"max_hp_gain":0,"max_hp_loss":0,"event_name":"Lab","floor":46,"gold_loss":0},{"damage_healed":0,"gold_gain":0,"player_choice":"Upgrade","damage_taken":0,"relics_obtained":["Mark of the Bloom"],"max_hp_gain":0,"max_hp_loss":0,"event_name":"MindBloom","floor":48,"gold_loss":0,"cards_upgraded":["Defend_G","Defend_G","Defend_G","Strike_G","Strike_G","Strike_G","Strike_G","Survivor","Neutralize","Poisoned Stab","Escape Plan","Dagger Spray","Deadly Poison","Backstab","Backflip","Footwork","Corpse Explosion","PiercingWail","Ghostly","Ghostly","Ghostly","Ghostly","Backflip","Wraith Form v2","Calculated Gamble","Backflip","Adrenaline","Backflip","Noxious Fumes","Backflip","PiercingWail","Catalyst"]}],"is_beta":true,"boss_relics":[{"not_picked":["Philosopher\u0027s Stone","Pandora\u0027s Box"],"picked":"Fusion Hammer"},{"not_picked":["Busted Crown","Coffee Dripper"],"picked":"Lizard Tail"}],"items_purged_floors":[22,30],"is_endless":false,"potions_floor_spawned":[7,8,10,11,14,25,33,36,39],"killed_by":"Shield and Spear","ascension_level":20}