{"path_per_floor":["M","?","T","?","$","?","M","R","T","M","$","M","?","M","R","B",null,"M","M","$","T","M","R","M","R","T","?","M","M","?","?","R"],"character_chosen":"IRONCLAD","items_purchased":["True Grit","Flex"],"gold_per_floor":[113,113,113,63,38,113,127,127,127,147,21,41,41,64,64,190,190,206,230,130,130,144,144,165,165,192,192,207,226,141,141,141,141],"floor_reached":33,"campfire_rested":2,"playtime":1412,"current_hp_per_floor":[74,67,67,67,67,56,58,58,58,62,62,67,47,50,74,19,80,64,52,52,52,51,51,36,36,36,36,42,48,48,40,64,19],"items_purged":["Strike_R","Strike_R"],"gold":141,"score":284,"play_id":"f80c9916-c4ff-4907-93e6-305415312114","local_time":"20180325234331","is_prod":false,"is_daily":false,"is_ascension_mode":true,"campfire_upgraded":3,"timestamp":1522035811,"path_taken":["M","?","?","?","$","?","M","R","T","?","?","M","?","M","R","BOSS","M","M","$","?","M","R","M","R","T","?","M","M","?","?","R","BOSS"],"build_version":"2018-03-22v2","purchased_purges":2,"victory":false,"master_deck":["Strike_R+1","Strike_R+1","Defend_R","Defend_R","Defend_R","Bash","True Grit","True Grit+1","Uppercut+1","Flex+1","Flex+1","Pommel Strike+1","Offering","Fiend Fire+1","Heavy Blade+1","Shrug It Off+1","Dual Wield+1","Flex+1"],"max_hp_per_floor":[80,80,80,80,80,80,80,80,80,80,80,80,80,80,80,80,80,80,80,80,80,80,80,80,80,80,80,80,80,80,80,80,80],"relics":["Black Blood","Whetstone","Molten Egg 2","Red Skull","Golden Idol","Du-Vu Doll","Omamori","Peace Pipe"],"card_choices":[{"not_picked":["Warcry","Rupture"],"picked":"True Grit","floor":1},{"not_picked":["Disarm","Reckless Charge"],"picked":"Uppercut","floor":7},{"not_picked":["Perfected Strike","True Grit"],"picked":"Flex","floor":10},{"not_picked":["Warcry","Iron Wave"],"picked":"Pommel Strike","floor":12},{"not_picked":["Havoc","Seeing Red"],"picked":"Offering","floor":14},{"not_picked":["Barricade","Immolate"],"picked":"Fiend Fire","floor":16},{"not_picked":["Sever Soul","Body Slam"],"picked":"Heavy Blade","floor":18},{"not_picked":["Havoc","True Grit"],"picked":"Shrug It Off","floor":19},{"not_picked":["Bloodletting","Immolate"],"picked":"Dual Wield","floor":22},{"not_picked":["Pommel Strike","Combust"],"picked":"Flex","floor":29}],"player_experience":343944,"potions_floor_usage":[16,16,24,29,33],"damage_taken":[{"damage":12,"enemies":"Jaw Worm","floor":1,"turns":3},{"damage":4,"enemies":"2 Louse","floor":7,"turns":3},{"damage":2,"enemies":"Small Slimes","floor":10,"turns":4},{"damage":1,"enemies":"2 Fungi Beasts","floor":12,"turns":3},{"damage":3,"enemies":"Exordium Wildlife","floor":14,"turns":3},{"damage":61,"enemies":"Slime Boss","floor":16,"turns":12},{"damage":26,"enemies":"Shell Parasite","floor":18,"turns":4},{"damage":22,"enemies":"3 Byrds","floor":19,"turns":5},{"damage":11,"enemies":"Snake Plant","floor":22,"turns":2},{"damage":25,"enemies":"Centurion and Healer","floor":24,"turns":6},{"damage":4,"enemies":"3 Cultists","floor":28,"turns":3},{"damage":4,"enemies":"Snecko","floor":29,"turns":1},{"damage":45,"enemies":"Champ","floor":33,"turns":8}],"event_choices":[{"event_name":"Golden Wing","player_choice":"Card Removal","floor":2,"damage_taken":0},{"event_name":"The Cleric","player_choice":"Card Removal","floor":4,"damage_taken":0},{"event_name":"World of Goop","player_choice":"Gather Gold","floor":6,"damage_taken":0},{"event_name":"Golden Idol","player_choice":"Take Damage","floor":13,"damage_taken":0},{"event_name":"The Woman in Blue","player_choice":"Bought 0 Potions","floor":27,"damage_taken":0},{"event_name":"Addict","player_choice":"Obtained Relic","floor":30,"damage_taken":0},{"event_name":"Knowing Skull","player_choice":"","floor":31,"damage_taken":0}],"boss_relics":[{"not_picked":["Snecko Eye","Velvet Choker"],"picked":"Black Blood"}],"potions_floor_spawned":[7,10,14,22,28,29],"seed_played":"-2700137238449117988","killed_by":"Champ","ascension_level":4,"is_trial":false}