{"gold_per_floor":[116,18,18,28,43,74,35,35,61,61,87,101,118,118,118,215,215,230,250,130,141,16,46,46,59,84,97,47,47,66,166,166,262,262,281,281,296,276,276,276,288,323,377,377,388,388,404,404],"floor_reached":48,"playtime":11272,"items_purged":["Strike_B","Strike_B","Strike_B"],"score":517,"play_id":"72b32292-b8ae-42e3-9c77-1b50574a28f1","local_time":"20180923203322","is_ascension_mode":false,"campfire_choices":[{"floor":8.0,"key":"REST"},{"data":"Redo","floor":15.0,"key":"SMITH"},{"data":"Defragment","floor":24.0,"key":"SMITH"},{"data":"Defragment","floor":29,"key":"SMITH"},{"data":"Blizzard","floor":32,"key":"SMITH"},{"floor":44,"key":"REST"}],"neow_cost":"","seed_source_timestamp":0,"circlet_count":0,"master_deck":["Defend_B","Defend_B","Defend_B","Zap","Dualcast","Turbo","Capacitor","Sweeping Beam","Coolheaded","Cold Snap","Self Repair","Cold Snap","Redo+1","Core Surge","Darkness+1","Glacier+1","Defragment+1","Machine Learning","Defragment+1","Fusion+1","Consume","Blizzard+1","Buffer","Madness","Madness","The Bomb","Panacea","Finesse","Redo+1","Skim+1","Darkness+1","FTL"],"special_seed":0,"relics":["FrozenCore","Oddly Smooth Stone","Smiling Mask","Gremlin Horn","CultistMask","Potion Belt","Centennial Puzzle","Sozu","Girya","Dream Catcher","Happy Flower"],"potions_floor_usage":[33,33,33],"damage_taken":[{"damage":15.0,"enemies":"Small Slimes","floor":1.0,"turns":2.0},{"damage":6.0,"enemies":"Jaw Worm","floor":4.0,"turns":2.0},{"damage":4.0,"enemies":"Cultist","floor":5.0,"turns":4.0},{"damage":33.0,"enemies":"Lagavulin","floor":6.0,"turns":7.0},{"damage":28.0,"enemies":"Gremlin Nob","floor":11.0,"turns":5.0},{"damage":6.0,"enemies":"Large Slime","floor":12.0,"turns":8.0},{"damage":0.0,"enemies":"3 Louse","floor":13.0,"turns":3.0},{"damage":45.0,"enemies":"The Guardian","floor":16.0,"turns":21.0},{"damage":10.0,"enemies":"3 Byrds","floor":18.0,"turns":8.0},{"damage":2.0,"enemies":"Shell Parasite","floor":19.0,"turns":8.0},{"damage":31.0,"enemies":"Centurion and Healer","floor":21.0,"turns":9.0},{"damage":7.0,"enemies":"Slavers","floor":23.0,"turns":10.0},{"damage":13.0,"enemies":"Shelled Parasite and Fungi","floor":25.0,"turns":9.0},{"damage":0.0,"enemies":"Sentry and Sphere","floor":27.0,"turns":10.0},{"damage":11,"enemies":"Chosen and Byrds","floor":30,"turns":10},{"damage":5,"enemies":"Collector","floor":33,"turns":9},{"damage":8,"enemies":"3 Darklings","floor":35,"turns":6},{"damage":5,"enemies":"Orb Walker","floor":37,"turns":8},{"damage":27,"enemies":"Sphere and 2 Shapes","floor":41,"turns":6},{"damage":1,"enemies":"Giant Head","floor":42,"turns":11},{"damage":8,"enemies":"Spire Growth","floor":45,"turns":7},{"damage":23,"enemies":"4 Shapes","floor":47,"turns":5},{"damage":38,"enemies":"Reptomancer","floor":48,"turns":3}],"seed_played":"8375580993170340920","potions_obtained":[{"floor":5.0,"key":"EssenceOfSteel"},{"floor":6.0,"key":"Swift Potion"},{"floor":11.0,"key":"Block Potion"},{"floor":13.0,"key":"Energy Potion"},{"floor":21.0,"key":"Regen Potion"},{"floor":25.0,"key":"LiquidBronze"},{"floor":27.0,"key":"Energy Potion"},{"floor":30,"key":"Explosive Potion"}],"is_trial":false,"path_per_floor":["M","$","?","M","M","E","$","R","T","?","E","M","M","?","R","B",null,"M","M","$","M","$","E","R","M","T","M","$","R","M","?","R","B",null,"M","?","M","?","?","?","M","E","T","R","M","T","M"],"character_chosen":"DEFECT","items_purchased":["Capacitor","Sweeping Beam","Self Repair","Defragment","Defragment"],"campfire_rested":2,"item_purchase_floors":[2,2,7,20,22],"current_hp_per_floor":[60,60,53,47,43,10,10,32,32,75,54,55,62,62,62,24,75,72,75,75,51,51,66,66,60,60,67,67,67,63,63,63,65,75,67,67,69,69,60,50,30,36,36,58,57,57,34,0],"gold":404,"neow_bonus":"","is_prod":false,"is_daily":false,"chose_seed":false,"campfire_upgraded":4,"win_rate":0,"timestamp":1537731202,"path_taken":["M","$","?","M","M","E","$","R","T","?","E","M","M","?","R","BOSS","M","M","$","M","?","E","R","M","T","?","?","R","M","?","R","BOSS","M","?","M","?","?","?","M","E","T","R","?","?","M","M"],"build_version":"2018-09-20","purchased_purges":3,"victory":false,"max_hp_per_floor":[75,75,75,75,75,75,75,75,75,75,75,75,75,75,75,75,75,75,75,75,75,75,75,75,75,75,75,75,75,75,75,75,75,75,75,75,75,75,75,75,75,75,75,75,75,75,75,75],"card_choices":[{"not_picked":["Storm","Tempest"],"picked":"Turbo","floor":1.0},{"not_picked":["Recycle","Storm"],"picked":"Coolheaded","floor":4.0},{"not_picked":["Hologram","Heatsinks"],"picked":"White Noise","floor":5.0},{"not_picked":["Heatsinks","Sweeping Beam"],"picked":"Cold Snap","floor":6.0},{"not_picked":["Streamline","Melter","Go for the Eyes"],"picked":"SKIP","floor":11.0},{"not_picked":["Hologram","Skim"],"picked":"Cold Snap","floor":12.0},{"not_picked":["Heatsinks","Force Field"],"picked":"Redo","floor":13.0},{"not_picked":["Meteor Strike","Biased Cognition"],"picked":"Core Surge","floor":16.0},{"not_picked":["Cold Snap","Tempest"],"picked":"Darkness+1","floor":18.0},{"not_picked":["Go for the Eyes+1","Aggregate"],"picked":"Glacier+1","floor":19.0},{"not_picked":["Hologram","Sweeping Beam"],"picked":"Machine Learning","floor":21.0},{"not_picked":["Consume","Turbo+1"],"picked":"Fusion+1","floor":23.0},{"not_picked":["Steam Power","Stack","Beam Cell"],"picked":"SKIP","floor":25.0},{"not_picked":["Turbo","Cold Snap"],"picked":"Consume","floor":27.0},{"not_picked":["Hyperbeam","Streamline+1"],"picked":"Blizzard","floor":30},{"not_picked":["All For One","Core Surge"],"picked":"Buffer","floor":33},{"not_picked":["Lockon+1","Ball Lightning+1","Beam Cell"],"picked":"SKIP","floor":35},{"not_picked":["Steam+1","Ball Lightning+1","Force Field"],"picked":"SKIP","floor":37},{"not_picked":["Sadistic Nature","Swift Strike"],"picked":"The Bomb","floor":40},{"not_picked":["Trip","Purity"],"picked":"Panacea","floor":40},{"not_picked":["Purity","Blind"],"picked":"Finesse","floor":40},{"not_picked":["Streamline","Gash+1"],"picked":"Redo+1","floor":41},{"not_picked":["Sweeping Beam","Rebound+1","Undo+1"],"picked":"SKIP","floor":42},{"not_picked":["Conserve Battery+1","Gash"],"picked":"Skim+1","floor":44},{"not_picked":["Cold Snap+1","Conserve Battery"],"picked":"Darkness+1","floor":45},{"not_picked":["Gash+1","Steam"],"picked":"FTL","floor":47}],"player_experience":159038,"relics_obtained":[{"floor":6.0,"key":"Oddly Smooth Stone"},{"floor":9.0,"key":"Smiling Mask"},{"floor":11.0,"key":"Gremlin Horn"},{"floor":23.0,"key":"Potion Belt"},{"floor":26.0,"key":"Centennial Puzzle"},{"floor":42,"key":"Girya"},{"floor":43,"key":"Dream Catcher"},{"floor":46,"key":"Happy Flower"}],"event_choices":[{"event_name":"Golden Wing","player_choice":"Card Removal","floor":3.0,"damage_taken":0.0},{"event_name":"Bonfire Elementals","player_choice":"UNCOMMON","floor":10.0,"damage_taken":0.0},{"event_name":"FaceTrader","player_choice":"Trade","floor":14.0,"damage_taken":0.0},{"event_name":"Golden Shrine","player_choice":"Pray","floor":31,"damage_taken":0},{"event_name":"Falling","player_choice":"Removed Skill","floor":36,"damage_taken":0},{"event_name":"The Woman in Blue","player_choice":"Bought 1 Potion","floor":38,"damage_taken":0},{"event_name":"Winding Halls","player_choice":"Embrace Madness","floor":39,"damage_taken":0},{"event_name":"SensoryStone","player_choice":"Memory 3","floor":40,"damage_taken":0}],"is_beta":false,"boss_relics":[{"not_picked":["Lizard Tail","Coffee Dripper"],"picked":"FrozenCore"},{"not_picked":["Pandora\u0027s Box","Astrolabe"],"picked":"Sozu"}],"items_purged_floors":[20,22,28],"is_endless":false,"potions_floor_spawned":[5,6,11,13,21,25,27,30,41,45,47],"killed_by":"Reptomancer","ascension_level":0}