{"gold_per_floor":[115,290,240,47,47,79,79,99,126,126,145,145,145,155,155,259,259,278,291,291,72,89,89,103,103,155,172,172,172,185,185],"floor_reached":31,"playtime":926,"items_purged":["Strike_B","Strike_B"],"score":312,"play_id":"1728bb28-5b77-4812-8127-dc06194d5a17","local_time":"20181109233510","is_ascension_mode":true,"campfire_choices":[{"data":"Defragment","floor":7,"key":"SMITH"},{"data":"Storm","floor":10,"key":"SMITH"},{"data":"Defragment","floor":13,"key":"SMITH"},{"data":"Barrage","floor":15,"key":"SMITH"},{"floor":23,"key":"REST"},{"floor":25,"key":"REST"},{"data":"Capacitor","floor":28,"key":"SMITH"}],"neow_cost":"NONE","seed_source_timestamp":532629951601143,"circlet_count":0,"master_deck":["Defend_B","Defend_B","Defend_B","Zap","Dualcast","Streamline","Defragment+1","Ball Lightning","Storm+1","Barrage+1","Defragment+1","Ball Lightning","Machine Learning","Leap","Lockon","Capacitor+1","Ball Lightning","FTL+1","Buffer"],"relics":["Cracked Core","NeowsBlessing","GremlinMask","Potion Belt","Regal Pillow","Empty Cage","Vajra"],"potions_floor_usage":[16,22,30,31,31],"damage_taken":[{"damage":0,"enemies":"Cultist","floor":1,"turns":1},{"damage":0,"enemies":"Gremlin Nob","floor":6,"turns":1},{"damage":0,"enemies":"Jaw Worm","floor":8,"turns":1},{"damage":7,"enemies":"Small Slimes","floor":11,"turns":3},{"damage":13,"enemies":"Exordium Thugs","floor":14,"turns":2},{"damage":1,"enemies":"The Guardian","floor":16,"turns":5},{"damage":23,"enemies":"Shell Parasite","floor":18,"turns":4},{"damage":6,"enemies":"Spheric Guardian","floor":19,"turns":3},{"damage":29,"enemies":"3 Cultists","floor":22,"turns":4},{"damage":36,"enemies":"Snecko","floor":24,"turns":4},{"damage":12,"enemies":"Sentry and Sphere","floor":27,"turns":3},{"damage":24,"enemies":"Snake Plant","floor":30,"turns":2},{"damage":20,"enemies":"3 Cultists","floor":31,"turns":3}],"seed_played":"6366003193805795964","potions_obtained":[{"floor":6,"key":"PowerPotion"},{"floor":8,"key":"Block Potion"},{"floor":14,"key":"LiquidBronze"},{"floor":19,"key":"Swift Potion"},{"floor":29,"key":"Ancient Potion"},{"floor":29,"key":"Fire Potion"}],"is_trial":false,"path_per_floor":["M","?","?","$","?","E","R","M","T","R","M","?","R","M","R","B",null,"M","M","?","$","M","R","M","R","T","M","R","?","M","M"],"character_chosen":"DEFECT","items_purchased":["Defragment","Ball Lightning","Capacitor","PowerPotion"],"campfire_rested":2,"item_purchase_floors":[4,4,21,21],"current_hp_per_floor":[75,75,75,75,75,75,75,75,75,75,68,61,61,48,48,47,75,52,46,46,46,17,54,18,55,55,43,43,43,19,0],"gold":185,"neow_bonus":"THREE_ENEMY_KILL","is_prod":false,"is_daily":false,"chose_seed":false,"campfire_upgraded":5,"win_rate":0,"timestamp":1541824510,"path_taken":["M","?","?","$","?","E","R","M","T","R","?","?","R","M","R","BOSS","M","M","?","?","M","R","M","R","T","M","R","?","?","M"],"build_version":"2018-11-08","purchased_purges":2,"victory":false,"max_hp_per_floor":[75,75,75,75,75,75,75,75,75,75,75,75,75,75,75,75,75,75,75,75,75,75,75,75,75,75,75,75,75,75,75],"card_choices":[{"not_picked":["Reinforced Body","Turbo"],"picked":"Streamline","floor":1},{"not_picked":["Hologram","Barrage"],"picked":"Storm","floor":6},{"not_picked":["Scrape","Leap"],"picked":"Barrage","floor":8},{"not_picked":["Consume","Gash"],"picked":"Defragment","floor":11},{"not_picked":["Skim","Compile Driver"],"picked":"Ball Lightning","floor":14},{"not_picked":["Fission","Rainbow"],"picked":"Machine Learning","floor":16},{"not_picked":["Stack","Streamline+1"],"picked":"Leap","floor":18},{"not_picked":["Barrage","Hologram"],"picked":"Lockon","floor":19},{"not_picked":["Recycle","Hologram"],"picked":"Ball Lightning","floor":22},{"not_picked":["Rebound+1","Hologram"],"picked":"FTL+1","floor":24},{"not_picked":["Ball Lightning","Sunder","Barrage+1"],"picked":"SKIP","floor":27},{"not_picked":["Compile Driver","Leap"],"picked":"Buffer","floor":30}],"player_experience":779856,"relics_obtained":[{"floor":6,"key":"Potion Belt"},{"floor":9,"key":"Regal Pillow"},{"floor":26,"key":"Vajra"}],"event_choices":[{"damage_healed":0,"gold_gain":175,"player_choice":"AGREE","damage_taken":0,"max_hp_gain":0,"max_hp_loss":0,"event_name":"Liars Game","floor":2,"gold_loss":0,"cards_obtained":["Doubt"]},{"cards_removed":["Doubt"],"damage_healed":0,"gold_gain":0,"player_choice":"Card Removal","damage_taken":0,"max_hp_gain":0,"max_hp_loss":0,"event_name":"The Cleric","floor":3,"gold_loss":50},{"damage_healed":0,"gold_gain":0,"player_choice":"Trade","damage_taken":0,"relics_obtained":["GremlinMask"],"max_hp_gain":0,"max_hp_loss":0,"event_name":"FaceTrader","floor":5,"gold_loss":0},{"cards_removed":["Strike_B"],"damage_healed":0,"gold_gain":0,"player_choice":"Card Removal","damage_taken":7,"max_hp_gain":0,"max_hp_loss":0,"event_name":"Golden Wing","floor":12,"gold_loss":0},{"damage_healed":0,"gold_gain":0,"player_choice":"0 cards matched","damage_taken":0,"max_hp_gain":0,"max_hp_loss":0,"event_name":"Match and Keep!","floor":20,"gold_loss":0,"cards_obtained":[]},{"damage_healed":0,"gold_gain":0,"player_choice":"Got Potions","damage_taken":0,"max_hp_gain":0,"max_hp_loss":0,"event_name":"Lab","floor":29,"gold_loss":0}],"is_beta":false,"boss_relics":[{"not_picked":["FrozenCore","Sozu"],"picked":"Empty Cage"}],"items_purged_floors":[4,21],"is_endless":false,"potions_floor_spawned":[6,8,14,19],"killed_by":"3 Cultists","ascension_level":4}