{"path_per_floor":["M","?","?","?","?","R","M","R","T","M","M","M","M","$","R","B",null,"M","M","?","?","M","R","M","R","T","$","M","M","?","E","R","B",null,"M","M","?","$","?","R","M","R","T","R","M","M","?","M","R","B"],"character_chosen":"IRONCLAD","items_purchased":["Whirlwind","Shockwave","Block Potion","Energy Potion"],"gold_per_floor":[11,11,11,11,86,86,98,98,125,142,153,163,182,107,107,204,204,217,228,228,178,198,198,218,218,248,35,55,75,75,110,110,208,208,219,238,293,72,0,0,17,17,17,17,34,47,47,59,59,59],"floor_reached":51,"campfire_rested":2,"playtime":6317,"current_hp_per_floor":[77,77,77,77,66,66,72,72,72,78,80,78,76,76,76,59,80,74,71,71,71,75,81,89,89,89,89,76,76,76,67,75,40,89,89,67,57,57,57,92,88,95,95,95,90,77,65,66,98,56],"items_purged":["Strike_R","Strike_R","Strike_R"],"gold":59,"score":636,"play_id":"07c58611-e104-4b64-a11e-e76aa321e754","local_time":"20180311223622","is_prod":false,"is_daily":false,"is_ascension_mode":false,"campfire_upgraded":8,"timestamp":1520807782,"path_taken":["M","?","?","?","?","R","M","R","T","?","M","M","M","$","R","BOSS","M","M","?","?","M","R","M","R","T","?","M","?","?","E","R","BOSS","M","M","?","$","?","R","M","R","T","R","M","M","?","M","R","BOSS"],"build_version":"2018-03-09","purchased_purges":3,"victory":true,"master_deck":["Defend_R+1","Defend_R","Defend_R","Defend_R+1","Bash","Clash","True Grit+1","Spot Weakness","Body Slam+1","Iron Wave","Reaper","Feed","Shrug It Off+1","Thunderclap+1","Warcry+1","Feel No Pain+1","Whirlwind","Shockwave+1","Entrench+1","Double Tap+1","Warcry+1","Shrug It Off+1","Madness","Madness"],"max_hp_per_floor":[80,80,80,80,80,80,80,80,80,80,80,80,80,80,80,80,80,83,86,86,86,86,86,89,89,89,89,89,89,89,89,89,89,89,89,89,92,92,92,92,95,95,95,95,95,95,95,98,98,98],"relics":["Burning Blood","Calipers","Bag of Preparation","Eternal Feather","Tiny Chest","Sundial","Lizard Tail","Thread and Needle","Red Mask","Torii"],"card_choices":[{"not_picked":["Clash","Combust"],"picked":"True Grit"},{"not_picked":["Armaments","Shrug It Off"],"picked":"Spot Weakness"},{"not_picked":["True Grit","Clash"],"picked":"Body Slam"},{"not_picked":["Spot Weakness","Anger"],"picked":"Iron Wave"},{"not_picked":["Flex","Clothesline"],"picked":"Reaper"},{"not_picked":["Brutality","Juggernaut"],"picked":"Feed"},{"not_picked":["Ghostly Armor","Flex"],"picked":"Shrug It Off"},{"not_picked":["Clothesline","Combust"],"picked":"Thunderclap"},{"not_picked":["Armaments","Sword Boomerang"],"picked":"Warcry"},{"not_picked":["True Grit","Corruption"],"picked":"Feel No Pain"},{"not_picked":["Sever Soul","Whirlwind"],"picked":"Entrench"},{"not_picked":["Exhume","Bludgeon"],"picked":"Double Tap"},{"not_picked":["Perfected Strike","Hemokinesis"],"picked":"Warcry"},{"not_picked":["Uppercut","Headbutt"],"picked":"Shrug It Off"}],"player_experience":94237,"potions_floor_usage":[16,16,16,24,31,31,31,46,50,50,50],"damage_taken":[{"damage":9,"enemies":"Jaw Worm","floor":1,"turns":5},{"damage":0,"enemies":"2 Louse","floor":7,"turns":2},{"damage":0,"enemies":"Small Slimes","floor":10,"turns":4},{"damage":4,"enemies":"Blue Slaver","floor":11,"turns":4},{"damage":8,"enemies":"Large Slime","floor":12,"turns":7},{"damage":8,"enemies":"3 Louse","floor":13,"turns":4},{"damage":41,"enemies":"Slime Boss","floor":16,"turns":11},{"damage":15,"enemies":"3 Byrds","floor":18,"turns":8},{"damage":12,"enemies":"Shell Parasite","floor":19,"turns":5},{"damage":12,"enemies":"Snecko","floor":22,"turns":4},{"damage":0,"enemies":"Centurion and Healer","floor":24,"turns":8},{"damage":19,"enemies":"Cultist and Chosen","floor":28,"turns":7},{"damage":6,"enemies":"Snake Plant","floor":29,"turns":6},{"damage":35,"enemies":"Slavers","floor":31,"turns":9},{"damage":56,"enemies":"Collector","floor":33,"turns":15},{"damage":11,"enemies":"Orb Walker","floor":35,"turns":4},{"damage":28,"enemies":"3 Darklings","floor":36,"turns":7},{"damage":49,"enemies":"Mysterious Sphere","floor":37,"turns":14},{"damage":13,"enemies":"4 Shapes","floor":41,"turns":8},{"damage":11,"enemies":"Maw","floor":45,"turns":9},{"damage":19,"enemies":"Sphere and 2 Shapes","floor":46,"turns":9},{"damage":8,"enemies":"3 Darklings","floor":48,"turns":7},{"damage":48,"enemies":"Donu and Deca","floor":50,"turns":13}],"event_choices":[{"event_name":"Living Wall","player_choice":"Forget","floor":2,"damage_taken":0},{"event_name":"Golden Idol","player_choice":"Ignored","floor":3,"damage_taken":0},{"event_name":"Transmorgrifier","player_choice":"Transform","floor":4,"damage_taken":0},{"event_name":"World of Goop","player_choice":"Gather Gold","floor":5,"damage_taken":0},{"event_name":"Vampires","player_choice":"Ignored","floor":20,"damage_taken":0},{"event_name":"The Joust","player_choice":"Bet on Murderer","floor":21,"damage_taken":0},{"event_name":"Addict","player_choice":"Ignored","floor":30,"damage_taken":0},{"event_name":"Mysterious Sphere","player_choice":"Fight","floor":37,"damage_taken":0},{"event_name":"Tomb of Lord Red Mask","player_choice":"Paid","floor":39,"damage_taken":0},{"event_name":"Winding Halls","player_choice":"Embrace Madness","floor":47,"damage_taken":0}],"boss_relics":[{"not_picked":["Pandora\u0027s Box","Snecko Eye"],"picked":"Eternal Feather"},{"not_picked":["Cursed Key","Black Star"],"picked":"Lizard Tail"}],"potions_floor_spawned":[1,7,12,13,16,22,24,28,33,45,46,48],"seed_played":"-2166133987479693356","ascension_level":0,"is_trial":false}