{"gold_per_floor":[211,211,225,235,235,235,273,273,273,21,21,21,41,60,60,185,185,203,222,39,39],"floor_reached":21,"playtime":1074,"items_purged":[],"score":251,"play_id":"f013d739-b311-419e-91a1-e105de90f1c5","local_time":"20190215175445","is_ascension_mode":true,"campfire_choices":[{"data":"Bash","floor":6,"key":"SMITH"},{"floor":8,"key":"REST"},{"data":"Spot Weakness","floor":15,"key":"SMITH"}],"neow_cost":"NONE","seed_source_timestamp":87747946636000,"circlet_count":0,"master_deck":["Strike_R+1","Strike_R+1","Strike_R","Strike_R","Strike_R","Defend_R","Defend_R","Defend_R","Defend_R","Bash+1","Spot Weakness+1","Flex","Metallicize","Bloodletting","Parasite","Iron Wave","Headbutt","Immolate","Wild Strike+1","Infernal Blade","Apotheosis"],"relics":["Burning Blood","Golden Idol","Letter Opener","Smiling Mask","Paper Frog","Runic Pyramid"],"potions_floor_usage":[3,16,19,21],"damage_taken":[{"damage":6,"enemies":"2 Louse","floor":1,"turns":4},{"damage":8,"enemies":"Jaw Worm","floor":3,"turns":4},{"damage":5,"enemies":"Small Slimes","floor":4,"turns":3},{"damage":27,"enemies":"3 Sentries","floor":7,"turns":9},{"damage":13,"enemies":"Blue Slaver","floor":13,"turns":4},{"damage":0,"enemies":"Large Slime","floor":14,"turns":5},{"damage":34,"enemies":"Hexaghost","floor":16,"turns":7},{"damage":34,"enemies":"Shell Parasite","floor":18,"turns":4},{"damage":16,"enemies":"3 Byrds","floor":19,"turns":3},{"damage":26,"enemies":"3 Cultists","floor":21,"turns":4}],"seed_played":"-4786905650588095765","potions_obtained":[{"floor":1,"key":"Swift Potion"},{"floor":3,"key":"Strength Potion"},{"floor":7,"key":"GamblersBrew"},{"floor":19,"key":"Energy Potion"}],"is_trial":false,"path_per_floor":["M","?","M","M","?","R","E","R","T","$","?","?","M","M","R","B",null,"M","M","$","M"],"character_chosen":"IRONCLAD","items_purchased":["Paper Frog","Apotheosis"],"campfire_rested":1,"item_purchase_floors":[10,20],"current_hp_per_floor":[72,72,70,71,51,51,30,54,54,54,38,58,51,57,57,29,67,39,29,29,3],"gold":39,"neow_bonus":"HUNDRED_GOLD","is_prod":false,"is_daily":false,"chose_seed":false,"campfire_upgraded":2,"win_rate":0,"timestamp":1550271285,"path_taken":["M","?","M","M","?","R","E","R","T","$","?","?","M","M","R","BOSS","M","M","$","M"],"build_version":"2019-01-23","purchased_purges":0,"victory":false,"max_hp_per_floor":[80,80,80,80,80,80,80,80,80,80,80,80,80,80,80,80,80,80,80,80,80],"card_choices":[{"not_picked":["Havoc","Pummel"],"picked":"Spot Weakness","floor":1},{"not_picked":["Sword Boomerang","Headbutt"],"picked":"Flex","floor":3},{"not_picked":["Anger","Battle Trance"],"picked":"Metallicize","floor":4},{"not_picked":["Searing Blow","Havoc"],"picked":"Bloodletting","floor":7},{"not_picked":["Clash","Fire Breathing"],"picked":"Iron Wave","floor":13},{"not_picked":["Wild Strike","Body Slam"],"picked":"Headbutt","floor":14},{"not_picked":["Barricade","Impervious"],"picked":"Immolate","floor":16},{"not_picked":["Pommel Strike","Body Slam"],"picked":"Wild Strike+1","floor":18},{"not_picked":["Anger","Rage"],"picked":"Infernal Blade","floor":19}],"player_experience":490570,"relics_obtained":[{"floor":7,"key":"Letter Opener"},{"floor":9,"key":"Smiling Mask"}],"event_choices":[{"damage_healed":0,"gold_gain":0,"player_choice":"Ignored","damage_taken":0,"max_hp_gain":0,"max_hp_loss":0,"event_name":"Golden Wing","floor":2,"gold_loss":0},{"damage_healed":0,"gold_gain":0,"player_choice":"Take Damage","damage_taken":20,"relics_obtained":["Golden Idol"],"max_hp_gain":0,"max_hp_loss":0,"event_name":"Golden Idol","floor":5,"gold_loss":0},{"damage_healed":0,"gold_gain":0,"player_choice":"Entered Light","damage_taken":16,"max_hp_gain":0,"max_hp_loss":0,"event_name":"Shining Light","floor":11,"gold_loss":0,"cards_upgraded":["Strike_R","Strike_R"]},{"damage_healed":20,"gold_gain":0,"player_choice":"Healed and dodged fight","damage_taken":0,"max_hp_gain":0,"max_hp_loss":0,"event_name":"Mushrooms","floor":12,"gold_loss":0,"cards_obtained":["Parasite"]}],"is_beta":false,"boss_relics":[{"not_picked":["Coffee Dripper","Philosopher\u0027s Stone"],"picked":"Runic Pyramid"}],"items_purged_floors":[],"is_endless":false,"potions_floor_spawned":[1,3,7,19],"killed_by":"3 Cultists","ascension_level":8}