{"gold_per_floor":[118,118,129,139,150,150,162,162,211,211,6,6,18,18,18,116,116,130,150,2,20,34,34,34,34,34,34,34,34,54,4,4,102,102,120,132,148,148],"floor_reached":38,"playtime":1421,"items_purged":["Strike_R"],"score":460,"play_id":"0b2f6d29-2df7-4982-80fc-965ec7fc526a","local_time":"20181201035002","is_ascension_mode":true,"campfire_choices":[{"data":"Heavy Blade","floor":6,"key":"SMITH"},{"data":"Flex","floor":8,"key":"SMITH"},{"data":"Bash","floor":10,"key":"SMITH"},{"data":"Spot Weakness","floor":15,"key":"SMITH"},{"floor":23,"key":"REST"},{"data":"J.A.X.","floor":25,"key":"SMITH"},{"data":"Flex","floor":27,"key":"SMITH"},{"data":"Pummel","floor":29,"key":"SMITH"},{"floor":32,"key":"REST"}],"neow_cost":"TEN_PERCENT_HP_LOSS","seed_source_timestamp":1469654076148302,"circlet_count":0,"master_deck":["Strike_R","Strike_R","Strike_R","Strike_R","Defend_R","Defend_R+1","Defend_R+1","Defend_R","Bash+1","Rupture+1","Cleave","Heavy Blade+1","Flex+1","True Grit","Bandage Up","Spot Weakness+1","Brutality","Flex+1","Pummel+1","Metallicize","J.A.X.+1","Heavy Blade","Demon Form","Shrug It Off+1"],"relics":["Burning Blood","Ginger","War Paint","Dodecahedron","Mercury Hourglass","Lizard Tail","PreservedInsect","Matryoshka","Philosopher\u0027s Stone"],"potions_floor_usage":[21,22,22,22,22,33,33,37],"damage_taken":[{"damage":2,"enemies":"2 Louse","floor":1,"turns":3},{"damage":6,"enemies":"Cultist","floor":3,"turns":3},{"damage":7,"enemies":"Jaw Worm","floor":4,"turns":5},{"damage":20,"enemies":"Gremlin Gang","floor":5,"turns":4},{"damage":14,"enemies":"Lots of Slimes","floor":7,"turns":3},{"damage":1,"enemies":"Blue Slaver","floor":13,"turns":3},{"damage":41,"enemies":"The Guardian","floor":16,"turns":11},{"damage":0,"enemies":"Chosen","floor":18,"turns":3},{"damage":33,"enemies":"2 Thieves","floor":19,"turns":3},{"damage":40,"enemies":"Snecko","floor":21,"turns":6},{"damage":4,"enemies":"Snake Plant","floor":22,"turns":3},{"damage":23,"enemies":"Sentry and Sphere","floor":30,"turns":4},{"damage":74,"enemies":"Champ","floor":33,"turns":7},{"damage":17,"enemies":"Orb Walker","floor":35,"turns":2},{"damage":47,"enemies":"3 Darklings","floor":36,"turns":5},{"damage":12,"enemies":"Maw","floor":37,"turns":6},{"damage":18,"enemies":"Spire Growth","floor":38,"turns":2}],"seed_played":"647571546200734529","potions_obtained":[{"floor":1,"key":"Weak Potion"},{"floor":3,"key":"Block Potion"},{"floor":18,"key":"EntropicBrew"},{"floor":21,"key":"SpeedPotion"},{"floor":36,"key":"Dexterity Potion"}],"is_trial":false,"path_per_floor":["M","?","M","M","M","R","M","R","T","R","$","?","M","T","R","B",null,"M","M","$","M","M","R","?","R","T","R","T","R","M","$","R","B",null,"M","M","M","M"],"character_chosen":"IRONCLAD","items_purchased":["True Grit","Bandage Up","Pummel","Metallicize","AttackPotion"],"campfire_rested":2,"item_purchase_floors":[11,11,20,20,31],"current_hp_per_floor":[72,72,72,71,57,57,49,49,49,49,49,49,58,58,58,27,61,67,44,44,14,20,41,41,41,41,41,41,41,28,28,49,39,64,53,16,14,0],"gold":148,"neow_bonus":"ONE_RARE_RELIC","is_prod":false,"is_daily":false,"chose_seed":false,"campfire_upgraded":7,"win_rate":0,"timestamp":1543654202,"path_taken":["M","?","M","M","M","R","?","R","T","R","$","?","M","?","R","BOSS","M","M","$","?","?","R","?","R","T","R","?","R","?","?","R","BOSS","M","M","?","M"],"build_version":"2018-11-15","purchased_purges":1,"victory":false,"max_hp_per_floor":[72,72,72,72,72,72,72,72,72,72,72,72,72,72,72,72,72,72,72,72,72,72,72,72,72,72,72,72,72,72,72,72,72,72,72,72,72,72],"card_choices":[{"not_picked":["Shockwave","Uppercut"],"picked":"Rupture","floor":1},{"not_picked":["Uppercut","Iron Wave"],"picked":"Cleave","floor":3},{"not_picked":["Shrug It Off","Body Slam"],"picked":"Heavy Blade","floor":4},{"not_picked":["Reckless Charge","Carnage","Anger"],"picked":"SKIP","floor":5},{"not_picked":["Anger","Searing Blow"],"picked":"Flex","floor":7},{"not_picked":["Sentinel","Metallicize"],"picked":"Spot Weakness","floor":13},{"not_picked":["Impervious","Bludgeon"],"picked":"Brutality","floor":16},{"not_picked":["Wild Strike+1","Anger"],"picked":"Flex","floor":18},{"not_picked":["Uppercut+1","Twin Strike","Clothesline"],"picked":"SKIP","floor":19},{"not_picked":["Carnage","Clash","Seeing Red"],"picked":"SKIP","floor":21},{"not_picked":["Uppercut","Seeing Red","Second Wind"],"picked":"SKIP","floor":22},{"not_picked":["Iron Wave","Dropkick"],"picked":"Heavy Blade","floor":30},{"not_picked":["Brutality","Berserk"],"picked":"Demon Form","floor":33},{"not_picked":["Dropkick+1","Infernal Blade","Body Slam"],"picked":"SKIP","floor":35},{"not_picked":["Heavy Blade","Dual Wield"],"picked":"Shrug It Off+1","floor":36},{"not_picked":["Warcry+1","Dark Embrace","Armaments"],"picked":"SKIP","floor":37}],"player_experience":847465,"relics_obtained":[{"floor":9,"key":"War Paint"},{"floor":14,"key":"Mercury Hourglass"},{"floor":26,"key":"PreservedInsect"},{"floor":28,"key":"Matryoshka"}],"event_choices":[{"damage_healed":0,"gold_gain":0,"player_choice":"Upgraded","damage_taken":0,"max_hp_gain":0,"max_hp_loss":0,"event_name":"Upgrade Shrine","floor":2,"gold_loss":0,"cards_upgraded":["Rupture"]},{"damage_healed":0,"gold_gain":0,"player_choice":"Searched \u00271\u0027 times","damage_taken":0,"relics_obtained":["Dodecahedron"],"max_hp_gain":0,"max_hp_loss":0,"event_name":"Dead Adventurer","floor":12,"gold_loss":0},{"damage_healed":0,"gold_gain":0,"player_choice":"Obtain J.A.X.","damage_taken":0,"max_hp_gain":0,"max_hp_loss":0,"event_name":"Drug Dealer","floor":24,"gold_loss":0,"cards_obtained":["J.A.X."]}],"is_beta":false,"boss_relics":[{"not_picked":["Tiny House","Runic Dome"],"picked":"Lizard Tail"},{"not_picked":["Runic Cube","Empty Cage"],"picked":"Philosopher\u0027s Stone"}],"items_purged_floors":[11],"is_endless":false,"potions_floor_spawned":[1,3,18,21,36],"killed_by":"Spire Growth","ascension_level":5}