{"gold_per_floor":[114,114,129,140,157,183,183,149,202,217,228,253,253,265,265,362,362,379,294,294,294,307,341,186,186,212,222,256,256,160,235,235,235],"floor_reached":33,"playtime":3555,"items_purged":[],"score":371,"play_id":"4a26f418-e944-426d-bb36-e1447fdfd818","local_time":"20190206173802","is_ascension_mode":true,"campfire_choices":[{"data":"Armaments","floor":7,"key":"SMITH"},{"floor":15,"key":"REST"},{"floor":29,"key":"REST"},{"floor":32,"key":"REST"}],"neow_cost":"NONE","seed_source_timestamp":1196817335670500,"circlet_count":0,"master_deck":["Strike_R+1","Strike_R+1","Strike_R+1","Defend_R+1","Defend_R+1","Defend_R+1","Defend_R+1","Bash","Armaments+1","Flame Barrier","Shrug It Off","Ghostly Armor+1","Inflame","Ghostly Armor+1","Demon Form","Dual Wield+1","Evolve","Iron Wave","Juggernaut","Entrench+1","Limit Break+1","Body Slam","Battle Trance+1","Finesse+1"],"relics":["Burning Blood","Toxic Egg 2","Lantern","Juzu Bracelet","Black Star","Bag of Marbles","Torii","Bottled Tornado","Bronze Scales","Red Mask"],"potions_floor_usage":[5,6,10,10,22,27,27,27,28,28,33],"damage_taken":[{"damage":7,"enemies":"Jaw Worm","floor":1,"turns":3},{"damage":1,"enemies":"Cultist","floor":3,"turns":4},{"damage":0,"enemies":"Small Slimes","floor":4,"turns":4},{"damage":10,"enemies":"3 Louse","floor":5,"turns":3},{"damage":32,"enemies":"Gremlin Nob","floor":6,"turns":4},{"damage":2,"enemies":"Lots of Slimes","floor":10,"turns":6},{"damage":0,"enemies":"Blue Slaver","floor":11,"turns":4},{"damage":44,"enemies":"3 Sentries","floor":12,"turns":13},{"damage":8,"enemies":"3 Louse","floor":14,"turns":7},{"damage":23,"enemies":"Hexaghost","floor":16,"turns":11},{"damage":14,"enemies":"Shell Parasite","floor":18,"turns":7},{"damage":8,"enemies":"Spheric Guardian","floor":22,"turns":6},{"damage":44,"enemies":"Book of Stabbing","floor":23,"turns":8},{"damage":16,"enemies":"Cultist and Chosen","floor":27,"turns":7},{"damage":38,"enemies":"Masked Bandits","floor":28,"turns":4},{"damage":54,"enemies":"Automaton","floor":33,"turns":12}],"seed_played":"-359240903068583142","potions_obtained":[{"floor":0,"key":"PowerPotion"},{"floor":0,"key":"EssenceOfSteel"},{"floor":0,"key":"Ancient Potion"},{"floor":1,"key":"SteroidPotion"},{"floor":5,"key":"AttackPotion"},{"floor":6,"key":"AttackPotion"},{"floor":16,"key":"Strength Potion"},{"floor":23,"key":"EntropicBrew"},{"floor":28,"key":"Block Potion"}],"is_trial":false,"path_per_floor":["M","?","M","M","M","E","R","$","T","M","M","E","?","M","R","B",null,"M","?","?","?","M","E","$","?","T","M","?","R","$","?","R","B"],"character_chosen":"IRONCLAD","items_purchased":["Inflame","Limit Break+1","Finesse+1"],"campfire_rested":3,"item_purchase_floors":[8,24,30],"current_hp_per_floor":[71,71,76,80,76,50,50,50,50,54,60,22,22,20,44,27,67,59,59,44,85,83,45,45,45,45,35,11,36,36,28,53,0],"gold":235,"neow_bonus":"THREE_SMALL_POTIONS","is_prod":false,"is_daily":false,"chose_seed":false,"campfire_upgraded":1,"win_rate":0,"timestamp":1549492682,"path_taken":["M","?","?","M","?","E","R","$","T","?","M","E","?","M","R","BOSS","M","?","?","?","M","E","$","?","T","M","?","R","$","?","R","BOSS"],"build_version":"2019-01-23","purchased_purges":0,"victory":false,"max_hp_per_floor":[80,80,80,80,80,80,80,80,80,80,80,80,80,80,80,80,80,80,80,85,85,85,85,85,85,85,85,85,85,85,85,85,85],"card_choices":[{"not_picked":["Clothesline","Feel No Pain"],"picked":"Armaments","floor":1},{"not_picked":["Power Through","Dropkick"],"picked":"Flame Barrier","floor":3},{"not_picked":["Clothesline","Twin Strike"],"picked":"Shrug It Off","floor":4},{"not_picked":["Anger","Clothesline","Havoc"],"picked":"SKIP","floor":5},{"not_picked":["Whirlwind","Cleave"],"picked":"Ghostly Armor","floor":6},{"not_picked":["Corruption","Anger"],"picked":"Ghostly Armor+1","floor":10},{"not_picked":["Warcry+1","Dual Wield+1"],"picked":"Demon Form","floor":11},{"not_picked":["Anger","Warcry+1"],"picked":"Dual Wield+1","floor":12},{"not_picked":["Armaments+1","Warcry+1"],"picked":"Iron Wave","floor":14},{"not_picked":["Immolate","Bludgeon"],"picked":"Juggernaut","floor":16},{"not_picked":["Clash","Havoc+1","Feel No Pain"],"picked":"SKIP","floor":18},{"not_picked":["Clash","Burning Pact+1","Anger"],"picked":"SKIP","floor":22},{"not_picked":["Wild Strike+1","Dropkick+1"],"picked":"Entrench+1","floor":23},{"not_picked":["Warcry+1","True Grit+1"],"picked":"Body Slam","floor":27},{"not_picked":["Thunderclap","Ghostly Armor+1"],"picked":"Battle Trance+1","floor":28}],"player_experience":453804,"relics_obtained":[{"floor":6,"key":"Toxic Egg 2"},{"floor":9,"key":"Lantern"},{"floor":12,"key":"Juzu Bracelet"},{"floor":23,"key":"Torii"},{"floor":23,"key":"Bottled Tornado"},{"floor":26,"key":"Bronze Scales"},{"floor":28,"key":"Red Mask"}],"event_choices":[{"cards_removed":["Strike_R"],"damage_healed":0,"gold_gain":0,"player_choice":"Offered Basic","damage_taken":0,"max_hp_gain":0,"max_hp_loss":0,"event_name":"Bonfire Elementals","floor":2,"gold_loss":0},{"damage_healed":0,"gold_gain":0,"cards_transformed":["Strike_R"],"player_choice":"Change","damage_taken":0,"max_hp_gain":0,"max_hp_loss":0,"event_name":"Living Wall","floor":13,"gold_loss":0,"cards_obtained":["Evolve"]},{"damage_healed":0,"gold_gain":0,"player_choice":"Obtained Relic","damage_taken":0,"relics_obtained":["Bag of Marbles"],"max_hp_gain":0,"max_hp_loss":0,"event_name":"Addict","floor":19,"gold_loss":85},{"damage_healed":0,"gold_gain":0,"player_choice":"Shed Blood","damage_taken":20,"max_hp_gain":5,"max_hp_loss":0,"event_name":"Forgotten Altar","floor":20,"gold_loss":0},{"damage_healed":41,"gold_gain":0,"player_choice":"Full Heal","damage_taken":0,"max_hp_gain":0,"max_hp_loss":0,"event_name":"Wheel of Change","floor":21,"gold_loss":0},{"damage_healed":0,"gold_gain":0,"player_choice":"Simplicity","damage_taken":0,"max_hp_gain":0,"max_hp_loss":0,"event_name":"Back to Basics","floor":25,"gold_loss":0,"cards_upgraded":["Strike_R","Strike_R","Strike_R","Defend_R","Defend_R","Defend_R","Defend_R"]},{"damage_healed":0,"gold_gain":0,"player_choice":"Fought Bandits","damage_taken":0,"max_hp_gain":0,"max_hp_loss":0,"event_name":"Masked Bandits","floor":28,"gold_loss":0},{"damage_healed":0,"gold_gain":75,"player_choice":"Touch","damage_taken":8,"max_hp_gain":0,"max_hp_loss":0,"event_name":"FaceTrader","floor":31,"gold_loss":0}],"is_beta":false,"boss_relics":[{"not_picked":["Tiny House","Astrolabe"],"picked":"Black Star"}],"items_purged_floors":[],"is_endless":false,"potions_floor_spawned":[1,3,5,6,16,23,28],"killed_by":"Automaton","ascension_level":7}