{"gold_per_floor":[115,115,41,41,55,55,80,80,80,92,92,109,109,26,26,122,122,141,141,141,161,161,161,180,180,180,180,200,213,213,173,173,268,268,283,283,74,90,145,145,160,160,187,187,187,187,207,225,225,225],"floor_reached":50,"playtime":2221,"items_purged":[],"score":536,"play_id":"b7d39964-43d6-4f5b-b446-64b639c5b445","local_time":"20181017232535","is_ascension_mode":true,"campfire_choices":[{"data":"Hello World","floor":6.0,"key":"SMITH"},{"data":"Loop","floor":8.0,"key":"SMITH"},{"data":"Static Discharge","floor":13.0,"key":"SMITH"},{"floor":15.0,"key":"REST"},{"floor":23,"key":"REST"},{"floor":25,"key":"REST"},{"floor":32,"key":"REST"},{"floor":40,"key":"REST"},{"data":"Creative AI","floor":42,"key":"SMITH"},{"floor":44,"key":"REST"},{"data":"White Noise","floor":46,"key":"SMITH"},{"floor":49,"key":"REST"}],"neow_cost":"NONE","seed_source_timestamp":675514735431800,"circlet_count":0,"master_deck":["Zap","Barrage","Electrodynamics","Hello World+1","Loop+1","Storm","Ball Lightning+1","Static Discharge+1","Conserve Battery","Storm","Ball Lightning","Rip and Tear","Lockon","Genetic Algorithm","Leap","Ball Lightning+1","Cold Snap","Sunder","Turbo","Static Discharge","Static Discharge","Stack","Machine Learning","Creative AI+1","Stack+1","Dark Shackles","Aggregate","Finesse","Storm","Barrage","White Noise+1","Hello World+1","Writhe","Doubt","Leap"],"special_seed":0,"relics":["Cracked Core","NeowsBlessing","PreservedInsect","The Courier","Pen Nib","Kunai","Nloth\u0027s Gift","Cursed Key","Unceasing Top","Vajra"],"potions_floor_usage":[33,39,48,50,50],"damage_taken":[{"damage":0.0,"enemies":"2 Louse","floor":1.0,"turns":1.0},{"damage":0.0,"enemies":"Cultist","floor":5.0,"turns":1.0},{"damage":0.0,"enemies":"3 Sentries","floor":7.0,"turns":1.0},{"damage":6.0,"enemies":"Jaw Worm","floor":10.0,"turns":3.0},{"damage":23.0,"enemies":"Exordium Thugs","floor":12.0,"turns":4.0},{"damage":31.0,"enemies":"Hexaghost","floor":16.0,"turns":7.0},{"damage":17.0,"enemies":"3 Byrds","floor":18.0,"turns":3.0},{"damage":15,"enemies":"Shell Parasite","floor":21,"turns":4},{"damage":24,"enemies":"Shelled Parasite and Fungi","floor":24,"turns":3},{"damage":14,"enemies":"Sentry and Sphere","floor":28,"turns":4},{"damage":21,"enemies":"Snake Plant","floor":29,"turns":3},{"damage":31,"enemies":"Automaton","floor":33,"turns":6},{"damage":17,"enemies":"3 Darklings","floor":35,"turns":3},{"damage":24,"enemies":"Orb Walker","floor":38,"turns":2},{"damage":23,"enemies":"Mysterious Sphere","floor":39,"turns":5},{"damage":10,"enemies":"Reptomancer","floor":41,"turns":4},{"damage":12,"enemies":"4 Shapes","floor":47,"turns":4},{"damage":3,"enemies":"Transient","floor":48,"turns":5},{"damage":80,"enemies":"Donu and Deca","floor":50,"turns":5}],"seed_played":"6987794768812434563","potions_obtained":[{"floor":1.0,"key":"Dexterity Potion"},{"floor":10.0,"key":"Regen Potion"},{"floor":12.0,"key":"Explosive Potion"},{"floor":21,"key":"Explosive Potion"},{"floor":33,"key":"GamblersBrew"},{"floor":38,"key":"Block Potion"},{"floor":41,"key":"Swift Potion"}],"is_trial":false,"path_per_floor":["M","?","$","?","M","R","E","R","T","M","?","M","R","$","R","B",null,"M","?","?","M","?","R","M","R","T","?","M","M","?","?","R","B",null,"M","?","$","M","?","R","M","R","T","R","?","R","M","M","R"],"character_chosen":"DEFECT","items_purchased":["Loop","Storm","Ball Lightning","Aggregate","Finesse","Storm","Barrage"],"campfire_rested":7,"item_purchase_floors":[3,14,14,37,37,37,37],"current_hp_per_floor":[75,75,75,75,75,75,75,75,75,69,69,46,46,46,68,37,75,58,58,58,43,29,53,29,53,53,53,39,18,18,18,42,26,80,63,63,63,39,16,40,30,30,30,54,80,80,68,65,80,0],"gold":225,"neow_bonus":"THREE_ENEMY_KILL","is_prod":false,"is_daily":false,"chose_seed":false,"campfire_upgraded":5,"win_rate":0,"timestamp":1539833135,"path_taken":["M","?","?","?","M","R","E","R","T","M","?","M","R","$","R","BOSS","M","?","?","?","?","R","M","R","T","?","M","M","?","?","R","BOSS","M","?","$","M","?","R","M","R","T","R","?","R","?","M","R","BOSS"],"build_version":"2018-10-11","purchased_purges":0,"victory":false,"max_hp_per_floor":[75,75,75,75,75,75,75,75,75,75,75,75,75,75,75,75,75,75,75,75,75,80,80,80,80,80,80,80,80,80,80,80,80,80,80,80,80,80,80,80,80,80,80,80,80,80,80,80,80,80],"card_choices":[{"not_picked":["Consume","Turbo"],"picked":"Barrage","floor":1.0},{"not_picked":["Leap","Redo"],"picked":"Storm","floor":5.0},{"not_picked":["Gash","Leap"],"picked":"Ball Lightning","floor":7.0},{"not_picked":["Sweeping Beam","Lockon"],"picked":"Static Discharge","floor":10.0},{"not_picked":["Storm","Leap"],"picked":"Conserve Battery","floor":12.0},{"not_picked":["Streamline+1","Aggregate"],"picked":"Static Discharge","floor":18.0},{"not_picked":["Compile Driver","Barrage"],"picked":"Static Discharge","floor":21},{"not_picked":["Turbo","Compile Driver","Reinforced Body"],"picked":"SKIP","floor":24},{"not_picked":["Loop","Ball Lightning"],"picked":"Stack","floor":28},{"not_picked":["Beam Cell+1","Loop"],"picked":"Machine Learning","floor":29},{"not_picked":["Echo Form","Amplify"],"picked":"Creative AI","floor":33},{"not_picked":["Genetic Algorithm+1","Coolheaded+1"],"picked":"Stack+1","floor":35},{"not_picked":["Flash of Steel","Thinking Ahead"],"picked":"Dark Shackles","floor":36},{"not_picked":["Turbo+1","Coolheaded+1"],"picked":"White Noise","floor":38},{"not_picked":["Rainbow","Cold Snap+1"],"picked":"Hello World+1","floor":41},{"not_picked":["Cold Snap+1","Go for the Eyes","Rebound"],"picked":"SKIP","floor":47},{"not_picked":["Steam+1","Sweeping Beam"],"picked":"Leap","floor":48}],"player_experience":640929,"relics_obtained":[{"floor":7.0,"key":"PreservedInsect"},{"floor":9.0,"key":"The Courier"},{"floor":26,"key":"Kunai"},{"floor":39,"key":"Unceasing Top"},{"floor":43,"key":"Vajra"}],"event_choices":[{"event_name":"Match and Keep!","player_choice":"2 cards matched","floor":2.0,"damage_taken":0.0},{"event_name":"The Cleric","player_choice":"Leave","floor":4.0,"damage_taken":0.0},{"event_name":"WeMeetAgain","player_choice":"Potion","floor":11.0,"damage_taken":0.0},{"event_name":"Beggar","player_choice":"Ignored","floor":19,"damage_taken":0},{"event_name":"Vampires","player_choice":"Ignored","floor":20,"damage_taken":0},{"event_name":"Forgotten Altar","player_choice":"Shed Blood","floor":22,"damage_taken":0},{"event_name":"Back to Basics","player_choice":"Elegance","floor":27,"damage_taken":0},{"event_name":"N\u0027loth","player_choice":"Traded a Pandora\u0027s Box","floor":30,"damage_taken":0},{"event_name":"Designer","player_choice":"Upgrade 2 Random Cards","floor":31,"damage_taken":0},{"event_name":"SensoryStone","player_choice":"Memory 1","floor":36,"damage_taken":0},{"event_name":"Mysterious Sphere","player_choice":"Fight","floor":39,"damage_taken":0},{"event_name":"MindBloom","player_choice":"Heal","floor":45,"damage_taken":0}],"is_beta":false,"boss_relics":[{"not_picked":["Lizard Tail","Fusion Hammer"],"picked":"Pandora\u0027s Box"},{"not_picked":["Eternal Feather","Sozu"],"picked":"Cursed Key"}],"items_purged_floors":[],"is_endless":false,"potions_floor_spawned":[1,10,12,21,24,33,38,41],"killed_by":"Donu and Deca","ascension_level":1}