{"path_per_floor":["M","M","M","?","M","E","R","E","T","M","?","?","M","$","R","B",null,"M","$","M","?","?","R","E","M","T","R","E","?","M","$","R","B",null,"M","?","M","M","?","R","E","R","T","E","R","$","M","M","R","B"],"character_chosen":"IRONCLAD","items_purchased":["Lantern","Bag of Preparation","Master of Strategy","Shrug It Off","Havoc","Swift Strike","Poison Potion","Weak Potion"],"gold_per_floor":[109,121,136,236,253,278,278,308,361,378,453,453,472,253,253,355,355,375,43,54,54,254,254,283,302,325,325,357,357,373,86,86,182,182,193,193,203,216,216,216,241,241,291,324,324,98,116,130,130,130],"floor_reached":51,"campfire_rested":2,"playtime":5080,"current_hp_per_floor":[79,76,80,80,80,57,57,63,63,69,58,51,57,57,57,33,68,70,70,72,72,72,72,55,53,60,60,52,36,38,38,67,47,85,91,101,101,101,101,101,51,81,81,83,83,83,101,101,101,78],"items_purged":["Defend_R","Defend_R","Flex"],"gold":130,"score":806,"play_id":"a2f15e3e-8f3d-4505-9bc9-4f4b465e2c86","is_prod":false,"is_daily":false,"is_ascension_mode":true,"campfire_upgraded":7,"path_taken":["M","M","M","?","M","E","R","E","T","M","?","?","M","$","R","BOSS","M","$","M","?","?","R","E","M","T","R","E","?","M","$","R","BOSS","M","?","M","M","?","R","E","R","T","E","R","$","M","M","R","BOSS"],"build_version":"2018-02-08-BETA1","purchased_purges":3,"victory":true,"master_deck":["Strike_R","Strike_R","Strike_R","Defend_R","Defend_R","Bash","True Grit+1","Armaments+1","Iron Wave","Bludgeon","Metallicize","Inflame+1","Spot Weakness+1","Flame Barrier","Offering+1","Pommel Strike+1","Master of Strategy+1","Armaments+1","Shrug It Off","Havoc","Impervious","Clothesline","Heavy Blade+1","Reaper","Inflame"],"max_hp_per_floor":[80,80,80,80,80,80,80,80,80,80,80,80,80,80,80,80,80,80,80,80,80,80,80,80,80,87,87,97,97,97,97,97,97,97,101,101,101,101,101,101,101,101,101,101,101,101,101,101,101,101],"relics":["Burning Blood","Prayer Wheel","Orichalcum","Red Skull","Bag of Marbles","Lantern","Philosopher\u0027s Stone","Bag of Preparation","Omamori","Strawberry","Pear","Nilry\u0027s Codex","Snecko Eye","Vajra","Regal Pillow","Happy Flower"],"card_choices":[{"not_picked":["Pommel Strike","Burning Pact"],"picked":"True Grit"},{"not_picked":["Warcry","Whirlwind"],"picked":"Armaments"},{"not_picked":["Anger","Thunderclap"],"picked":"Iron Wave"},{"not_picked":["Wild Strike","Perfected Strike"],"picked":"Bludgeon"},{"not_picked":["Shockwave","Feel No Pain"],"picked":"Metallicize"},{"not_picked":["Perfected Strike","Twin Strike"],"picked":"Inflame"},{"not_picked":["Hemokinesis","Thunderclap"],"picked":"Spot Weakness"},{"not_picked":["Dual Wield","Headbutt"],"picked":"Flame Barrier"},{"not_picked":["Immolate","Limit Break"],"picked":"Offering"},{"not_picked":["Armaments","Blood for Blood"],"picked":"Pommel Strike"},{"not_picked":["Dark Embrace","Headbutt"],"picked":"Flex"},{"not_picked":["Pummel","Clothesline"],"picked":"Armaments"},{"not_picked":["Juggernaut","Immolate"],"picked":"Impervious"},{"not_picked":["Disarm","Body Slam"],"picked":"Clothesline"},{"not_picked":["Clash","Seeing Red"],"picked":"Heavy Blade"},{"not_picked":["Pummel","Perfected Strike"],"picked":"Reaper"},{"not_picked":["Perfected Strike","Flex"],"picked":"Inflame"}],"player_experience":78332,"potions_floor_usage":[6,8,10,24,25,33,38,44,50,50,50],"damage_taken":[{"damage":7.0,"enemies":"Jaw Worm","floor":1.0,"turns":3.0},{"damage":9,"enemies":"Blue Slaver","floor":2,"turns":6},{"damage":1,"enemies":"2 Fungi Beasts","floor":3,"turns":4},{"damage":5,"enemies":"Looter","floor":5,"turns":4},{"damage":29,"enemies":"Gremlin Nob","floor":6,"turns":5},{"damage":0,"enemies":"3 Sentries","floor":8,"turns":7},{"damage":0,"enemies":"Lots of Slimes","floor":10,"turns":4},{"damage":0,"enemies":"2 Fungi Beasts","floor":13,"turns":3},{"damage":30,"enemies":"Slime Boss","floor":16,"turns":9},{"damage":4,"enemies":"Chosen","floor":18,"turns":2},{"damage":4,"enemies":"2 Thieves","floor":20,"turns":4},{"damage":23,"enemies":"Gremlin Leader","floor":24,"turns":5},{"damage":8,"enemies":"Snake Plant","floor":25,"turns":3},{"damage":24,"enemies":"Slavers","floor":28,"turns":5},{"damage":4,"enemies":"Sentry and Sphere","floor":30,"turns":3},{"damage":26,"enemies":"Champ","floor":33,"turns":8},{"damage":4,"enemies":"Flame Bruiser 1 Orb","floor":35,"turns":6},{"damage":0,"enemies":"Orb Walker","floor":37,"turns":1},{"damage":0,"enemies":"Flame Bruiser 2 Orb","floor":38,"turns":6},{"damage":56,"enemies":"2 Orb Walkers","floor":41,"turns":4},{"damage":4,"enemies":"Nemesis","floor":44,"turns":5},{"damage":5,"enemies":"3 Darklings","floor":47,"turns":4},{"damage":6,"enemies":"Spire Growth","floor":48,"turns":3},{"damage":64,"enemies":"Donu and Deca","floor":50,"turns":6}],"event_choices":[{"event_name":"Golden Shrine","player_choice":"Pray","floor":4,"damage_taken":0},{"event_name":"World of Goop","player_choice":"Gather Gold","floor":11,"damage_taken":0},{"event_name":"Golden Wing","player_choice":"Card Removal","floor":12,"damage_taken":0},{"event_name":"Back to Basics","player_choice":"Elegance","floor":21,"damage_taken":0},{"event_name":"The Joust","player_choice":"Bet on Owner","floor":22,"damage_taken":0},{"event_name":"Cursed Tome","player_choice":"Obtained Book","floor":29,"damage_taken":0},{"event_name":"Bonfire Elementals","player_choice":"UNCOMMON","floor":36,"damage_taken":0},{"event_name":"Tomb of Lord Red Mask","player_choice":"Ignored","floor":39,"damage_taken":0}],"boss_relics":[{"not_picked":["Tiny House","Lizard Tail"],"picked":"Philosopher\u0027s Stone"},{"not_picked":["Question Card","White Beast Statue"],"picked":"Snecko Eye"}],"potions_floor_spawned":[2,6,8,13,18,25,35,41,44],"seed_played":"6625343076567645761","ascension_level":5,"is_trial":false}