{"gold_per_floor":[117,117,117,135,155,155,11,39,39,39,39,39,52,72,72,172,172,182,182,97,46,46,46,46],"floor_reached":24,"playtime":905,"items_purged":[],"score":290,"play_id":"94f834a2-b5f9-4c45-aa2d-b0a0df9d72be","local_time":"20190222225848","is_ascension_mode":true,"campfire_choices":[{"data":"Beam Cell","floor":6,"key":"SMITH"},{"data":"Hologram","floor":10,"key":"SMITH"},{"floor":12,"key":"REST"},{"data":"Stack","floor":15,"key":"SMITH"},{"data":"Buffer","floor":23,"key":"SMITH"}],"neow_cost":"NONE","seed_source_timestamp":2885248774287626,"circlet_count":0,"master_deck":["Defend_B","Defend_B","Defend_B","Defend_B","Zap","Dualcast","Beam Cell+1","Hologram+1","Rip and Tear","Sweeping Beam","Self Repair","Stack+1","Buffer+1","Streamline","Ball Lightning","Ghostly","Ghostly","Ghostly","Ghostly","Ghostly","Conserve Battery","Bite","Bite","Bite","Bite","Bite"],"relics":["Sozu","Oddly Smooth Stone","Bottled Lightning","Meat on the Bone","Ornamental Fan","Orrery","Matryoshka"],"potions_floor_usage":[],"damage_taken":[{"damage":5,"enemies":"Small Slimes","floor":1,"turns":4},{"damage":6,"enemies":"2 Louse","floor":4,"turns":2},{"damage":0,"enemies":"Jaw Worm","floor":5,"turns":3},{"damage":52,"enemies":"3 Sentries","floor":8,"turns":12},{"damage":12,"enemies":"Lots of Slimes","floor":13,"turns":3},{"damage":3,"enemies":"Blue Slaver","floor":14,"turns":2},{"damage":24,"enemies":"Slime Boss","floor":16,"turns":9},{"damage":11,"enemies":"3 Byrds","floor":18,"turns":5},{"damage":37,"enemies":"Book of Stabbing","floor":24,"turns":8}],"seed_played":"-8629171798826560212","potions_obtained":[],"is_trial":false,"path_per_floor":["M","?","?","M","M","R","$","E","T","R","?","R","M","M","R","B",null,"M","?","?","$","?","R","E"],"character_chosen":"DEFECT","items_purchased":["Oddly Smooth Stone","Conserve Battery"],"campfire_rested":1,"item_purchase_floors":[7,21],"current_hp_per_floor":[70,75,75,69,69,69,69,17,17,17,10,34,34,50,50,45,71,60,40,40,40,28,28,0],"gold":46,"neow_bonus":"BOSS_RELIC","is_prod":false,"is_daily":false,"chose_seed":false,"campfire_upgraded":4,"win_rate":0,"timestamp":1550897928,"path_taken":["M","?","?","M","M","R","$","E","T","R","?","R","M","M","R","BOSS","M","?","?","$","?","R","E"],"build_version":"2019-01-23","purchased_purges":0,"victory":false,"max_hp_per_floor":[75,80,80,80,80,80,80,80,80,80,80,80,80,80,80,80,80,80,40,40,40,28,28,28],"card_choices":[{"not_picked":["Gash","Rebound"],"picked":"Beam Cell","floor":1},{"not_picked":["Redo","Compile Driver"],"picked":"Hologram","floor":4},{"not_picked":["Leap","Redo"],"picked":"Rip and Tear","floor":5},{"not_picked":["Redo","Thunder Strike"],"picked":"Sweeping Beam","floor":8},{"not_picked":["Fusion","Cold Snap"],"picked":"Self Repair","floor":13},{"not_picked":["Steam","Gash"],"picked":"Stack","floor":14},{"not_picked":["Multi-Cast","Biased Cognition"],"picked":"Buffer","floor":16},{"not_picked":["Fusion","Go for the Eyes"],"picked":"Streamline","floor":17},{"not_picked":["Glacier","Static Discharge"],"picked":"Ball Lightning","floor":17},{"not_picked":["Force Field","Consume","Darkness+1"],"picked":"SKIP","floor":18}],"player_experience":580310,"relics_obtained":[{"floor":8,"key":"Bottled Lightning"},{"floor":9,"key":"Meat on the Bone"}],"event_choices":[{"damage_healed":0,"gold_gain":0,"player_choice":"Donut","damage_taken":0,"max_hp_gain":5,"max_hp_loss":0,"event_name":"Big Fish","floor":2,"gold_loss":0},{"damage_healed":0,"gold_gain":0,"player_choice":"Ignored","damage_taken":0,"max_hp_gain":0,"max_hp_loss":0,"event_name":"Golden Wing","floor":3,"gold_loss":0},{"damage_healed":0,"gold_gain":0,"player_choice":"Success","damage_taken":7,"relics_obtained":["Ornamental Fan"],"max_hp_gain":0,"max_hp_loss":0,"event_name":"Scrap Ooze","floor":11,"gold_loss":0},{"damage_healed":0,"gold_gain":0,"player_choice":"Became a Ghost","damage_taken":0,"max_hp_gain":0,"max_hp_loss":40,"event_name":"Ghosts","floor":19,"gold_loss":0,"cards_obtained":["Ghostly","Ghostly","Ghostly","Ghostly","Ghostly"]},{"damage_healed":0,"gold_gain":0,"player_choice":"Obtained Relic","damage_taken":0,"relics_obtained":["Matryoshka"],"max_hp_gain":0,"max_hp_loss":0,"event_name":"Addict","floor":20,"gold_loss":85},{"damage_healed":0,"gold_gain":0,"player_choice":"Became a vampire","damage_taken":0,"max_hp_gain":0,"max_hp_loss":12,"event_name":"Vampires","floor":22,"gold_loss":0,"cards_obtained":["Bite","Bite","Bite","Bite","Bite"]}],"is_beta":false,"boss_relics":[{"not_picked":["Tiny House","Runic Dome"],"picked":"Orrery"}],"items_purged_floors":[],"is_endless":false,"potions_floor_spawned":[4,13,18],"killed_by":"Book of Stabbing","ascension_level":5}