{"gold_per_floor":[118,128,128,403,170,170,185,200,200,225,241,241,264,298,298,298],"floor_reached":16,"playtime":1086,"items_purged":["Regret"],"score":203,"play_id":"6d4bcfa6-c405-4989-9fb1-c9a82c98bce2","local_time":"20190302162017","is_ascension_mode":true,"campfire_choices":[{"data":"Infernal Blade","floor":6.0,"key":"SMITH"},{"data":"Exhume","floor":12.0,"key":"SMITH"},{"data":"Perfected Strike","floor":15.0,"key":"PURGE"}],"neow_cost":"NONE","seed_source_timestamp":0,"circlet_count":0,"master_deck":["AscendersBane","Bash","Infernal Blade+1","Sentinel","Second Wind","Reckless Charge","True Grit","Combust","Immolate","Exhume+1","Cleave"],"special_seed":0,"relics":["Pandora\u0027s Box","Golden Idol","Anchor","Mango","Peace Pipe"],"potions_floor_usage":[16],"damage_taken":[{"damage":6.0,"enemies":"Jaw Worm","floor":1.0,"turns":2.0},{"damage":3.0,"enemies":"Cultist","floor":2.0,"turns":2.0},{"damage":0.0,"enemies":"2 Louse","floor":7.0,"turns":2.0},{"damage":0.0,"enemies":"2 Fungi Beasts","floor":8.0,"turns":2.0},{"damage":0.0,"enemies":"Gremlin Gang","floor":10.0,"turns":1.0},{"damage":4.0,"enemies":"Exordium Wildlife","floor":11.0,"turns":3.0},{"damage":0.0,"enemies":"2 Fungi Beasts","floor":13.0,"turns":1.0},{"damage":18.0,"enemies":"Lagavulin","floor":14.0,"turns":4.0},{"damage":26,"enemies":"The Guardian","floor":16,"turns":4}],"seed_played":"7363047715900048304","potions_obtained":[{"floor":1.0,"key":"Explosive Potion"},{"floor":7.0,"key":"SpeedPotion"},{"floor":13.0,"key":"FearPotion"},{"floor":14.0,"key":"GamblersBrew"}],"is_trial":false,"path_per_floor":["M","M","?","?","$","R","M","M","T","M","M","R","M","E","R","B"],"character_chosen":"IRONCLAD","items_purchased":["Anchor"],"campfire_rested":0,"item_purchase_floors":[5],"current_hp_per_floor":[62,59,33,33,33,33,33,33,47,47,43,43,43,25,25,0],"gold":298,"neow_bonus":"BOSS_RELIC","is_prod":false,"is_daily":false,"chose_seed":false,"campfire_upgraded":2,"win_rate":0,"timestamp":1551511217,"path_taken":["M","M","?","?","$","R","M","M","T","M","?","R","M","E","R","BOSS"],"build_version":"2019-01-23","purchased_purges":1,"victory":false,"max_hp_per_floor":[75,75,75,75,75,75,75,75,89,89,89,89,89,89,89,89],"card_choices":[{"not_picked":["Evolve","Clothesline"],"picked":"Cleave","floor":1.0},{"not_picked":["Disarm","Sever Soul","Twin Strike"],"picked":"SKIP","floor":2.0},{"not_picked":["Perfected Strike","Body Slam","Twin Strike"],"picked":"SKIP","floor":7.0},{"not_picked":["Havoc","Dropkick","Perfected Strike"],"picked":"SKIP","floor":8.0},{"not_picked":["Fire Breathing","Sword Boomerang","Disarm"],"picked":"SKIP","floor":10.0},{"not_picked":["Dropkick","Armaments","Heavy Blade"],"picked":"SKIP","floor":11.0},{"not_picked":["Headbutt","Pummel","Evolve"],"picked":"SKIP","floor":13.0},{"not_picked":["Sentinel","Immolate","Perfected Strike"],"picked":"SKIP","floor":14.0}],"player_experience":988573,"relics_obtained":[{"floor":9.0,"key":"Mango"},{"floor":14.0,"key":"Peace Pipe"}],"event_choices":[{"damage_healed":0.0,"max_hp_gain":0.0,"max_hp_loss":0.0,"gold_gain":0.0,"event_name":"Golden Idol","player_choice":"Take Damage","floor":3.0,"gold_loss":0.0,"damage_taken":26.0,"relics_obtained":["Golden Idol"]},{"damage_healed":0.0,"max_hp_gain":0.0,"max_hp_loss":0.0,"gold_gain":275.0,"event_name":"Golden Shrine","player_choice":"Desecrate","floor":4.0,"gold_loss":0.0,"damage_taken":0.0,"cards_obtained":["Regret"]}],"is_beta":false,"boss_relics":[],"items_purged_floors":[5],"is_endless":false,"potions_floor_spawned":[1,7,13,14],"killed_by":"The Guardian","ascension_level":19}