{"path_per_floor":["M","M","M","M","?","E","R","E","T","E","?","$","R","M","R","B",null,"M","$","M","M","?","E","R"],"character_chosen":"IRONCLAD","items_purchased":["Kunai","Havoc","Anchor"],"gold_per_floor":[119,133,143,161,161,225,225,260,285,310,310,37,37,54,54,159,159,177,21,31,41,41,68,68],"floor_reached":25,"campfire_rested":1,"playtime":3315,"current_hp_per_floor":[68,66,66,58,63,51,51,36,36,24,24,24,24,30,30,33,70,61,61,59,39,39,17,41],"items_purged":[],"gold":68,"play_id":"77ae58ad-549e-4008-bd58-357e5cce2738","is_prod":false,"is_daily":false,"is_ascension_mode":true,"campfire_upgraded":3,"path_taken":["M","M","M","M","?","E","R","E","T","E","?","$","R","M","R","BOSS","M","$","M","M","?","E","R","E"],"build_version":"2018-02-01-PROD3","purchased_purges":0,"victory":false,"master_deck":["Strike_R","Strike_R","Strike_R","Strike_R+1","Defend_R","Defend_R","Defend_R","Defend_R","Bash+1","Wild Strike+1","Headbutt","Iron Wave","True Grit+1","Shockwave","Havoc+1","Anger","Brutality","Dual Wield","Rage+1","Headbutt+1"],"max_hp_per_floor":[77,77,77,77,82,82,82,82,82,82,82,82,82,82,82,82,82,82,82,82,82,82,82,82],"relics":["Burning Blood","Tiny Chest","Shuriken","Whetstone","Ornamental Fan","Kunai","Velvet Choker","Anchor","Blood Vial"],"card_choices":[{"not_picked":["Headbutt","Hemokinesis"],"picked":"Wild Strike"},{"not_picked":["Thunderclap","Clash"],"picked":"Headbutt"},{"not_picked":["Heavy Blade","Carnage"],"picked":"Iron Wave"},{"not_picked":["Wild Strike","Twin Strike"],"picked":"True Grit"},{"not_picked":["Warcry","Power Through"],"picked":"Shockwave"},{"not_picked":["Feel No Pain","Clothesline"],"picked":"Anger"},{"not_picked":["Bludgeon","Immolate"],"picked":"Brutality"},{"not_picked":["Shockwave","Fire Breathing"],"picked":"Dual Wield"},{"not_picked":["Thunderclap","Heavy Blade"],"picked":"Rage"},{"not_picked":["Cleave","Havoc"],"picked":"Headbutt"}],"player_experience":597670,"potions_floor_usage":[6,8,16,21,23],"damage_taken":[{"damage":10,"enemies":"Small Slimes","floor":1,"turns":4},{"damage":8,"enemies":"Jaw Worm","floor":2,"turns":5},{"damage":6,"enemies":"Cultist","floor":3,"turns":3},{"damage":14,"enemies":"3 Louse","floor":4,"turns":5},{"damage":18,"enemies":"Gremlin Nob","floor":6,"turns":4},{"damage":21,"enemies":"3 Sentries","floor":8,"turns":7},{"damage":18,"enemies":"Gremlin Nob","floor":10,"turns":4},{"damage":0,"enemies":"Exordium Wildlife","floor":14,"turns":2},{"damage":3,"enemies":"Hexaghost","floor":16,"turns":8},{"damage":15,"enemies":"2 Thieves","floor":18,"turns":4},{"damage":8,"enemies":"Spheric Guardian","floor":20,"turns":3},{"damage":26,"enemies":"Snecko","floor":21,"turns":7},{"damage":28,"enemies":"Slavers","floor":23,"turns":6},{"damage":45,"enemies":"Gremlin Leader","floor":25,"turns":5}],"event_choices":[{"event_name":"Big Fish","player_choice":"Donut","floor":5,"damage_taken":0},{"event_name":"Living Wall","player_choice":"Forget","floor":11,"damage_taken":0},{"event_name":"Upgrade Shrine","player_choice":"Upgraded","floor":22,"damage_taken":0}],"boss_relics":[{"not_picked":["Snecko Eye","Philosopher\u0027s Stone"],"picked":"Velvet Choker"}],"potions_floor_spawned":[1,3,4,8,10,23],"seed_played":"-5818726120999691904","killed_by":"Gremlin Leader","ascension_level":10,"is_trial":false}