{"path_per_floor":["M","M","M","M","?","R","M","M","T","?","M","R","$","M","R","B",null,"M"],"character_chosen":"THE_SILENT","items_purchased":["Endless Agony","Dagger Throw"],"gold_per_floor":[114,133,146,166,166,166,184,204,204,204,218,218,62,77,77,196,196,221],"floor_reached":19,"campfire_rested":2,"playtime":5218,"current_hp_per_floor":[70,70,63,29,29,50,45,43,43,43,39,60,60,60,60,24,70,25],"items_purged":["Defend_G"],"gold":221,"play_id":"b410a802-b079-482a-9f82-fd0ee953955f","is_prod":false,"is_daily":false,"is_ascension_mode":false,"campfire_upgraded":1,"path_taken":["M","?","M","M","?","R","M","M","T","?","?","R","?","?","R","BOSS","M","?"],"build_version":"2018-02-01-PROD3","purchased_purges":1,"victory":false,"master_deck":["Defend_G","Defend_G","Defend_G","Defend_G","Strike_G","Strike_G","Strike_G","Strike_G","Survivor","Neutralize","Escape Plan","Terror","Acrobatics","Deflect+1","Deflect","Injury","Flying Knee","Dagger Spray","Deflect","Endless Agony+1","Dagger Throw","Acrobatics","Phantasmal Killer","Poisoned Stab+1"],"max_hp_per_floor":[70,70,70,70,70,70,70,70,70,70,70,70,70,70,70,70,70,70],"relics":["Ring of the Snake","Golden Idol","Bird Faced Urn","Black Star"],"card_choices":[{"not_picked":["Poisoned Stab","Well Laid Plans"],"picked":"Terror"},{"not_picked":["Sucker Punch","A Thousand Cuts"],"picked":"Acrobatics"},{"not_picked":["Bouncing Flask","Dagger Throw"],"picked":"Deflect"},{"not_picked":["Prepared","Backstab"],"picked":"Deflect"},{"not_picked":["Sucker Punch","Dagger Throw"],"picked":"Flying Knee"},{"not_picked":["Predator","Wraith Form"],"picked":"Dagger Spray"},{"not_picked":["Prepared","Skewer"],"picked":"Deflect"},{"not_picked":["Malaise","Heel Hook"],"picked":"Acrobatics"},{"not_picked":["A Thousand Cuts","Venomology"],"picked":"Phantasmal Killer"},{"not_picked":["Acrobatics","Outmaneuver"],"picked":"Poisoned Stab"}],"player_experience":5232,"potions_floor_usage":[16,16],"damage_taken":[{"damage":0,"enemies":"Blue Slaver","floor":1,"turns":6},{"damage":0,"enemies":"Cultist","floor":2,"turns":3},{"damage":7,"enemies":"Small Slimes","floor":3,"turns":8},{"damage":34,"enemies":"Gremlin Gang","floor":4,"turns":11},{"damage":5,"enemies":"Large Slime","floor":7,"turns":12},{"damage":2,"enemies":"Looter","floor":8,"turns":4},{"damage":4,"enemies":"Gremlin Gang","floor":11,"turns":4},{"damage":0,"enemies":"Exordium Thugs","floor":14,"turns":3},{"damage":36,"enemies":"Slime Boss","floor":16,"turns":11},{"damage":45,"enemies":"Chosen","floor":18,"turns":7},{"damage":32,"enemies":"Spheric Guardian","floor":19,"turns":5}],"event_choices":[{"event_name":"Golden Idol","player_choice":"Take Wound","floor":5,"damage_taken":0},{"event_name":"Upgrade Shrine","player_choice":"Upgraded","floor":10,"damage_taken":0}],"boss_relics":[{"not_picked":["Ectoplasm","Runic Dome"],"picked":"Black Star"}],"potions_floor_spawned":[3,4,11,14,18],"seed_played":"6230882361462951888","killed_by":"Spheric Guardian","ascension_level":0,"is_trial":false}