{"gold_per_floor":[109,120,195,195,210,210,242,242,242,257,257,274,274,291,291,387,387,404,404,420,420,439,439,454,454,500,500,512,529,529,545,545,644,644,654,665,665,59,59,59,79,79,79,99,118,135,4,18,18,18],"floor_reached":50,"playtime":3942,"items_purged":["Strike_B"],"score":590,"play_id":"e32ce768-4278-488a-ab2b-d863377b4042","local_time":"20181109002813","is_ascension_mode":true,"campfire_choices":[{"data":"Zap","floor":6,"key":"SMITH"},{"floor":13,"key":"REST"},{"floor":15,"key":"REST"},{"data":"Hello World","floor":23,"key":"SMITH"},{"floor":25,"key":"REST"},{"data":"Hello World","floor":27,"key":"SMITH"},{"floor":32,"key":"REST"},{"data":"Creative AI","floor":40,"key":"SMITH"},{"floor":42,"key":"REST"},{"floor":49,"key":"REST"}],"neow_cost":"NONE","seed_source_timestamp":446395756123616,"circlet_count":0,"master_deck":["Strike_B","Strike_B+1","Defend_B","Defend_B","Defend_B","Zap+1","Dualcast+1","Finesse","Steam","FTL","Steam","Hello World+1","Turbo","Stack","Coolheaded","Beam Cell","Beam Cell","Reboot","Stack","Sunder","Genetic Algorithm+1","Hello World+1","Force Field+1","Conserve Battery+1","Gash","White Noise+1","Seek","Force Field","Go for the Eyes+1","Gash","Creative AI+1","Stack","Conserve Battery","Hello World+1","Parasite","Gash+1","Self Repair+1","Writhe","Sweeping Beam+1","Loop+1","Turbo+1","Coolheaded","Thunder Strike","Leap+1","Stack+1"],"relics":["Cracked Core","Happy Flower","Dream Catcher","Gremlin Horn","Empty Cage","Blood Vial","Cursed Key","Bottled Flame","Darkstone Periapt"],"potions_floor_usage":[10,28,33,33,33,33,33,46,46,46,50],"damage_taken":[{"damage":0,"enemies":"Jaw Worm","floor":1,"turns":3},{"damage":6,"enemies":"2 Louse","floor":2,"turns":3},{"damage":0,"enemies":"Small Slimes","floor":5,"turns":2},{"damage":15,"enemies":"3 Sentries","floor":7,"turns":9},{"damage":2,"enemies":"Exordium Thugs","floor":10,"turns":4},{"damage":0,"enemies":"3 Louse","floor":12,"turns":3},{"damage":4,"enemies":"Gremlin Gang","floor":14,"turns":4},{"damage":40,"enemies":"Slime Boss","floor":16,"turns":11},{"damage":14,"enemies":"2 Thieves","floor":18,"turns":3},{"damage":30,"enemies":"Colosseum Slavers","floor":19,"turns":3},{"damage":15,"enemies":"Spheric Guardian","floor":20,"turns":5},{"damage":46,"enemies":"Snake Plant","floor":22,"turns":6},{"damage":4,"enemies":"Sentry and Sphere","floor":24,"turns":7},{"damage":7,"enemies":"3 Cultists","floor":28,"turns":5},{"damage":13,"enemies":"Cultist and Chosen","floor":29,"turns":7},{"damage":15,"enemies":"Snake Plant","floor":31,"turns":6},{"damage":39,"enemies":"Automaton","floor":33,"turns":12},{"damage":8,"enemies":"3 Darklings","floor":35,"turns":6},{"damage":16,"enemies":"3 Shapes","floor":36,"turns":7},{"damage":34,"enemies":"Writhing Mass","floor":41,"turns":10},{"damage":35,"enemies":"Transient","floor":44,"turns":5},{"damage":2,"enemies":"Spire Growth","floor":45,"turns":6},{"damage":27,"enemies":"Jaw Worm Horde","floor":46,"turns":6},{"damage":12,"enemies":"Sphere and 2 Shapes","floor":48,"turns":8},{"damage":57,"enemies":"Donu and Deca","floor":50,"turns":6}],"seed_played":"-3401425031562258377","potions_obtained":[{"floor":1,"key":"SkillPotion"},{"floor":7,"key":"Energy Potion"},{"floor":11,"key":"LiquidBronze"},{"floor":11,"key":"EntropicBrew"},{"floor":22,"key":"FocusPotion"},{"floor":24,"key":"PowerPotion"},{"floor":28,"key":"Swift Potion"},{"floor":41,"key":"Dexterity Potion"},{"floor":45,"key":"Fire Potion"},{"floor":46,"key":"Explosive Potion"}],"is_trial":false,"path_per_floor":["M","M","?","?","M","R","E","?","T","M","?","M","R","M","R","B",null,"M","?","M","?","M","R","M","R","T","R","M","M","?","M","R","B",null,"M","M","?","$","?","R","M","R","T","M","M","M","$","M","R","B"],"character_chosen":"DEFECT","items_purchased":["Gash","Creative AI","Stack","Bottled Flame","Conserve Battery","Coolheaded","Thunder Strike"],"campfire_rested":6,"item_purchase_floors":[38,38,38,38,38,47,47],"current_hp_per_floor":[75,69,58,43,43,43,28,16,16,14,14,14,36,32,54,14,75,61,31,16,75,29,29,25,47,47,47,42,31,31,18,40,18,75,67,53,53,53,53,53,21,43,49,26,26,11,11,11,35,0],"gold":18,"neow_bonus":"RANDOM_COLORLESS","is_prod":false,"is_daily":false,"chose_seed":false,"campfire_upgraded":4,"win_rate":0,"timestamp":1541741293,"path_taken":["M","M","?","?","M","R","E","?","T","?","?","?","R","M","R","BOSS","M","?","M","?","M","R","M","R","T","R","?","M","?","M","R","BOSS","M","M","?","$","?","R","M","R","T","M","M","?","$","?","R","BOSS"],"build_version":"2018-11-08","purchased_purges":1,"victory":false,"max_hp_per_floor":[75,75,75,75,75,75,75,75,75,75,75,75,75,75,75,75,75,75,75,75,75,75,75,75,75,75,75,75,75,75,75,75,75,75,75,75,75,75,75,75,75,75,81,81,81,81,81,81,81,81],"card_choices":[{"not_picked":["Hologram","Leap"],"picked":"Steam","floor":1},{"not_picked":["Cold Snap","Melter"],"picked":"FTL","floor":2},{"not_picked":["Recycle","Barrage"],"picked":"Steam","floor":5},{"not_picked":["Stack","Recycle"],"picked":"Hello World","floor":7},{"not_picked":["Barrage","Coolheaded"],"picked":"Turbo","floor":10},{"not_picked":["Auto Shields","Static Discharge"],"picked":"Stack","floor":12},{"not_picked":["Biased Cognition","Leap"],"picked":"Coolheaded","floor":13},{"not_picked":["Rebound","Sweeping Beam"],"picked":"Beam Cell","floor":14},{"not_picked":["Conserve Battery","Rip and Tear"],"picked":"Beam Cell","floor":15},{"not_picked":["Meteor Strike","Biased Cognition"],"picked":"Reboot","floor":16},{"not_picked":["Auto Shields","Ball Lightning"],"picked":"Stack","floor":18},{"not_picked":["BootSequence","Scrape"],"picked":"Sunder","floor":20},{"not_picked":["Compile Driver+1","Leap+1"],"picked":"Genetic Algorithm+1","floor":22},{"not_picked":["Coolheaded","Hologram"],"picked":"Hello World","floor":24},{"not_picked":["Double Energy","Blizzard"],"picked":"Force Field","floor":25},{"not_picked":["Storm+1","Coolheaded"],"picked":"Conserve Battery+1","floor":28},{"not_picked":["Stack+1","Streamline"],"picked":"Gash","floor":29},{"not_picked":["Barrage+1","Tempest","Fission"],"picked":"SKIP","floor":31},{"not_picked":["Redo","Leap+1"],"picked":"White Noise+1","floor":32},{"not_picked":["Core Surge","Amplify"],"picked":"Seek","floor":33},{"not_picked":["Steam+1","Skim+1"],"picked":"Force Field","floor":35},{"not_picked":["Ball Lightning","Stack"],"picked":"Go for the Eyes+1","floor":36},{"not_picked":["Barrage","Meteor Strike"],"picked":"Gash+1","floor":41},{"not_picked":["Turbo+1","Steam+1"],"picked":"Self Repair+1","floor":42},{"not_picked":["Hologram+1","Cold Snap"],"picked":"Sweeping Beam+1","floor":44},{"not_picked":["Skim+1","Leap"],"picked":"Loop+1","floor":45},{"not_picked":["Barrage","Sunder"],"picked":"Turbo+1","floor":46},{"not_picked":["Hologram","Hello World+1"],"picked":"Leap+1","floor":48},{"not_picked":["Rebound+1","Conserve Battery+1"],"picked":"Stack+1","floor":49}],"player_experience":770680,"relics_obtained":[{"floor":7,"key":"Happy Flower"},{"floor":9,"key":"Gremlin Horn"},{"floor":26,"key":"Blood Vial"},{"floor":43,"key":"Darkstone Periapt"}],"event_choices":[{"damage_healed":0,"gold_gain":75,"player_choice":"Gather Gold","damage_taken":11,"max_hp_gain":0,"max_hp_loss":0,"event_name":"World of Goop","floor":3,"gold_loss":0},{"damage_healed":0,"gold_gain":0,"player_choice":"Entered Light","damage_taken":15,"max_hp_gain":0,"max_hp_loss":0,"event_name":"Shining Light","floor":4,"gold_loss":0,"cards_upgraded":["Strike_B","Dualcast"]},{"damage_healed":0,"gold_gain":0,"player_choice":"Success","damage_taken":12,"relics_obtained":["Dream Catcher"],"max_hp_gain":0,"max_hp_loss":0,"event_name":"Scrap Ooze","floor":8,"gold_loss":0},{"damage_healed":0,"gold_gain":0,"player_choice":"Got Potions","damage_taken":0,"max_hp_gain":0,"max_hp_loss":0,"event_name":"Lab","floor":11,"gold_loss":0},{"damage_healed":0,"gold_gain":0,"player_choice":"Fight","damage_taken":0,"max_hp_gain":0,"max_hp_loss":0,"event_name":"Colosseum","floor":19,"gold_loss":0},{"damage_healed":0,"gold_gain":0,"player_choice":"Fled From Nobs","damage_taken":0,"max_hp_gain":0,"max_hp_loss":0,"event_name":"Colosseum","floor":19,"gold_loss":0},{"damage_healed":59,"gold_gain":0,"player_choice":"Full Heal","damage_taken":0,"max_hp_gain":0,"max_hp_loss":0,"event_name":"Wheel of Change","floor":21,"gold_loss":0},{"damage_healed":0,"gold_gain":0,"player_choice":"Upgraded","damage_taken":0,"max_hp_gain":0,"max_hp_loss":0,"event_name":"Upgrade Shrine","floor":30,"gold_loss":0,"cards_upgraded":["Force Field"]},{"damage_healed":0,"gold_gain":0,"player_choice":"Ignored","damage_taken":0,"max_hp_gain":0,"max_hp_loss":0,"event_name":"Tomb of Lord Red Mask","floor":37,"gold_loss":0},{"damage_healed":0,"gold_gain":0,"player_choice":"Copied","damage_taken":0,"max_hp_gain":0,"max_hp_loss":0,"event_name":"Duplicator","floor":39,"gold_loss":0,"cards_obtained":["Hello World"]}],"is_beta":false,"boss_relics":[{"not_picked":["Tiny House","Coffee Dripper"],"picked":"Empty Cage"},{"not_picked":["Snecko Eye","Lizard Tail"],"picked":"Cursed Key"}],"items_purged_floors":[38],"is_endless":false,"potions_floor_spawned":[1,7,14,16,19,22,24,28,41,45,46],"killed_by":"Donu and Deca","ascension_level":4}