{"path_per_floor":["M","$","M","?","M","R","M","M","T","R","?","R","?","?","R","B",null,"M","$","?","M","?","R","M","M","T","$"],"character_chosen":"IRONCLAD","items_purchased":["Limit Break","Flex","Rupture","Heavy Blade"],"gold_per_floor":[118,42,52,2,15,15,32,47,47,47,47,47,77,77,77,178,178,194,104,104,118,118,118,129,143,143,43],"floor_reached":28,"campfire_rested":2,"playtime":1199,"current_hp_per_floor":[80,80,80,80,79,79,68,37,37,61,61,61,61,61,61,35,80,53,53,53,45,45,69,40,28,28,28],"items_purged":["Strike_R"],"gold":43,"score":256,"play_id":"4f29e028-7ccf-46dc-9f34-2e631618b767","is_prod":false,"is_daily":false,"is_ascension_mode":true,"campfire_upgraded":3,"path_taken":["M","$","M","?","M","R","M","M","T","R","?","R","?","?","R","BOSS","M","$","?","M","?","R","M","M","T","$","M"],"build_version":"2018-02-15-PROD1","purchased_purges":1,"victory":false,"master_deck":["Strike_R","Strike_R+1","Defend_R","Defend_R","Defend_R","Defend_R","Bash","Iron Wave","Spot Weakness+1","Limit Break+1","Flex+1","Pommel Strike","Flex","Heavy Blade+1","Feed","Whirlwind","Flex","Rupture","Writhe","Sword Boomerang+1","Double Tap","Heavy Blade"],"max_hp_per_floor":[80,80,80,80,80,80,80,80,80,80,80,80,80,80,80,80,80,80,80,80,80,80,80,80,80,80,80],"relics":["Burning Blood","Whetstone","Self Forming Clay","Question Card","Mummified Hand","Frozen Eye"],"card_choices":[{"not_picked":["Uppercut","Thunderclap"],"picked":"Iron Wave"},{"not_picked":["Wild Strike","Armaments"],"picked":"Spot Weakness"},{"not_picked":["Searing Blow","Fire Breathing"],"picked":"Flex"},{"not_picked":["Iron Wave","Dark Embrace"],"picked":"Pommel Strike"},{"not_picked":["Clash","Entrench"],"picked":"Flex"},{"not_picked":["Shrug It Off","Inflame"],"picked":"Heavy Blade"},{"not_picked":["Dark Embrace","Bludgeon"],"picked":"Feed"},{"not_picked":["Body Slam","Infernal Blade","Disarm"],"picked":"Whirlwind"},{"not_picked":["Twin Strike","Armaments","Warcry"],"picked":"Sword Boomerang"},{"not_picked":["Dual Wield","Rupture","Anger"],"picked":"Double Tap"}],"player_experience":182648,"potions_floor_usage":[16,16,24,25],"damage_taken":[{"damage":0,"enemies":"Small Slimes","floor":1,"turns":3},{"damage":2,"enemies":"2 Louse","floor":3,"turns":3},{"damage":7,"enemies":"Jaw Worm","floor":5,"turns":3},{"damage":17,"enemies":"Looter","floor":7,"turns":3},{"damage":37,"enemies":"Exordium Thugs","floor":8,"turns":5},{"damage":47,"enemies":"The Guardian","floor":16,"turns":8},{"damage":33,"enemies":"2 Thieves","floor":18,"turns":5},{"damage":14,"enemies":"Spheric Guardian","floor":21,"turns":4},{"damage":35,"enemies":"Slaver and Parasite","floor":24,"turns":4},{"damage":27,"enemies":"Sentry and Sphere","floor":25,"turns":4},{"damage":30,"enemies":"Snake Plant","floor":28,"turns":3}],"event_choices":[{"event_name":"The Cleric","player_choice":"Card Removal","floor":4,"damage_taken":0},{"event_name":"Liars Game","player_choice":"disagreed","floor":11,"damage_taken":0},{"event_name":"Dead Adventurer","player_choice":"Searched \u00272\u0027 times","floor":13,"damage_taken":0},{"event_name":"Living Wall","player_choice":"Forget","floor":14,"damage_taken":0},{"event_name":"Vampires","player_choice":"Ignored","floor":20,"damage_taken":0},{"event_name":"The Mausoleum","player_choice":"Yes","floor":22,"damage_taken":0}],"boss_relics":[{"not_picked":["Black Blood","Philosopher\u0027s Stone"],"picked":"Question Card"}],"potions_floor_spawned":[3,7,16,24],"seed_played":"8280876415721078766","killed_by":"Snake Plant","ascension_level":2,"is_trial":false}