{"gold_per_floor":[109,37,51,61,86,86,106,124,124,136,16,36,36,53,53,148,148,164,164,10,10,24,24,42,42,42,42,62,62,80,80,80,80],"floor_reached":33,"playtime":1685,"items_purged":["Strike_B"],"score":241,"play_id":"d65df816-dce8-48f3-8fa9-3e8367137b5f","local_time":"20190209235559","is_ascension_mode":false,"campfire_choices":[{"data":"Zap","floor":6,"key":"SMITH"},{"data":"Redo","floor":13,"key":"SMITH"},{"floor":15,"key":"REST"},{"data":"FTL","floor":23,"key":"SMITH"},{"data":"Dualcast","floor":27,"key":"SMITH"},{"data":"Seek","floor":29,"key":"SMITH"},{"data":"Impatience","floor":32,"key":"SMITH"}],"neow_cost":"PERCENT_DAMAGE","seed_source_timestamp":780098531466360,"circlet_count":0,"master_deck":["Strike_B","Strike_B","Strike_B","Defend_B","Defend_B","Defend_B","Defend_B","Zap+1","Dualcast+1","All For One","Leap","Beam Cell","Stack","Stack","Turbo","Steam","Redo+1","Steam","Beam Cell","Creative AI+1","Seek+1","Clumsy","Parasite","Writhe","Gash+1","FTL+1","Impatience+1","Self Repair+1","Beam Cell"],"relics":["Cracked Core","Juzu Bracelet","Frozen Egg 2","Calling Bell","Bag of Preparation","Dodecahedron","Thread and Needle","Vajra","StoneCalendar"],"potions_floor_usage":[33,33,33],"damage_taken":[{"damage":0,"enemies":"Cultist","floor":1,"turns":3},{"damage":0,"enemies":"2 Louse","floor":3,"turns":2},{"damage":5,"enemies":"Small Slimes","floor":4,"turns":2},{"damage":12,"enemies":"Exordium Thugs","floor":7,"turns":5},{"damage":3,"enemies":"3 Louse","floor":8,"turns":4},{"damage":0,"enemies":"Looter","floor":10,"turns":2},{"damage":15,"enemies":"Exordium Thugs","floor":12,"turns":2},{"damage":11,"enemies":"Blue Slaver","floor":14,"turns":3},{"damage":25,"enemies":"The Guardian","floor":16,"turns":13},{"damage":27,"enemies":"Chosen","floor":18,"turns":7},{"damage":0,"enemies":"Spheric Guardian","floor":22,"turns":4},{"damage":7,"enemies":"3 Cultists","floor":24,"turns":5},{"damage":17,"enemies":"Sentry and Sphere","floor":28,"turns":7},{"damage":0,"enemies":"Chosen and Byrds","floor":30,"turns":6},{"damage":91,"enemies":"Champ","floor":33,"turns":15}],"seed_played":"7725163118192619387","potions_obtained":[{"floor":1,"key":"Regen Potion"},{"floor":7,"key":"Swift Potion"},{"floor":10,"key":"AttackPotion"},{"floor":22,"key":"Regen Potion"}],"is_trial":false,"path_per_floor":["M","$","M","M","T","R","M","M","T","M","$","M","R","M","R","B",null,"M","?","$","?","M","R","M","?","T","R","M","R","M","?","R","B"],"character_chosen":"DEFECT","items_purchased":["Beam Cell","Stack","Beam Cell","Impatience","Self Repair+1"],"campfire_rested":1,"item_purchase_floors":[2,2,11,20,20],"current_hp_per_floor":[54,54,54,49,49,49,37,34,34,34,34,19,19,8,30,5,75,48,48,48,48,48,48,51,51,51,51,44,44,54,54,54,0],"gold":80,"neow_bonus":"THREE_RARE_CARDS","is_prod":false,"is_daily":false,"chose_seed":false,"campfire_upgraded":6,"win_rate":0,"timestamp":1549774559,"path_taken":["M","$","M","M","?","R","M","M","T","M","$","M","R","M","R","BOSS","M","?","$","?","M","R","M","?","T","R","M","R","M","?","R","BOSS"],"build_version":"2019-01-23","purchased_purges":1,"victory":false,"max_hp_per_floor":[75,75,75,75,75,75,75,75,75,75,75,75,75,75,75,75,75,75,75,75,75,75,75,75,75,75,75,75,75,75,75,75,75],"card_choices":[{"not_picked":["Hyperbeam","Reboot"],"picked":"All For One","floor":0},{"not_picked":["Blizzard","Skim"],"picked":"Leap","floor":1},{"not_picked":["Compile Driver","Auto Shields"],"picked":"Stack","floor":3},{"not_picked":["Blizzard","Fusion"],"picked":"Turbo","floor":4},{"not_picked":["Compile Driver","Beam Cell"],"picked":"Steam","floor":7},{"not_picked":["Blizzard","Stack"],"picked":"Redo","floor":8},{"not_picked":["Leap","Rebound"],"picked":"Steam","floor":10},{"not_picked":["Leap","Sweeping Beam"],"picked":"Creative AI+1","floor":12},{"not_picked":["Coolheaded","White Noise","Heatsinks+1"],"picked":"SKIP","floor":14},{"not_picked":["Multi-Cast","Biased Cognition+1"],"picked":"Seek","floor":16},{"not_picked":["Ball Lightning","Steam Power"],"picked":"Gash+1","floor":18},{"not_picked":["Machine Learning+1","Skim","Barrage"],"picked":"SKIP","floor":22},{"not_picked":["Tempest+1","Chaos","Hello World+1"],"picked":"SKIP","floor":24},{"not_picked":["Genetic Algorithm","Turbo"],"picked":"Beam Cell","floor":28},{"not_picked":["Skim","Aggregate","Auto Shields"],"picked":"SKIP","floor":30}],"player_experience":1015677,"relics_obtained":[{"floor":5,"key":"Juzu Bracelet"},{"floor":9,"key":"Frozen Egg 2"},{"floor":17,"key":"Bag of Preparation"},{"floor":17,"key":"Dodecahedron"},{"floor":17,"key":"Thread and Needle"},{"floor":26,"key":"StoneCalendar"}],"event_choices":[{"damage_healed":0,"gold_gain":0,"player_choice":"Read","damage_taken":0,"max_hp_gain":0,"max_hp_loss":0,"event_name":"The Library","floor":19,"gold_loss":0,"cards_obtained":["FTL"]},{"damage_healed":0,"gold_gain":0,"player_choice":"Gave Potion","damage_taken":0,"relics_obtained":["Vajra"],"max_hp_gain":0,"max_hp_loss":0,"event_name":"WeMeetAgain","floor":21,"gold_loss":0},{"damage_healed":0,"gold_gain":0,"player_choice":"Ignored","damage_taken":0,"max_hp_gain":0,"max_hp_loss":0,"event_name":"Ghosts","floor":25,"gold_loss":0},{"damage_healed":0,"gold_gain":0,"player_choice":"Ignored","damage_taken":0,"max_hp_gain":0,"max_hp_loss":0,"event_name":"Vampires","floor":31,"gold_loss":0}],"is_beta":false,"boss_relics":[{"not_picked":["Snecko Eye","Ectoplasm"],"picked":"Calling Bell"}],"items_purged_floors":[11],"is_endless":false,"potions_floor_spawned":[1,7,10,12,22,24],"killed_by":"Champ","ascension_level":0}