{"path_per_floor":["M","M","?","?","?","R","M","R","T","T","R","E","R","M","R","B",null,"M","M","?","$"],"character_chosen":"THE_SILENT","items_purchased":["Oddly Smooth Stone"],"gold_per_floor":[19,38,38,38,38,38,51,51,51,127,127,160,160,181,181,277,277,292,305,339,109,109],"floor_reached":22,"campfire_rested":1,"playtime":863,"item_purchase_floors":[21],"current_hp_per_floor":[63,61,61,44,30,30,28,28,28,28,28,23,23,19,40,12,56,46,45,2,2,0],"items_purged":["Regret"],"gold":109,"score":300,"play_id":"42b1a005-bafb-469f-93a1-d47253d227a6","local_time":"20180607003235","is_prod":false,"is_daily":false,"chose_seed":false,"is_ascension_mode":true,"campfire_upgraded":4,"win_rate":0,"timestamp":1528299155,"campfire_choices":[{"data":"After Image","floor":6,"key":"SMITH"},{"data":"Dagger Spray","floor":8,"key":"SMITH"},{"data":"Dagger Spray","floor":11,"key":"SMITH"},{"data":"Survivor","floor":13,"key":"SMITH"},{"floor":15,"key":"REST"}],"path_taken":["M","M","?","?","?","R","M","R","T","?","R","E","R","M","R","BOSS","M","M","?","?","M"],"build_version":"2018-05-31","seed_source_timestamp":5511717888361,"purchased_purges":1,"victory":false,"master_deck":["Defend_G","Defend_G","Defend_G","Defend_G","Defend_G","Strike_G","Strike_G","Strike_G","Strike_G+1","Strike_G","Survivor+1","Neutralize+1","AscendersBane","After Image+1","Dagger Spray+1","Dagger Spray+1","After Image","Prepared+1","Terror+1"],"max_hp_per_floor":[70,70,70,70,70,70,70,70,70,70,70,70,70,70,70,70,70,70,70,70,70,70],"relics":["Ring of the Snake","The Specimen","Golden Idol","Blue Candle","Ninja Scroll","Dream Catcher","Sozu","Red Mask","Oddly Smooth Stone"],"card_choices":[{"not_picked":["Die Die Die","Glass Knife"],"picked":"After Image","floor":0},{"not_picked":["Riddle With Holes","Underhanded Strike"],"picked":"Dagger Spray","floor":1},{"not_picked":["Catalyst","Well Laid Plans"],"picked":"Dagger Spray","floor":2},{"not_picked":["Acrobatics","Sucker Punch","Deadly Poison"],"picked":"SKIP","floor":7},{"not_picked":["Finisher","Riddle With Holes","Acrobatics"],"picked":"SKIP","floor":12},{"not_picked":["Quick Slash","Dash","Sucker Punch"],"picked":"SKIP","floor":14},{"not_picked":["Burst","Wraith Form v2"],"picked":"After Image","floor":16},{"not_picked":["Flying Knee","Deadly Poison","Outmaneuver"],"picked":"SKIP","floor":18},{"not_picked":["Deadly Poison","Bane"],"picked":"Prepared+1","floor":19},{"not_picked":["Sucker Punch","Quick Slash"],"picked":"Terror+1","floor":20}],"player_experience":788745,"potions_floor_usage":[12,16],"damage_taken":[{"damage":0,"enemies":"2 Louse","floor":1,"turns":2},{"damage":2,"enemies":"Jaw Worm","floor":2,"turns":6},{"damage":2,"enemies":"Small Slimes","floor":7,"turns":3},{"damage":5,"enemies":"3 Sentries","floor":12,"turns":4},{"damage":4,"enemies":"Blue Slaver","floor":14,"turns":3},{"damage":28,"enemies":"Slime Boss","floor":16,"turns":14},{"damage":10,"enemies":"Spheric Guardian","floor":18,"turns":5},{"damage":1,"enemies":"3 Byrds","floor":19,"turns":4},{"damage":43,"enemies":"Masked Bandits","floor":20,"turns":6},{"damage":10,"enemies":"3 Cultists","floor":22,"turns":3}],"relics_obtained":[{"floor":9,"key":"Blue Candle"},{"floor":10,"key":"Ninja Scroll"},{"floor":12,"key":"Dream Catcher"},{"floor":20,"key":"Red Mask"}],"event_choices":[{"event_name":"Big Fish","player_choice":"Box","floor":3,"damage_taken":0},{"event_name":"Golden Idol","player_choice":"Take Damage","floor":4,"damage_taken":0},{"event_name":"Shining Light","player_choice":"Entered Light","floor":5,"damage_taken":0},{"event_name":"Masked Bandits","player_choice":"Fought over 305 gold","floor":20,"damage_taken":0}],"boss_relics":[{"not_picked":["Lizard Tail","White Beast Statue"],"picked":"Sozu"}],"items_purged_floors":[21],"potions_floor_spawned":[1,14,20],"seed_played":"-475966027489883103","killed_by":"3 Cultists","ascension_level":13,"potions_obtained":[{"floor":1,"key":"PowerPotion"},{"floor":14,"key":"Dexterity Potion"}],"is_trial":false}