{"gold_per_floor":[114,124,142,154,172,172,205,205,205,224,238,238,265,230,230,302,302,222,272,272,197,209,243,243,243,243,263,263,278,291,302,302,379,379,390,408,408,419,432,432,452,452,452,452,452,237,237,0,0,0],"floor_reached":50,"playtime":3009,"items_purged":["Parasite","Doubt","Writhe"],"score":926,"play_id":"69ff6090-43e0-42c5-a439-bca2492b7d05","local_time":"20190303061956","is_ascension_mode":true,"campfire_choices":[{"data":"Caltrops","floor":6.0,"key":"SMITH"},{"floor":12.0,"key":"REST"},{"floor":15.0,"key":"REST"},{"floor":24.0,"key":"REST"},{"floor":28.0,"key":"DIG"},{"floor":32.0,"key":"REST"},{"floor":40.0,"key":"REST"},{"floor":42.0,"key":"REST"},{"floor":44.0,"key":"REST"},{"data":"Crippling Poison","floor":49.0,"key":"SMITH"}],"neow_cost":"NONE","seed_source_timestamp":0,"circlet_count":0,"master_deck":["AscendersBane","Defend_G+1","Defend_G+1","Defend_G+1","Defend_G+1","Strike_G+1","Strike_G+1","Strike_G+1","Strike_G+1","Strike_G+1","Survivor","Neutralize","Bouncing Flask","Caltrops+1","Backstab","After Image","Deadly Poison","Terror","Footwork","After Image","Dodge and Roll","Envenom","Crippling Poison+1","Caltrops","Dash","Venomology","Backflip+1","Clumsy"],"special_seed":0,"relics":["Ring of the Serpent","Shovel","Pen Nib","Anchor","Cursed Key","Darkstone Periapt","The Courier","Singing Bowl","Du-Vu Doll","Vajra","Centennial Puzzle"],"potions_floor_usage":[50,50],"damage_taken":[{"damage":5.0,"enemies":"2 Louse","floor":1.0,"turns":3.0},{"damage":1.0,"enemies":"Small Slimes","floor":2.0,"turns":3.0},{"damage":3.0,"enemies":"Jaw Worm","floor":3.0,"turns":5.0},{"damage":4.0,"enemies":"Looter","floor":4.0,"turns":3.0},{"damage":4.0,"enemies":"Blue Slaver","floor":5.0,"turns":5.0},{"damage":28.0,"enemies":"Gremlin Nob","floor":7.0,"turns":5.0},{"damage":3.0,"enemies":"3 Louse","floor":10.0,"turns":4.0},{"damage":21.0,"enemies":"Large Slime","floor":11.0,"turns":7.0},{"damage":27.0,"enemies":"3 Sentries","floor":13.0,"turns":9.0},{"damage":22.0,"enemies":"The Guardian","floor":16.0,"turns":11.0},{"damage":5.0,"enemies":"2 Thieves","floor":18.0,"turns":4.0},{"damage":8.0,"enemies":"Spheric Guardian","floor":22.0,"turns":6.0},{"damage":9.0,"enemies":"Book of Stabbing","floor":23.0,"turns":6.0},{"damage":21.0,"enemies":"Centurion and Healer","floor":27.0,"turns":7.0},{"damage":13.0,"enemies":"Snake Plant","floor":29.0,"turns":4.0},{"damage":6.0,"enemies":"Snecko","floor":30.0,"turns":6.0},{"damage":7.0,"enemies":"Centurion and Healer","floor":31.0,"turns":9.0},{"damage":34.0,"enemies":"Collector","floor":33.0,"turns":13.0},{"damage":2.0,"enemies":"3 Shapes","floor":35.0,"turns":6.0},{"damage":23.0,"enemies":"Orb Walker","floor":36.0,"turns":3.0},{"damage":15.0,"enemies":"4 Shapes","floor":38.0,"turns":9.0},{"damage":14.0,"enemies":"Writhing Mass","floor":39.0,"turns":9.0},{"damage":23.0,"enemies":"Spire Growth","floor":41.0,"turns":9.0},{"damage":107,"enemies":"Awakened One","floor":50,"turns":13}],"seed_played":"4548255099283320347","potions_obtained":[{"floor":2.0,"key":"SpeedPotion"},{"floor":3.0,"key":"SpeedPotion"},{"floor":11.0,"key":"GhostInAJar"},{"floor":13.0,"key":"Weak Potion"},{"floor":27.0,"key":"GhostInAJar"},{"floor":30.0,"key":"Explosive Potion"},{"floor":33.0,"key":"Dexterity Potion"},{"floor":38.0,"key":"SteroidPotion"},{"floor":39.0,"key":"GhostInAJar"},{"floor":41.0,"key":"AttackPotion"}],"is_trial":false,"path_per_floor":["M","M","M","M","M","R","E","?","T","M","M","R","E","?","R","B",null,"M","?","?","$","M","E","R","?","T","M","R","M","M","M","R","B",null,"M","M","?","M","M","R","M","R","T","R","?","$","?","$","R","B"],"character_chosen":"THE_SILENT","items_purchased":["Vajra","Centennial Puzzle"],"campfire_rested":7,"item_purchase_floors":[46,48],"current_hp_per_floor":[60,59,56,52,48,48,20,38,38,35,14,35,8,26,47,25,60,55,55,55,55,47,38,58,58,64,43,43,32,26,19,42,8,60,60,37,37,24,12,36,15,40,46,73,97,97,99,99,99,0],"gold":0,"neow_bonus":"TEN_PERCENT_HP_BONUS","is_prod":false,"is_daily":false,"chose_seed":false,"campfire_upgraded":2,"win_rate":0,"timestamp":1551586796,"path_taken":["M","M","M","M","M","R","E","?","T","M","M","R","E","?","R","BOSS","M","?","?","$","M","E","R","?","T","M","R","M","M","M","R","BOSS","M","M","?","M","M","R","M","R","T","R","?","$","?","$","R","BOSS"],"build_version":"2019-01-23","purchased_purges":3,"victory":false,"max_hp_per_floor":[72,72,72,72,72,72,72,72,72,72,72,72,72,72,72,72,72,72,72,72,69,69,69,69,69,75,75,75,77,77,77,77,77,77,79,79,79,81,83,83,85,85,91,91,97,97,99,99,99,99],"card_choices":[{"not_picked":["Dodge and Roll","PiercingWail"],"picked":"Bouncing Flask","floor":1.0},{"not_picked":["Slice","Backflip"],"picked":"Caltrops","floor":2.0},{"not_picked":["Concentrate","Underhanded Strike"],"picked":"Backstab","floor":3.0},{"not_picked":["Reflex","Sucker Punch"],"picked":"After Image","floor":4.0},{"not_picked":["PiercingWail","Bane","Masterful Stab"],"picked":"SKIP","floor":5.0},{"not_picked":["Dagger Spray","Expertise","Eviscerate"],"picked":"SKIP","floor":7.0},{"not_picked":["Accuracy","Riddle With Holes"],"picked":"Deadly Poison","floor":10.0},{"not_picked":["Phantasmal Killer","Endless Agony"],"picked":"Terror","floor":11.0},{"not_picked":["Slice","Finisher"],"picked":"Footwork","floor":13.0},{"not_picked":["Grand Finale","A Thousand Cuts"],"picked":"After Image","floor":16.0},{"not_picked":["Bane","Setup","Terror+1"],"picked":"SKIP","floor":18.0},{"not_picked":["Sucker Punch","Bane"],"picked":"Dodge and Roll","floor":22.0},{"not_picked":["Outmaneuver","Deadly Poison"],"picked":"Envenom","floor":23.0},{"not_picked":["Quick Slash","Blur"],"picked":"Crippling Poison","floor":27.0},{"not_picked":["Poisoned Stab","Cloak And Dagger","Concentrate"],"picked":"Singing Bowl","floor":29.0},{"not_picked":["PiercingWail","Backflip"],"picked":"Caltrops","floor":30.0},{"not_picked":["Setup+1","Backstab"],"picked":"Dash","floor":31.0},{"not_picked":["Phantasmal Killer","Storm of Steel"],"picked":"Venomology","floor":33.0},{"not_picked":["Flechettes+1","Sucker Punch","Underhanded Strike"],"picked":"Singing Bowl","floor":35.0},{"not_picked":["Tactician","Dodge and Roll+1"],"picked":"Backflip+1","floor":36.0},{"not_picked":["Blur","Flying Knee","A Thousand Cuts"],"picked":"Singing Bowl","floor":38.0},{"not_picked":["Outmaneuver","Expertise","Slice"],"picked":"Singing Bowl","floor":39.0},{"not_picked":["Blade Dance","Backflip","Leg Sweep"],"picked":"Singing Bowl","floor":41.0},{"not_picked":["Bandage Up","Purity","Mind Blast"],"picked":"Singing Bowl","floor":47.0}],"player_experience":337189,"relics_obtained":[{"floor":7.0,"key":"Shovel"},{"floor":9.0,"key":"Pen Nib"},{"floor":13.0,"key":"Anchor"},{"floor":23.0,"key":"Darkstone Periapt"},{"floor":26.0,"key":"The Courier"},{"floor":28.0,"key":"Singing Bowl"},{"floor":43.0,"key":"Du-Vu Doll"}],"event_choices":[{"damage_healed":18.0,"max_hp_gain":0.0,"max_hp_loss":0.0,"gold_gain":0.0,"event_name":"Mushrooms","player_choice":"Healed and dodged fight","floor":8.0,"gold_loss":0.0,"damage_taken":0.0,"cards_obtained":["Parasite"]},{"damage_healed":18.0,"max_hp_gain":0.0,"max_hp_loss":0.0,"gold_gain":0.0,"event_name":"The Cleric","player_choice":"Healed","floor":14.0,"gold_loss":35.0,"damage_taken":0.0},{"damage_healed":0.0,"max_hp_gain":0.0,"max_hp_loss":0.0,"gold_gain":50.0,"event_name":"Nest","player_choice":"Stole From Cult","floor":19.0,"gold_loss":0.0,"damage_taken":0.0},{"damage_healed":0.0,"max_hp_gain":0.0,"max_hp_loss":0.0,"gold_gain":0.0,"event_name":"Back to Basics","player_choice":"Simplicity","floor":20.0,"gold_loss":0.0,"damage_taken":0.0,"cards_upgraded":["Defend_G","Defend_G","Defend_G","Defend_G","Defend_G","Strike_G","Strike_G","Strike_G","Strike_G","Strike_G"]},{"damage_healed":0.0,"max_hp_gain":0.0,"max_hp_loss":0.0,"gold_gain":0.0,"event_name":"Ghosts","player_choice":"Ignored","floor":25.0,"gold_loss":0.0,"damage_taken":0.0},{"cards_removed":["Defend_G"],"damage_healed":0.0,"max_hp_gain":0.0,"max_hp_loss":0.0,"gold_gain":0.0,"event_name":"Falling","player_choice":"Removed Skill","floor":37.0,"gold_loss":0.0,"damage_taken":0.0},{"damage_healed":18.0,"max_hp_gain":0.0,"max_hp_loss":0.0,"gold_gain":0.0,"event_name":"Winding Halls","player_choice":"Writhe","floor":45.0,"gold_loss":0.0,"damage_taken":0.0,"cards_obtained":["Writhe"]},{"damage_healed":0.0,"max_hp_gain":0.0,"max_hp_loss":0.0,"gold_gain":0.0,"event_name":"SensoryStone","player_choice":"Memory 1","floor":47.0,"gold_loss":0.0,"damage_taken":0.0}],"is_beta":false,"boss_relics":[{"not_picked":["Coffee Dripper","Orrery"],"picked":"Cursed Key"},{"not_picked":["Black Star","HoveringKite"],"picked":"Ring of the Serpent"}],"items_purged_floors":[21,46,48],"is_endless":false,"potions_floor_spawned":[2,3,11,13,27,30,33,38,39,41],"killed_by":"Awakened One","ascension_level":18}