{"path_per_floor":["M","$","M","M","?","R","$","R","T","M","?","M","R","M","R","B",null,"M","M","$","M","?","E","R"],"character_chosen":"IRONCLAD","items_purchased":["Iron Wave","Seeing Red","Uppercut","Evolve","Power Through"],"gold_per_floor":[115,88,102,120,120,120,9,9,9,22,42,53,53,64,64,160,160,174,192,52,72,72,97,97],"floor_reached":25,"campfire_rested":1,"playtime":1196,"current_hp_per_floor":[80,80,79,73,57,57,57,57,57,57,51,57,57,50,50,51,80,46,49,49,19,19,9,33],"items_purged":[],"gold":97,"score":245,"play_id":"e8bb86b8-ef3a-437a-af2a-9676c9859269","local_time":"20180304193926","is_prod":false,"is_daily":false,"is_ascension_mode":true,"campfire_upgraded":4,"timestamp":1520210366,"path_taken":["M","$","M","?","?","R","$","R","T","M","?","?","R","M","R","BOSS","M","M","$","M","?","E","R","M"],"build_version":"2018-03-01-PROD1","purchased_purges":0,"victory":false,"master_deck":["Strike_R+1","Strike_R","Strike_R","Strike_R","Strike_R","Defend_R","Defend_R","Defend_R","Defend_R+1","Bash","Fire Breathing+1","Iron Wave","Clash","Sword Boomerang","Seeing Red+1","Uppercut","Pommel Strike","Anger+1","Flex","Bloodletting+1","Limit Break","Battle Trance+1","Evolve","Power Through","Limit Break","Writhe","Dropkick+1"],"max_hp_per_floor":[80,80,80,80,80,80,80,80,80,80,80,80,80,80,80,80,80,80,80,80,80,80,80,80],"relics":["Burning Blood","Lantern","Ice Cream","Odd Mushroom","Runic Cube","Smiling Mask","Juzu Bracelet"],"card_choices":[{"not_picked":["Dual Wield","Searing Blow"],"picked":"Fire Breathing"},{"not_picked":["True Grit","Thunderclap"],"picked":"Clash"},{"not_picked":["True Grit","Perfected Strike"],"picked":"Sword Boomerang"},{"not_picked":["Impervious","Headbutt"],"picked":"Pommel Strike"},{"not_picked":["Warcry","Hemokinesis"],"picked":"Anger"},{"not_picked":["Second Wind","Armaments"],"picked":"Flex"},{"not_picked":["Warcry","Disarm"],"picked":"Bloodletting"},{"not_picked":["Bludgeon","Juggernaut"],"picked":"Limit Break"},{"not_picked":["Thunderclap","Clash"],"picked":"Battle Trance"},{"not_picked":["Burning Pact","Hemokinesis"],"picked":"Limit Break"},{"not_picked":["Entrench","True Grit"],"picked":"Dropkick"}],"player_experience":225239,"potions_floor_usage":[16,21,25],"damage_taken":[{"damage":6,"enemies":"Cultist","floor":1,"turns":3},{"damage":7,"enemies":"Small Slimes","floor":3,"turns":3},{"damage":12,"enemies":"Jaw Worm","floor":4,"turns":2},{"damage":6,"enemies":"3 Louse","floor":10,"turns":2},{"damage":12,"enemies":"The Mushroom Lair","floor":11,"turns":4},{"damage":0,"enemies":"2 Fungi Beasts","floor":12,"turns":2},{"damage":13,"enemies":"Exordium Thugs","floor":14,"turns":3},{"damage":5,"enemies":"Slime Boss","floor":16,"turns":6},{"damage":40,"enemies":"Shell Parasite","floor":18,"turns":5},{"damage":3,"enemies":"Chosen","floor":19,"turns":3},{"damage":36,"enemies":"3 Cultists","floor":21,"turns":5},{"damage":16,"enemies":"Gremlin Leader","floor":23,"turns":8},{"damage":40,"enemies":"Snake Plant","floor":25,"turns":4}],"event_choices":[{"event_name":"Shining Light","player_choice":"Entered Light","floor":5,"damage_taken":0},{"event_name":"Mushrooms","player_choice":"Fought Mushrooms","floor":11,"damage_taken":0},{"event_name":"The Mausoleum","player_choice":"Yes","floor":22,"damage_taken":0}],"boss_relics":[{"not_picked":["Velvet Choker","Runic Dome"],"picked":"Runic Cube"}],"potions_floor_spawned":[1,4,14,16,18],"seed_played":"-3044026722576687462","killed_by":"Snake Plant","ascension_level":3,"is_trial":false}