{"path_per_floor":["M","?","?","$","M","R","E","M","T","R","$","M","M","M","R","B",null,"M","?","$","M","$","R","M","E","T","M","M","?","R","$","R","B",null,"M","$","?","?","?","R","?","M","T","M","$","M","M","M","R","B"],"character_chosen":"IRONCLAD","items_purchased":["Corruption","Dead Branch","Feel No Pain","Whirlwind","Warcry","Metallicize","Flash of Steel","Juggernaut"],"gold_per_floor":[118,368,368,36,52,52,82,92,138,138,68,81,96,110,110,206,206,225,225,47,65,65,65,82,114,187,201,215,215,215,39,39,144,144,162,23,23,23,23,23,23,39,39,55,5,19,35,53,53,53],"floor_reached":51,"campfire_rested":3,"playtime":3432,"current_hp_per_floor":[80,80,80,80,70,70,63,65,65,65,65,56,43,44,68,60,75,78,78,78,86,86,86,88,63,63,38,48,48,48,48,74,77,88,89,89,89,89,89,89,89,92,92,83,83,79,82,59,86,25],"items_purged":["Regret","Strike_R"],"gold":53,"score":856,"play_id":"4a3ed3e1-3890-40f0-b467-ebce0ab97f3e","local_time":"20180405185829","is_prod":false,"is_daily":false,"is_ascension_mode":true,"campfire_upgraded":5,"timestamp":1522969109,"path_taken":["M","?","?","$","M","R","E","?","T","R","?","?","M","M","R","BOSS","M","?","$","M","$","R","M","E","T","M","M","?","R","?","R","BOSS","M","$","?","?","?","R","?","M","T","M","$","M","M","?","R","BOSS"],"build_version":"2018-03-29v2","purchased_purges":2,"victory":true,"master_deck":["Strike_R","Defend_R","Defend_R","Defend_R","Defend_R","Bash","Impervious","Corruption","Heavy Blade+1","Entrench","Body Slam+1","Feel No Pain","Warcry","Shrug It Off","Ghostly Armor","Impervious","Warcry","Warcry+1","Warcry","Dark Embrace","Warcry+1","Body Slam+1","Demon Form+1","Metallicize","Flash of Steel","Fiend Fire","Heavy Blade+1","Juggernaut+1","Warcry+1","Fire Breathing","Fire Breathing+1"],"max_hp_per_floor":[80,80,80,80,80,80,80,80,80,80,80,80,80,80,80,80,80,86,86,86,86,86,86,89,89,89,89,89,89,89,89,89,92,92,92,92,92,92,92,92,92,92,92,92,92,92,92,92,92,92],"relics":["Black Blood","Dead Branch","Orichalcum","Nloth\u0027s Gift","Omamori","Toxic Egg 2","Cursed Key","Ornamental Fan","Smiling Mask"],"card_choices":[{"not_picked":["Armaments","Perfected Strike"],"picked":"Heavy Blade","floor":5},{"not_picked":["Seeing Red","Fiend Fire"],"picked":"Entrench","floor":7},{"not_picked":["Blood for Blood","Perfected Strike"],"picked":"Body Slam","floor":8},{"not_picked":["Thunderclap","Corruption"],"picked":"Warcry","floor":12},{"not_picked":["Perfected Strike","Rupture"],"picked":"Shrug It Off","floor":13},{"not_picked":["Twin Strike","Armaments"],"picked":"Ghostly Armor","floor":14},{"not_picked":["Bludgeon","Feed"],"picked":"Impervious","floor":16},{"not_picked":["Clothesline","Rupture"],"picked":"Warcry","floor":21},{"not_picked":["Havoc","Inflame"],"picked":"Warcry","floor":24},{"not_picked":["Fire Breathing","Barricade"],"picked":"Dark Embrace","floor":25},{"not_picked":["Feed","Pommel Strike"],"picked":"Warcry","floor":27},{"not_picked":["Shrug It Off","Clash"],"picked":"Body Slam","floor":28},{"not_picked":["Berserk","Dark Embrace"],"picked":"Fiend Fire","floor":33},{"not_picked":["Wild Strike","Dark Embrace"],"picked":"Heavy Blade","floor":35},{"not_picked":["Flame Barrier","Perfected Strike"],"picked":"Warcry","floor":44},{"not_picked":["True Grit","Clash"],"picked":"Fire Breathing","floor":47},{"not_picked":["Armaments","Seeing Red"],"picked":"Fire Breathing","floor":48}],"player_experience":392470,"potions_floor_usage":[16,18,18,33,50,50,50],"damage_taken":[{"damage":3,"enemies":"Jaw Worm","floor":1,"turns":5},{"damage":16,"enemies":"Cultist","floor":5,"turns":4},{"damage":13,"enemies":"Lagavulin","floor":7,"turns":5},{"damage":10,"enemies":"Small Slimes","floor":8,"turns":4},{"damage":15,"enemies":"Exordium Wildlife","floor":12,"turns":4},{"damage":19,"enemies":"Gremlin Gang","floor":13,"turns":5},{"damage":5,"enemies":"3 Louse","floor":14,"turns":5},{"damage":14,"enemies":"The Guardian","floor":16,"turns":6},{"damage":13,"enemies":"2 Thieves","floor":18,"turns":4},{"damage":2,"enemies":"Spheric Guardian","floor":21,"turns":3},{"damage":11,"enemies":"Cultist and Chosen","floor":24,"turns":5},{"damage":35,"enemies":"Slavers","floor":25,"turns":8},{"damage":35,"enemies":"Centurion and Healer","floor":27,"turns":8},{"damage":0,"enemies":"Snecko","floor":28,"turns":5},{"damage":19,"enemies":"Champ","floor":33,"turns":6},{"damage":9,"enemies":"3 Darklings","floor":35,"turns":5},{"damage":2,"enemies":"3 Shapes","floor":42,"turns":4},{"damage":19,"enemies":"Maw","floor":44,"turns":6},{"damage":14,"enemies":"3 Darklings","floor":46,"turns":4},{"damage":7,"enemies":"Sphere and 2 Shapes","floor":47,"turns":4},{"damage":33,"enemies":"Maw","floor":48,"turns":8},{"damage":71,"enemies":"Time Eater","floor":50,"turns":9}],"event_choices":[{"event_name":"Golden Shrine","player_choice":"Desecrate","floor":2,"damage_taken":0},{"event_name":"Transmorgrifier","player_choice":"Transform","floor":3,"damage_taken":0},{"event_name":"N\u0027loth","player_choice":"Traded a Prayer Wheel","floor":19,"damage_taken":0},{"event_name":"The Library","player_choice":"Read","floor":29,"damage_taken":0},{"event_name":"Mysterious Sphere","player_choice":"Ignore","floor":38,"damage_taken":0},{"event_name":"Bonfire Elementals","player_choice":"BASIC","floor":39,"damage_taken":0},{"event_name":"Wheel of Change","player_choice":"Relic","floor":41,"damage_taken":0}],"boss_relics":[{"not_picked":["Orrery","White Beast Statue"],"picked":"Black Blood"},{"not_picked":["Calling Bell","Tiny House"],"picked":"Cursed Key"}],"potions_floor_spawned":[7,12,14,16,21,27,28,33,44,46,47],"seed_played":"6730374348303849713","ascension_level":5,"is_trial":false}