{"path_per_floor":["M","M","$","?","M","R","E","R","T","M","R","E","?","?","R","B",null,"M","M","?","?","?"],"character_chosen":"THE_SILENT","items_purchased":[],"gold_per_floor":[117,136,61,61,77,77,105,105,132,144,144,179,179,254,254,356,356,373,386,311,311,311,311],"floor_reached":23,"campfire_rested":1,"playtime":987,"item_purchase_floors":[],"current_hp_per_floor":[63,61,61,66,66,66,51,51,51,42,42,19,19,8,45,18,61,61,61,61,47,73,17],"items_purged":["Strike_G"],"gold":311,"score":296,"play_id":"abf5e1f2-f72f-411a-a47f-4cbe31aaccea","local_time":"20180601040503","is_prod":false,"is_daily":false,"chose_seed":false,"is_ascension_mode":true,"campfire_upgraded":3,"win_rate":0,"timestamp":1527793503,"campfire_choices":[{"data":"Deadly Poison","floor":6,"key":"SMITH"},{"data":"Burst","floor":8,"key":"SMITH"},{"data":"Adrenaline","floor":11,"key":"SMITH"},{"floor":15,"key":"REST"}],"path_taken":["M","?","$","?","M","R","E","R","T","M","R","E","?","?","R","BOSS","M","M","?","?","?","E"],"build_version":"2018-05-24","seed_source_timestamp":714900253082551,"purchased_purges":1,"victory":false,"master_deck":["Defend_G","Defend_G","Defend_G","Defend_G","Strike_G","Strike_G","Strike_G","Survivor","Neutralize","AscendersBane","Backflip","Deadly Poison+1","Burst+1","Adrenaline+1","Deadly Poison","Deadly Poison"],"max_hp_per_floor":[70,70,70,75,75,75,75,75,75,75,75,75,75,75,75,75,75,75,75,75,80,80,80],"relics":["Ring of the Snake","Juzu Bracelet","Regal Pillow","Anchor","Sozu"],"card_choices":[{"not_picked":["Quick Slash","Eviscerate"],"picked":"Backflip","floor":1},{"not_picked":["Bane","Malaise"],"picked":"Deadly Poison","floor":2},{"not_picked":["Calculated Gamble","Backflip"],"picked":"Burst","floor":5},{"not_picked":["Outmaneuver","PiercingWail"],"picked":"Adrenaline","floor":7},{"not_picked":["Flying Knee","Sucker Punch","Backflip"],"picked":"SKIP","floor":10},{"not_picked":["Reflex","Choke","Calculated Gamble"],"picked":"SKIP","floor":12},{"not_picked":["Outmaneuver+1","PiercingWail"],"picked":"Deadly Poison","floor":18},{"not_picked":["Sucker Punch+1","Flying Knee"],"picked":"Deadly Poison","floor":19}],"player_experience":732397,"potions_floor_usage":[12,23],"damage_taken":[{"damage":0,"enemies":"Cultist","floor":1,"turns":4},{"damage":2,"enemies":"Small Slimes","floor":2,"turns":3},{"damage":0,"enemies":"Jaw Worm","floor":5,"turns":4},{"damage":15,"enemies":"Lagavulin","floor":7,"turns":5},{"damage":9,"enemies":"Large Slime","floor":10,"turns":6},{"damage":23,"enemies":"Gremlin Nob","floor":12,"turns":4},{"damage":27,"enemies":"Hexaghost","floor":16,"turns":9},{"damage":0,"enemies":"Chosen","floor":18,"turns":5},{"damage":0,"enemies":"Spheric Guardian","floor":19,"turns":3},{"damage":56,"enemies":"Gremlin Leader","floor":23,"turns":6}],"relics_obtained":[{"floor":7,"key":"Juzu Bracelet"},{"floor":9,"key":"Regal Pillow"},{"floor":12,"key":"Anchor"}],"event_choices":[{"event_name":"Big Fish","player_choice":"Donut","floor":4,"damage_taken":0},{"event_name":"Liars Game","player_choice":"disagreed","floor":13,"damage_taken":0},{"event_name":"World of Goop","player_choice":"Gather Gold","floor":14,"damage_taken":0},{"event_name":"Beggar","player_choice":"Gave Gold","floor":20,"damage_taken":0},{"event_name":"Forgotten Altar","player_choice":"Shed Blood","floor":21,"damage_taken":0},{"event_name":"The Library","player_choice":"Heal","floor":22,"damage_taken":0}],"boss_relics":[{"not_picked":["Velvet Choker","Astrolabe"],"picked":"Sozu"}],"items_purged_floors":[3],"potions_floor_spawned":[2,5,7,18],"seed_played":"1676076676677539600","killed_by":"Gremlin Leader","ascension_level":10,"potions_obtained":[{"floor":2,"key":"Ancient Potion"},{"floor":5,"key":"SteroidPotion"},{"floor":7,"key":"Poison Potion"}],"is_trial":false}