{"gold_per_floor":[114,23,23,23,36,74,74,249,274,15,39,39,62,62,62,188,188,201,224,3,18,18,18,33,33,111,111,111,125,145,164,164,290,290,314,330,33,51,1,1,1,1,28,47,47,71,89,39,39,39],"floor_reached":50,"playtime":2250,"items_purged":["Doubt","Strike_B","Strike_B","Shame"],"score":492,"play_id":"4af80d47-ec4b-44db-9315-a2581c2db2fd","local_time":"20190217163433","is_ascension_mode":true,"campfire_choices":[{"data":"Zap","floor":15,"key":"SMITH"},{"data":"Mayhem","floor":23,"key":"SMITH"},{"data":"White Noise","floor":25,"key":"SMITH"},{"data":"Static Discharge","floor":28,"key":"SMITH"},{"floor":32,"key":"REST"},{"floor":40,"key":"REST"},{"data":"Seek","floor":42,"key":"SMITH"},{"floor":45,"key":"REST"},{"floor":49,"key":"REST"}],"neow_cost":"NONE","seed_source_timestamp":244110621118083,"circlet_count":0,"master_deck":["Strike_B","Defend_B","Defend_B","Defend_B","Defend_B","Zap+1","Dualcast","Dramatic Entrance+1","Conserve Battery","Static Discharge+1","FTL","Echo Form","White Noise+1","Mayhem+1","Tempest+1","Beam Cell","Electrodynamics","Leap","Seek+1","Master of Strategy","Conserve Battery","BootSequence","Leap","FTL+1"],"relics":["Cracked Core","NeowsBlessing","Golden Idol","Smiling Mask","Bronze Scales","Runic Capacitor","Eternal Feather","Gremlin Horn","Cursed Key","Boot"],"potions_floor_usage":[30,30,31,33,50,50],"damage_taken":[{"damage":0,"enemies":"Jaw Worm","floor":1,"turns":1},{"damage":0,"enemies":"Small Slimes","floor":5,"turns":1},{"damage":0,"enemies":"Gremlin Nob","floor":6,"turns":1},{"damage":0,"enemies":"2 Louse","floor":11,"turns":1},{"damage":3,"enemies":"Looter","floor":13,"turns":2},{"damage":29,"enemies":"Hexaghost","floor":16,"turns":8},{"damage":0,"enemies":"3 Byrds","floor":18,"turns":3},{"damage":6,"enemies":"Chosen","floor":19,"turns":5},{"damage":27,"enemies":"Centurion and Healer","floor":21,"turns":8},{"damage":3,"enemies":"Snecko","floor":24,"turns":5},{"damage":32,"enemies":"Sentry and Sphere","floor":29,"turns":5},{"damage":36,"enemies":"Shelled Parasite and Fungi","floor":30,"turns":4},{"damage":0,"enemies":"Centurion and Healer","floor":31,"turns":6},{"damage":9,"enemies":"Automaton","floor":33,"turns":9},{"damage":35,"enemies":"3 Darklings","floor":35,"turns":3},{"damage":14,"enemies":"Orb Walker","floor":36,"turns":3},{"damage":25,"enemies":"4 Shapes","floor":38,"turns":3},{"damage":38,"enemies":"Spire Growth","floor":44,"turns":4},{"damage":22,"enemies":"Sphere and 2 Shapes","floor":46,"turns":5},{"damage":8,"enemies":"Maw","floor":47,"turns":8},{"damage":65,"enemies":"Awakened One","floor":50,"turns":7}],"seed_played":"4122789875122962808","potions_obtained":[{"floor":1,"key":"EssenceOfSteel"},{"floor":11,"key":"SkillPotion"},{"floor":16,"key":"LiquidBronze"},{"floor":19,"key":"EssenceOfSteel"},{"floor":24,"key":"Fruit Juice"},{"floor":31,"key":"Block Potion"},{"floor":33,"key":"Strength Potion"},{"floor":36,"key":"SpeedPotion"},{"floor":38,"key":"EssenceOfSteel"}],"is_trial":false,"path_per_floor":["M","$","?","?","M","E","$","?","T","$","M","$","M","?","R","B",null,"M","M","$","M","$","R","M","R","T","?","R","M","M","M","R","B",null,"M","M","$","M","$","R","?","R","T","M","R","M","M","$","R","B"],"character_chosen":"DEFECT","items_purchased":["Dramatic Entrance","Runic Capacitor","Mayhem","Master of Strategy","Conserve Battery","BootSequence"],"campfire_rested":4,"item_purchase_floors":[2,10,20,37,37,37],"current_hp_per_floor":[75,75,57,57,57,57,57,57,57,57,57,57,54,54,54,25,75,75,69,69,42,42,51,48,57,57,57,66,34,3,3,36,27,80,45,31,31,6,6,42,42,54,54,16,55,33,25,25,61,0],"gold":39,"neow_bonus":"THREE_ENEMY_KILL","is_prod":false,"is_daily":false,"chose_seed":false,"campfire_upgraded":5,"win_rate":0,"timestamp":1550439273,"path_taken":["M","$","?","?","M","E","$","?","T","$","M","?","?","?","R","BOSS","M","?","?","M","$","R","M","R","T","?","R","M","?","M","R","BOSS","M","M","$","M","$","R","?","R","T","M","R","M","M","$","R","BOSS"],"build_version":"2019-01-23","purchased_purges":4,"victory":false,"max_hp_per_floor":[75,75,75,75,75,75,75,75,75,75,75,75,75,75,75,75,75,75,75,75,75,75,75,75,75,75,75,75,75,80,80,80,80,80,80,80,80,80,80,80,80,80,80,80,80,80,80,80,80,80],"card_choices":[{"not_picked":["Storm","Sweeping Beam","Melter"],"picked":"SKIP","floor":1},{"not_picked":["Hologram","Chaos"],"picked":"Conserve Battery","floor":5},{"not_picked":["Reprogram","Aggregate","Hello World"],"picked":"SKIP","floor":6},{"not_picked":["Recycle","Leap"],"picked":"Static Discharge","floor":11},{"not_picked":["Gash","Skim"],"picked":"FTL","floor":13},{"not_picked":["Buffer","Reboot"],"picked":"Echo Form","floor":16},{"not_picked":["Chaos","Turbo","Reprogram"],"picked":"SKIP","floor":18},{"not_picked":["Redo+1","Beam Cell"],"picked":"White Noise","floor":19},{"not_picked":["Leap","Cold Snap"],"picked":"Tempest+1","floor":21},{"not_picked":["Darkness","Go for the Eyes","Sweeping Beam"],"picked":"SKIP","floor":24},{"not_picked":["Glacier","Leap"],"picked":"Electrodynamics","floor":29},{"not_picked":["Aggregate","Scrape+1","Redo+1"],"picked":"SKIP","floor":30},{"not_picked":["Hologram","Streamline"],"picked":"Leap","floor":31},{"not_picked":["Buffer","Rainbow"],"picked":"Seek","floor":33},{"not_picked":["Coolheaded+1","Turbo","Force Field"],"picked":"SKIP","floor":35},{"not_picked":["Turbo","Cold Snap","Sweeping Beam+1"],"picked":"SKIP","floor":36},{"not_picked":["Loop","Go for the Eyes+1"],"picked":"Leap","floor":38},{"not_picked":["Redo","Heatsinks+1"],"picked":"FTL+1","floor":44},{"not_picked":["Coolheaded","Cold Snap","Streamline"],"picked":"SKIP","floor":46},{"not_picked":["Ball Lightning+1","Undo","Core Surge"],"picked":"SKIP","floor":47}],"player_experience":1050332,"relics_obtained":[{"floor":6,"key":"Smiling Mask"},{"floor":9,"key":"Bronze Scales"},{"floor":26,"key":"Gremlin Horn"},{"floor":43,"key":"Boot"}],"event_choices":[{"damage_healed":0,"gold_gain":0,"player_choice":"Take Damage","damage_taken":18,"relics_obtained":["Golden Idol"],"max_hp_gain":0,"max_hp_loss":0,"event_name":"Golden Idol","floor":3,"gold_loss":0},{"damage_healed":0,"gold_gain":0,"player_choice":"Grow","damage_taken":0,"max_hp_gain":0,"max_hp_loss":0,"event_name":"Living Wall","floor":4,"gold_loss":0,"cards_upgraded":["Dramatic Entrance"]},{"damage_healed":0,"gold_gain":175,"player_choice":"AGREE","damage_taken":0,"max_hp_gain":0,"max_hp_loss":0,"event_name":"Liars Game","floor":8,"gold_loss":0,"cards_obtained":["Doubt"]},{"damage_healed":0,"gold_gain":0,"player_choice":"Bought 0 Potions","damage_taken":0,"max_hp_gain":0,"max_hp_loss":0,"event_name":"The Woman in Blue","floor":14,"gold_loss":0},{"damage_healed":0,"gold_gain":0,"cards_transformed":["Strike_B"],"player_choice":"Transformed","damage_taken":0,"max_hp_gain":0,"max_hp_loss":0,"event_name":"Transmorgrifier","floor":27,"gold_loss":0,"cards_obtained":["Beam Cell"]},{"damage_healed":0,"gold_gain":0,"player_choice":"Ignored","damage_taken":0,"max_hp_gain":0,"max_hp_loss":0,"event_name":"Mysterious Sphere","floor":41,"gold_loss":0}],"is_beta":false,"boss_relics":[{"not_picked":["Fusion Hammer","FrozenCore"],"picked":"Eternal Feather"},{"not_picked":["Runic Pyramid","Orrery"],"picked":"Cursed Key"}],"items_purged_floors":[10,20,39,48],"is_endless":false,"potions_floor_spawned":[1,11,16,19,21,24,31,33,36,38,47],"killed_by":"Awakened One","ascension_level":1}