{"path_per_floor":["M","M","$","M","?","R","?","R","T","R","?","M","$","M","R","B",null,"M","M","?","M","?","R","M","?","T","M"],"character_chosen":"IRONCLAD","items_purchased":["Dual Wield","Pommel Strike"],"gold_per_floor":[115,135,55,72,72,72,102,102,102,102,102,122,69,83,83,207,207,232,245,245,260,460,460,481,481,481,502,502],"floor_reached":28,"campfire_rested":1,"playtime":931,"current_hp_per_floor":[80,80,80,79,71,71,48,48,48,48,28,32,32,30,54,19,80,76,65,65,48,48,48,21,21,21,9,9],"items_purged":[],"gold":502,"score":252,"play_id":"f33cb10f-4fcd-4665-9139-118fd8747d25","local_time":"20180326231925","is_prod":false,"is_daily":false,"is_ascension_mode":true,"campfire_upgraded":4,"timestamp":1522120765,"path_taken":["M","M","$","M","?","R","?","R","T","R","?","M","$","M","R","BOSS","M","?","?","M","?","R","M","?","T","M","?"],"build_version":"2018-03-22v2","purchased_purges":0,"victory":false,"master_deck":["Strike_R","Strike_R","Strike_R","Strike_R","Strike_R","Defend_R","Defend_R","Defend_R","Defend_R","Bash","Flex+1","Dual Wield+1","Perfected Strike+1","Pommel Strike+1"],"max_hp_per_floor":[80,80,80,80,80,80,80,80,80,80,80,80,80,80,80,80,80,80,80,80,80,80,80,80,80,80,80,80],"relics":["Burning Blood","Odd Mushroom","Lantern","Golden Idol","Sozu","Sundial"],"card_choices":[{"not_picked":["Shrug It Off","Body Slam"],"picked":"Flex","floor":2},{"not_picked":["Second Wind","Anger"],"picked":"Perfected Strike","floor":4}],"player_experience":359207,"potions_floor_usage":[16,16,16],"damage_taken":[{"damage":2,"enemies":"2 Louse","floor":1,"turns":3},{"damage":1,"enemies":"Cultist","floor":2,"turns":3},{"damage":7,"enemies":"Small Slimes","floor":4,"turns":3},{"damage":29,"enemies":"The Mushroom Lair","floor":7,"turns":5},{"damage":2,"enemies":"3 Louse","floor":12,"turns":2},{"damage":8,"enemies":"Blue Slaver","floor":14,"turns":3},{"damage":56,"enemies":"The Guardian","floor":16,"turns":8},{"damage":10,"enemies":"3 Byrds","floor":18,"turns":5},{"damage":17,"enemies":"2 Thieves","floor":19,"turns":3},{"damage":23,"enemies":"Centurion and Healer","floor":21,"turns":3},{"damage":33,"enemies":"Cultist and Chosen","floor":24,"turns":6},{"damage":18,"enemies":"Snecko","floor":27,"turns":3},{"damage":0,"enemies":"Snake Plant","floor":28,"turns":1}],"event_choices":[{"event_name":"Wheel of Change","player_choice":"Damage","floor":5,"damage_taken":0},{"event_name":"Mushrooms","player_choice":"Fought Mushrooms","floor":7,"damage_taken":0},{"event_name":"Golden Idol","player_choice":"Take Damage","floor":11,"damage_taken":0},{"event_name":"Vampires","player_choice":"Ignored","floor":20,"damage_taken":0},{"event_name":"The Joust","player_choice":"Bet on Owner","floor":22,"damage_taken":0},{"event_name":"Drug Dealer","player_choice":"Ignored","floor":25,"damage_taken":0}],"boss_relics":[{"not_picked":["Mark of Pain","Orrery"],"picked":"Sozu"}],"potions_floor_spawned":[1,4,19,21,24],"seed_played":"-7026494174964873075","killed_by":"Snake Plant","ascension_level":4,"is_trial":false}