{"gold_per_floor":[215,290,300,300,316,347,347,382,382,382,382,382,396,245,245,318,318,335,335,37,51,51],"floor_reached":22,"playtime":681,"items_purged":["Strike_R","Strike_R"],"score":365,"play_id":"c1f46ca8-9623-46e4-86c7-ff612753e9f2","local_time":"20190301081418","is_ascension_mode":true,"campfire_choices":[{"data":"Bash","floor":7,"key":"SMITH"},{"data":"Cleave","floor":10,"key":"SMITH"},{"data":"Intimidate","floor":12,"key":"SMITH"},{"data":"Whirlwind","floor":15,"key":"SMITH"}],"neow_cost":"NONE","seed_source_timestamp":130507149157716,"circlet_count":0,"master_deck":["AscendersBane","Strike_R","Strike_R","Strike_R","Defend_R","Defend_R","Defend_R","Defend_R","Bash+1","Anger+1","Cleave+1","Intimidate+1","Whirlwind+1","Clash+1","Master of Strategy","Warcry"],"relics":["Burning Blood","Juzu Bracelet","Pantograph","Darkstone Periapt","Ornamental Fan","Coffee Dripper","Enchiridion"],"potions_floor_usage":[6,16,21],"damage_taken":[{"damage":1,"enemies":"Cultist","floor":1,"turns":3},{"damage":7,"enemies":"2 Louse","floor":3,"turns":3},{"damage":7,"enemies":"Jaw Worm","floor":5,"turns":3},{"damage":25,"enemies":"Lagavulin","floor":6,"turns":5},{"damage":32,"enemies":"Gremlin Nob","floor":8,"turns":4},{"damage":4,"enemies":"Blue Slaver","floor":13,"turns":3},{"damage":30,"enemies":"Slime Boss","floor":16,"turns":7},{"damage":32,"enemies":"2 Thieves","floor":18,"turns":4},{"damage":20,"enemies":"Shell Parasite","floor":21,"turns":4},{"damage":31,"enemies":"Shelled Parasite and Fungi","floor":22,"turns":1}],"seed_played":"1108859304417239828","potions_obtained":[{"floor":1,"key":"SteroidPotion"},{"floor":13,"key":"Fire Potion"},{"floor":18,"key":"BloodPotion"}],"is_trial":false,"path_per_floor":["M","?","M","?","M","E","R","E","T","R","?","R","M","$","R","B",null,"M","?","$","M","M"],"character_chosen":"IRONCLAD","items_purchased":["Whirlwind","Master of Strategy"],"campfire_rested":0,"item_purchase_floors":[14,20],"current_hp_per_floor":[73,62,61,61,60,41,41,15,15,15,15,15,17,17,17,18,61,35,14,14,7,0],"gold":51,"neow_bonus":"HUNDRED_GOLD","is_prod":false,"is_daily":false,"chose_seed":false,"campfire_upgraded":4,"win_rate":0,"timestamp":1551395658,"path_taken":["M","?","M","?","?","E","R","E","T","R","?","R","M","$","R","BOSS","M","?","$","M","M"],"build_version":"2019-01-23","purchased_purges":2,"victory":false,"max_hp_per_floor":[75,75,75,75,75,75,75,75,75,75,75,75,75,75,75,75,75,75,75,75,75,75],"card_choices":[{"not_picked":["Combust","Iron Wave"],"picked":"Anger","floor":1},{"not_picked":["Sword Boomerang","Anger"],"picked":"Cleave","floor":3},{"not_picked":["Second Wind","Blood for Blood"],"picked":"Intimidate","floor":5},{"not_picked":["Twin Strike","Double Tap","Hemokinesis"],"picked":"SKIP","floor":6},{"not_picked":["Clash","True Grit"],"picked":"Thunderclap","floor":8},{"not_picked":["Perfected Strike","Armaments","Cleave"],"picked":"SKIP","floor":13},{"not_picked":["Dual Wield","Headbutt"],"picked":"Clash+1","floor":18},{"not_picked":["Havoc","Heavy Blade"],"picked":"Warcry","floor":21}],"player_experience":960450,"relics_obtained":[{"floor":6,"key":"Juzu Bracelet"},{"floor":8,"key":"Pantograph"},{"floor":9,"key":"Darkstone Periapt"},{"floor":19,"key":"Enchiridion"}],"event_choices":[{"damage_healed":0,"gold_gain":75,"player_choice":"Gather Gold","damage_taken":11,"max_hp_gain":0,"max_hp_loss":0,"event_name":"World of Goop","floor":2,"gold_loss":0},{"damage_healed":0,"gold_gain":0,"player_choice":"Upgraded","damage_taken":0,"max_hp_gain":0,"max_hp_loss":0,"event_name":"Upgrade Shrine","floor":4,"gold_loss":0,"cards_upgraded":["Anger"]},{"cards_removed":["Thunderclap"],"damage_healed":0,"gold_gain":0,"player_choice":"Gave Card","damage_taken":0,"relics_obtained":["Ornamental Fan"],"max_hp_gain":0,"max_hp_loss":0,"event_name":"WeMeetAgain","floor":11,"gold_loss":0},{"damage_healed":0,"gold_gain":0,"player_choice":"Obtained Book","damage_taken":21,"max_hp_gain":0,"max_hp_loss":0,"event_name":"Cursed Tome","floor":19,"gold_loss":0}],"is_beta":false,"boss_relics":[{"not_picked":["Runic Pyramid","Mark of Pain"],"picked":"Coffee Dripper"}],"items_purged_floors":[14,20],"is_endless":false,"potions_floor_spawned":[1,13,18],"killed_by":"Shelled Parasite and Fungi","ascension_level":18}