{"gold_per_floor":[109,120,139,153,38,38,38,57,57,72,72,72,72,100,100,197,197,215,215,225,239,164,191,191,221,221,236,511,524,524],"floor_reached":30,"playtime":5138,"items_purged":["Strike_G"],"score":299,"play_id":"fcced140-74d0-4c3c-aa50-381a90eb432c","local_time":"20181201130314","is_ascension_mode":true,"campfire_choices":[{"data":"Noxious Fumes","floor":6,"key":"SMITH"},{"floor":13,"key":"REST"},{"data":"After Image","floor":15,"key":"SMITH"},{"data":"Envenom","floor":24,"key":"SMITH"}],"neow_cost":"PERCENT_DAMAGE","seed_source_timestamp":654138475218388,"circlet_count":0,"master_deck":["Defend_G","Defend_G","Defend_G","Defend_G","Defend_G","Strike_G","Strike_G","Strike_G","Survivor","Neutralize+1","Envenom+1","Well Laid Plans","Bouncing Flask","Bouncing Flask","Quick Slash","Noxious Fumes+1","Crippling Poison","Catalyst","After Image+1","Adrenaline","Blur","Caltrops","A Thousand Cuts","Poisoned Stab","Dodge and Roll","Regret","Blur"],"relics":["Ring of the Snake","Ninja Scroll","Bag of Marbles","Sozu","Ice Cream","Potion Belt","Tough Bandages"],"potions_floor_usage":[3,14,14,16],"damage_taken":[{"damage":2,"enemies":"Cultist","floor":1,"turns":4},{"damage":20,"enemies":"Jaw Worm","floor":2,"turns":5},{"damage":2,"enemies":"2 Louse","floor":3,"turns":2},{"damage":6,"enemies":"Looter","floor":4,"turns":4},{"damage":13,"enemies":"2 Fungi Beasts","floor":8,"turns":4},{"damage":5,"enemies":"Blue Slaver","floor":10,"turns":3},{"damage":1,"enemies":"Gremlin Nob","floor":14,"turns":3},{"damage":15,"enemies":"The Guardian","floor":16,"turns":8},{"damage":0,"enemies":"3 Byrds","floor":18,"turns":3},{"damage":2,"enemies":"Chosen","floor":20,"turns":3},{"damage":16,"enemies":"Shelled Parasite and Fungi","floor":21,"turns":4},{"damage":11,"enemies":"Book of Stabbing","floor":23,"turns":5},{"damage":13,"enemies":"Gremlin Leader","floor":25,"turns":6},{"damage":9,"enemies":"Snake Plant","floor":27,"turns":4},{"damage":2,"enemies":"Cultist and Chosen","floor":29,"turns":5},{"damage":24,"enemies":"Colosseum Slavers","floor":30,"turns":2}],"seed_played":"2291782659835395765","potions_obtained":[{"floor":1,"key":"GhostInAJar"},{"floor":2,"key":"Energy Potion"},{"floor":3,"key":"Explosive Potion"},{"floor":10,"key":"SkillPotion"}],"is_trial":false,"path_per_floor":["M","M","M","M","$","R","?","M","T","M","?","?","R","E","R","B",null,"M","?","M","M","$","E","R","E","T","M","?","M","?"],"character_chosen":"THE_SILENT","items_purchased":["Noxious Fumes","Crippling Poison"],"campfire_rested":1,"item_purchase_floors":[5,5],"current_hp_per_floor":[47,27,25,19,19,19,19,6,6,1,1,1,22,21,21,6,70,70,70,68,52,52,41,41,28,28,19,19,17,0],"gold":524,"neow_bonus":"THREE_RARE_CARDS","is_prod":false,"is_daily":false,"chose_seed":false,"campfire_upgraded":3,"win_rate":0,"timestamp":1543687394,"path_taken":["M","M","M","M","?","R","?","?","T","M","?","?","R","E","R","BOSS","M","?","M","M","$","E","R","E","T","M","?","?","?"],"build_version":"2018-11-15","purchased_purges":1,"victory":false,"max_hp_per_floor":[70,70,70,70,70,70,70,70,70,70,70,70,70,70,70,70,70,70,70,70,70,70,70,70,70,70,70,70,70,70],"card_choices":[{"not_picked":["A Thousand Cuts","Malaise"],"picked":"Envenom","floor":0},{"not_picked":["Backstab","Endless Agony"],"picked":"Well Laid Plans","floor":1},{"not_picked":["Skewer","Acrobatics"],"picked":"Bouncing Flask","floor":2},{"not_picked":["Slice","Quick Slash"],"picked":"Bouncing Flask","floor":3},{"not_picked":["Bane","Deflect"],"picked":"Quick Slash","floor":4},{"not_picked":["Bane","Backflip","Underhanded Strike"],"picked":"SKIP","floor":8},{"not_picked":["Well Laid Plans","Dash"],"picked":"Catalyst","floor":10},{"not_picked":["Backflip","Terror"],"picked":"After Image","floor":14},{"not_picked":["Die Die Die","Venomology"],"picked":"Adrenaline","floor":16},{"not_picked":["Cloak And Dagger","Flying Knee"],"picked":"Blur","floor":18},{"not_picked":["Dagger Spray","Outmaneuver","Heel Hook"],"picked":"SKIP","floor":20},{"not_picked":["Endless Agony","Dagger Spray"],"picked":"Caltrops","floor":21},{"not_picked":["Quick Slash","Expertise"],"picked":"A Thousand Cuts","floor":23},{"not_picked":["Bane+1","Caltrops+1"],"picked":"Poisoned Stab","floor":25},{"not_picked":["Backflip","Dagger Throw"],"picked":"Dodge and Roll","floor":27},{"not_picked":["Predator","Skewer"],"picked":"Blur","floor":29}],"player_experience":200368,"relics_obtained":[{"floor":9,"key":"Ninja Scroll"},{"floor":14,"key":"Bag of Marbles"},{"floor":23,"key":"Ice Cream"},{"floor":25,"key":"Potion Belt"},{"floor":26,"key":"Tough Bandages"}],"event_choices":[{"damage_healed":0,"gold_gain":0,"player_choice":"Upgraded","damage_taken":0,"max_hp_gain":0,"max_hp_loss":0,"event_name":"Upgrade Shrine","floor":7,"gold_loss":0,"cards_upgraded":["Neutralize"]},{"damage_healed":0,"gold_gain":0,"player_choice":"Fled","damage_taken":0,"max_hp_gain":0,"max_hp_loss":0,"event_name":"Scrap Ooze","floor":11,"gold_loss":0},{"cards_removed":["Strike_G"],"damage_healed":0,"gold_gain":0,"player_choice":"Forget","damage_taken":0,"max_hp_gain":0,"max_hp_loss":0,"event_name":"Living Wall","floor":12,"gold_loss":0},{"damage_healed":0,"gold_gain":0,"player_choice":"Ignored","damage_taken":0,"max_hp_gain":0,"max_hp_loss":0,"event_name":"Beggar","floor":19,"gold_loss":0},{"damage_healed":0,"gold_gain":275,"player_choice":"Desecrate","damage_taken":0,"max_hp_gain":0,"max_hp_loss":0,"event_name":"Golden Shrine","floor":28,"gold_loss":0,"cards_obtained":["Regret"]},{"damage_healed":0,"gold_gain":0,"player_choice":"Fight","damage_taken":0,"max_hp_gain":0,"max_hp_loss":0,"event_name":"Colosseum","floor":30,"gold_loss":0}],"is_beta":false,"boss_relics":[{"not_picked":["Busted Crown","Cursed Key"],"picked":"Sozu"}],"items_purged_floors":[22],"is_endless":false,"potions_floor_spawned":[1,2,3,10,18,21,25,29],"killed_by":"Colosseum Slavers","ascension_level":2}