{"gold_per_floor":[109,124,138,151,151,151,180,180,234,262,262,172,185,185,185,258,258,268,279],"floor_reached":19,"playtime":1248,"items_purged":[],"score":733,"play_id":"d43f080f-83bd-435a-82f8-9fdb2f2570af","local_time":"20180819183439","daily_mods":["Diverse","Heirloom","Allstar","Shiny","Vintage"],"is_ascension_mode":true,"campfire_choices":[{"data":"Apotheosis","floor":6,"key":"SMITH"},{"data":"Venomology","floor":8,"key":"SMITH"},{"data":"Adrenaline","floor":11,"key":"SMITH"},{"floor":15,"key":"REST"}],"neow_cost":"","seed_source_timestamp":588397518070963,"circlet_count":0,"master_deck":["Venomology+1","Corpse Explosion","Phantasmal Killer","Die Die Die","Adrenaline+1","Envenom","Doppelganger","Burst","Wraith Form v2","Tools of the Trade","Night Terror","Unload","After Image","Bullet Time","Storm of Steel","Glass Knife","A Thousand Cuts","Grand Finale","AscendersBane","Violence","Apotheosis+1","Swift Strike","Chrysalis","Mayhem","Accuracy","Amplify"],"relics":["Ring of the Snake","Bird Faced Urn","Mercury Hourglass","Dream Catcher","Blue Candle","Molten Egg 2","Matryoshka","Orichalcum","Juzu Bracelet","Tingsha","Dead Branch","Potion Belt","Pandora\u0027s Box","Strawberry","Blood Vial"],"potions_floor_usage":[1,2,4,7,7,7,10,10,16,16,18,18,18,19],"damage_taken":[{"damage":12,"enemies":"Jaw Worm","floor":1,"turns":2},{"damage":8,"enemies":"Cultist","floor":2,"turns":4},{"damage":0,"enemies":"Small Slimes","floor":3,"turns":2},{"damage":12,"enemies":"Looter","floor":4,"turns":2},{"damage":16,"enemies":"Gremlin Nob","floor":7,"turns":3},{"damage":0,"enemies":"3 Sentries","floor":10,"turns":2},{"damage":8,"enemies":"Red Slaver","floor":13,"turns":2},{"damage":3,"enemies":"Slime Boss","floor":16,"turns":5},{"damage":13,"enemies":"3 Byrds","floor":18,"turns":3},{"damage":0,"enemies":"Chosen","floor":19,"turns":4}],"seed_played":"-7641252129849574510","potions_obtained":[{"floor":7,"key":"GamblersBrew"},{"floor":10,"key":"Ancient Potion"},{"floor":13,"key":"Explosive Potion"},{"floor":16,"key":"EssenceOfSteel"},{"floor":18,"key":"Swift Potion"}],"is_trial":true,"path_per_floor":["M","M","M","M","?","R","E","R","T","E","R","$","M","?","R","B",null,"M"],"character_chosen":"THE_SILENT","items_purchased":["Accuracy"],"campfire_rested":1,"item_purchase_floors":[12],"current_hp_per_floor":[47,55,57,45,76,76,62,62,62,64,64,64,58,63,81,78,80,79,83],"gold":279,"neow_bonus":"","is_prod":false,"is_daily":false,"chose_seed":false,"campfire_upgraded":3,"win_rate":0,"timestamp":1534692879,"path_taken":["M","M","M","M","?","R","E","R","T","E","R","$","M","?","R","BOSS","M","M"],"build_version":"2018-08-16","purchased_purges":0,"victory":false,"max_hp_per_floor":[66,66,66,66,76,76,76,76,76,76,76,76,76,81,81,81,81,88,88],"card_choices":[{"not_picked":["Heel Hook+1","Juggernaut","Rupture"],"picked":"SKIP","floor":7},{"not_picked":["Poisoned Stab+1","Headbutt+1","Eviscerate+1"],"picked":"SKIP","floor":10},{"not_picked":["Exhume","Creative AI"],"picked":"Amplify","floor":16}],"player_experience":66614,"relics_obtained":[{"floor":1,"key":"Mercury Hourglass"},{"floor":2,"key":"Dream Catcher"},{"floor":3,"key":"Blue Candle"},{"floor":4,"key":"Molten Egg 2"},{"floor":7,"key":"Matryoshka"},{"floor":9,"key":"Orichalcum"},{"floor":9,"key":"Juzu Bracelet"},{"floor":10,"key":"Tingsha"},{"floor":13,"key":"Dead Branch"},{"floor":16,"key":"Potion Belt"},{"floor":18,"key":"Strawberry"},{"floor":19,"key":"Blood Vial"}],"event_choices":[{"event_name":"Bonfire Elementals","player_choice":"RARE","floor":5,"damage_taken":0},{"event_name":"Big Fish","player_choice":"Donut","floor":14,"damage_taken":0}],"is_beta":false,"boss_relics":[{"not_picked":["HoveringKite","Astrolabe"],"picked":"Pandora\u0027s Box"}],"items_purged_floors":[],"is_endless":true,"potions_floor_spawned":[7,10,13,16,18],"killed_by":"Chosen","ascension_level":20}