{"path_per_floor":["M","M","$","M","$","R","M","E","T","R","$","?","M","M","R"],"character_chosen":"THE_SILENT","items_purchased":[],"gold_per_floor":[112,131,56,70,70,70,82,108,108,108,8,66,85,98,98,98],"floor_reached":16,"campfire_rested":0,"playtime":815,"item_purchase_floors":[],"current_hp_per_floor":[58,58,58,57,57,57,53,17,17,17,17,7,5,5,5,0],"items_purged":["Defend_G","Strike_G"],"gold":98,"score":153,"play_id":"e0502fee-0eb6-433a-8a9f-f347c4920131","local_time":"20180531235358","is_prod":false,"is_daily":false,"chose_seed":false,"is_ascension_mode":true,"campfire_upgraded":3,"win_rate":0,"timestamp":1527778438,"campfire_choices":[{"data":"Flying Knee","floor":6,"key":"SMITH"},{"data":"Leg Sweep","floor":10,"key":"SMITH"},{"data":"Flying Knee","floor":15,"key":"SMITH"}],"path_taken":["M","M","?","M","$","R","M","E","T","R","$","?","?","M","R","BOSS"],"build_version":"2018-05-24","seed_source_timestamp":700008305963700,"purchased_purges":2,"victory":false,"master_deck":["Defend_G","Defend_G","Defend_G","Defend_G","Strike_G","Strike_G","Strike_G","Strike_G","Survivor","Neutralize","AscendersBane","Flying Knee+1","Flying Knee+1","Leg Sweep+1","Cloak And Dagger"],"max_hp_per_floor":[70,70,70,70,70,70,70,70,70,70,70,70,70,70,70,70],"relics":["Ring of the Snake","Paper Crane","Calipers","Ice Cream"],"card_choices":[{"not_picked":["Sucker Punch","Dagger Spray"],"picked":"Flying Knee","floor":1},{"not_picked":["Quick Slash","Riddle With Holes"],"picked":"Flying Knee","floor":2},{"not_picked":["Flechettes","Caltrops","PiercingWail"],"picked":"SKIP","floor":4},{"not_picked":["Prepared","Underhanded Strike","Bane"],"picked":"SKIP","floor":7},{"not_picked":["Choke","Wraith Form v2"],"picked":"Leg Sweep","floor":8},{"not_picked":["Acrobatics","Riddle With Holes"],"picked":"Cloak And Dagger","floor":12},{"not_picked":["Bane","All Out Attack","Deflect"],"picked":"SKIP","floor":13},{"not_picked":["Underhanded Strike","Noxious Fumes","Tools of the Trade"],"picked":"SKIP","floor":14},{"not_picked":["Underhanded Strike","Noxious Fumes","Tools of the Trade"],"picked":"SKIP","floor":14}],"player_experience":718080,"potions_floor_usage":[12,12,16,16,16],"damage_taken":[{"damage":5,"enemies":"Cultist","floor":1,"turns":5},{"damage":0,"enemies":"2 Louse","floor":2,"turns":3},{"damage":1,"enemies":"Small Slimes","floor":4,"turns":4},{"damage":4,"enemies":"Blue Slaver","floor":7,"turns":4},{"damage":36,"enemies":"3 Sentries","floor":8,"turns":9},{"damage":10,"enemies":"Lagavulin Event","floor":12,"turns":9},{"damage":2,"enemies":"Exordium Wildlife","floor":13,"turns":6},{"damage":0,"enemies":"2 Fungi Beasts","floor":14,"turns":5},{"damage":8,"enemies":"Hexaghost","floor":16,"turns":12}],"relics_obtained":[{"floor":8,"key":"Paper Crane"},{"floor":9,"key":"Calipers"}],"event_choices":[{"event_name":"Dead Adventurer","player_choice":"Searched \u00273\u0027 times","floor":12,"damage_taken":0}],"boss_relics":[],"items_purged_floors":[3,11],"potions_floor_spawned":[2,7,13,14],"seed_played":"4058406788364864503","killed_by":"Hexaghost","ascension_level":10,"potions_obtained":[{"floor":2,"key":"GhostInAJar"},{"floor":7,"key":"EntropicBrew"},{"floor":13,"key":"Dexterity Potion"},{"floor":14,"key":"Strength Potion"}],"is_trial":false}