{"path_per_floor":["M","M","?","?","$","R","$","R","T","R","M","$","R","?","R","B",null,"M","?","?","M","?","R","M","M","T","M","M","T","$","M","R","B",null,"M","$","?","M","M","R","M","R","T","R","E","M","M","M","R","B"],"character_chosen":"THE_SILENT","items_purchased":["Footwork","Prepared","Cloak And Dagger","Noxious Fumes"],"gold_per_floor":[112,123,198,198,33,33,33,33,59,59,74,23,23,23,23,126,126,140,140,55,73,73,73,91,109,109,129,146,146,7,22,22,121,121,139,14,0,10,29,29,40,40,90,90,125,140,155,173,173,173],"floor_reached":51,"campfire_rested":2,"playtime":3212,"current_hp_per_floor":[67,69,58,58,58,58,58,58,58,58,60,60,60,60,60,22,70,58,58,58,59,43,43,40,31,31,33,22,22,22,24,45,7,74,67,67,67,70,69,69,57,57,57,57,46,39,41,45,69,19],"items_purged":["Burst","Strike_G","Defend_G"],"gold":173,"score":819,"play_id":"368f9229-e30b-4e44-8a08-66bde04050ea","local_time":"20180312230825","is_prod":false,"is_daily":false,"is_ascension_mode":true,"campfire_upgraded":9,"timestamp":1520910505,"path_taken":["M","M","?","?","$","R","?","R","T","R","?","?","R","?","R","BOSS","M","?","?","?","?","R","M","M","T","M","M","?","?","M","R","BOSS","M","?","?","M","?","R","M","R","T","R","E","?","M","M","R","BOSS"],"build_version":"2018-03-09","purchased_purges":3,"victory":true,"master_deck":["Defend_G","Defend_G","Defend_G","Defend_G","Survivor","Neutralize","Dagger Spray+1","Backstab+1","Footwork+1","Prepared","Backflip+1","Cloak And Dagger+1","A Thousand Cuts+1","Noxious Fumes+1","Doppelganger","Escape Plan+1","Prepared","Adrenaline+1","Escape Plan+1","Noxious Fumes","Prepared+1","Bouncing Flask+1","Doppelganger+1","Noxious Fumes+1","Prepared+1","A Thousand Cuts+1","Prepared+1","A Thousand Cuts"],"max_hp_per_floor":[70,70,70,70,70,70,70,70,70,70,70,70,70,70,70,70,70,70,70,70,72,72,72,72,72,72,72,72,72,72,72,72,74,74,74,74,74,76,76,76,78,78,78,78,80,80,80,82,82,82],"relics":["Ring of the Snake","Blood Vial","Singing Bowl","Ornamental Fan","Sozu","Blue Candle","Enchiridion","Centennial Puzzle","Ice Cream","Astrolabe","Red Mask","Lantern","Prayer Wheel"],"card_choices":[{"not_picked":["Sucker Punch","Underhanded Strike"],"picked":"Dagger Spray"},{"not_picked":["Blade Dance","Well Laid Plans"],"picked":"Backstab"},{"not_picked":["All Out Attack","Prepared"],"picked":"Backflip"},{"not_picked":["Phantasmal Killer","Die Die Die"],"picked":"A Thousand Cuts"},{"not_picked":["Reflex","Deflect"],"picked":"Noxious Fumes"},{"not_picked":["Deadly Poison","Poisoned Stab"],"picked":"Escape Plan"},{"not_picked":["Accuracy","Distraction"],"picked":"Prepared"},{"not_picked":["Expertise","Outmaneuver"],"picked":"Adrenaline"},{"not_picked":["Setup","Flying Knee"],"picked":"Escape Plan"},{"not_picked":["Calculated Gamble","Backflip"],"picked":"Prepared"},{"not_picked":["Dash","Accuracy"],"picked":"Prepared"},{"not_picked":["Dash","Quick Slash"],"picked":"A Thousand Cuts"},{"not_picked":["Deadly Poison","Dodge and Roll"],"picked":"Prepared"},{"not_picked":["Blade Dance","Backflip"],"picked":"A Thousand Cuts"}],"player_experience":240689,"potions_floor_usage":[16,24],"damage_taken":[{"damage":3,"enemies":"Small Slimes","floor":1,"turns":5},{"damage":0,"enemies":"2 Louse","floor":2,"turns":3},{"damage":0,"enemies":"Jaw Worm","floor":11,"turns":2},{"damage":40,"enemies":"Slime Boss","floor":16,"turns":16},{"damage":12,"enemies":"2 Thieves","floor":18,"turns":3},{"damage":3,"enemies":"Chosen","floor":21,"turns":5},{"damage":5,"enemies":"Snake Plant","floor":24,"turns":5},{"damage":11,"enemies":"Snecko","floor":25,"turns":5},{"damage":0,"enemies":"Cultist and Chosen","floor":27,"turns":7},{"damage":13,"enemies":"Centurion and Healer","floor":28,"turns":3},{"damage":0,"enemies":"3 Cultists","floor":31,"turns":2},{"damage":42,"enemies":"Champ","floor":33,"turns":11},{"damage":7,"enemies":"3 Darklings","floor":35,"turns":4},{"damage":1,"enemies":"3 Shapes","floor":38,"turns":3},{"damage":3,"enemies":"Maw","floor":39,"turns":6},{"damage":16,"enemies":"4 Shapes","floor":41,"turns":3},{"damage":15,"enemies":"Giant Head","floor":45,"turns":6},{"damage":9,"enemies":"3 Darklings","floor":46,"turns":2},{"damage":0,"enemies":"Sphere and 2 Shapes","floor":47,"turns":2},{"damage":0,"enemies":"Maw","floor":48,"turns":6},{"damage":52,"enemies":"Donu and Deca","floor":50,"turns":7}],"event_choices":[{"event_name":"World of Goop","player_choice":"Gather Gold","floor":3,"damage_taken":0},{"event_name":"Living Wall","player_choice":"Change","floor":4,"damage_taken":0},{"event_name":"Accursed Blacksmith","player_choice":"Rummage","floor":14,"damage_taken":0},{"event_name":"Match and Keep!","player_choice":"1 cards matched","floor":19,"damage_taken":0},{"event_name":"Addict","player_choice":"Obtained Relic","floor":20,"damage_taken":0},{"event_name":"Cursed Tome","player_choice":"Obtained Book","floor":22,"damage_taken":0},{"event_name":"Tomb of Lord Red Mask","player_choice":"Paid","floor":37,"damage_taken":0}],"boss_relics":[{"not_picked":["Eternal Feather","Runic Dome"],"picked":"Sozu"},{"not_picked":["Philosopher\u0027s Stone","Tiny House"],"picked":"Astrolabe"}],"potions_floor_spawned":[1,11,16,21,24,31,33,35,38,46,47],"seed_played":"913139227583161357","ascension_level":4,"is_trial":false}