{"gold_per_floor":[111,111,111,135,154,154,172,172,172,190,209,81,13,33,33,161,224,239,239,258,271,290,290,290,290,290,290,304,304,322,342,342,342],"floor_reached":33,"playtime":1653,"items_purged":["Pain"],"score":268,"play_id":"df4cdf53-8fa1-49df-861a-746b6f648d6d","local_time":"20181022212503","is_ascension_mode":false,"campfire_choices":[{"data":"Armaments","floor":6,"key":"SMITH"},{"floor":8,"key":"REST"},{"data":"Rage","floor":15,"key":"SMITH"},{"data":"Armaments","floor":23,"key":"SMITH"},{"floor":27,"key":"REST"},{"floor":32,"key":"REST"}],"neow_cost":"CURSE","seed_source_timestamp":1100869750807424,"circlet_count":0,"master_deck":["Strike_R","Strike_R","Strike_R+1","Strike_R","Strike_R","Defend_R","Defend_R","Defend_R","Defend_R","Bash","Perfected Strike+1","Armaments+1","Wild Strike","Pommel Strike","Battle Trance","Rage+1","Demon Form","Perfected Strike","Armaments+1","Perfected Strike","Flex","Flex","RitualDagger","Twin Strike","Rage","Perfected Strike+1"],"relics":["Burning Blood","FossilizedHelix","Golden Idol","Shuriken","Tiny House","Boot","Regal Pillow"],"potions_floor_usage":[16,22,22,33,33],"damage_taken":[{"damage":5,"enemies":"Small Slimes","floor":1,"turns":5},{"damage":0,"enemies":"2 Louse","floor":4,"turns":4},{"damage":12,"enemies":"Jaw Worm","floor":5,"turns":2},{"damage":18,"enemies":"3 Louse","floor":7,"turns":3},{"damage":1,"enemies":"2 Fungi Beasts","floor":10,"turns":2},{"damage":11,"enemies":"Looter","floor":11,"turns":2},{"damage":11,"enemies":"Lots of Slimes","floor":14,"turns":4},{"damage":42,"enemies":"Hexaghost","floor":16,"turns":9},{"damage":10,"enemies":"Spheric Guardian","floor":18,"turns":4},{"damage":28,"enemies":"3 Byrds","floor":20,"turns":6},{"damage":38,"enemies":"Centurion and Healer","floor":21,"turns":5},{"damage":11,"enemies":"Chosen and Byrds","floor":22,"turns":6},{"damage":10,"enemies":"Sentry and Sphere","floor":28,"turns":4},{"damage":18,"enemies":"Colosseum Slavers","floor":29,"turns":4},{"damage":15,"enemies":"Centurion and Healer","floor":30,"turns":5},{"damage":42,"enemies":"Snecko","floor":31,"turns":7},{"damage":54,"enemies":"Collector","floor":33,"turns":6}],"seed_played":"6135267145277788789","potions_obtained":[{"floor":1,"key":"Explosive Potion"},{"floor":7,"key":"Regen Potion"},{"floor":10,"key":"EssenceOfSteel"},{"floor":17,"key":"Block Potion"},{"floor":22,"key":"Energy Potion"},{"floor":28,"key":"Weak Potion"}],"is_trial":false,"path_per_floor":["M","?","?","M","M","R","M","R","T","M","M","$","$","M","R","B",null,"M","?","M","M","M","R","?","?","T","R","M","?","M","M","R"],"character_chosen":"IRONCLAD","items_purchased":["Pommel Strike","Battle Trance"],"campfire_rested":3,"item_purchase_floors":[12,13],"current_hp_per_floor":[80,80,60,66,60,60,48,72,72,77,72,72,72,67,67,31,85,81,81,59,27,37,37,31,31,31,71,67,55,46,10,50,0],"gold":342,"neow_bonus":"ONE_RARE_RELIC","is_prod":false,"is_daily":false,"chose_seed":false,"campfire_upgraded":3,"win_rate":0,"timestamp":1540257903,"path_taken":["M","?","?","?","?","R","M","R","T","M","M","?","$","M","R","BOSS","M","?","M","?","M","R","?","?","T","R","?","?","M","M","R","BOSS"],"build_version":"2018-10-18","purchased_purges":1,"victory":false,"max_hp_per_floor":[80,80,80,80,80,80,80,80,80,80,80,80,80,80,80,80,85,85,85,85,85,85,85,85,85,85,85,85,85,85,85,85,85],"card_choices":[{"not_picked":["Warcry","Heavy Blade"],"picked":"Perfected Strike","floor":1},{"not_picked":["Blood for Blood","Warcry"],"picked":"Armaments","floor":4},{"not_picked":["True Grit","Shrug It Off"],"picked":"Wild Strike","floor":5},{"not_picked":["Iron Wave","Cleave","Sword Boomerang"],"picked":"SKIP","floor":7},{"not_picked":["Havoc","Rupture","Thunderclap"],"picked":"SKIP","floor":10},{"not_picked":["Feel No Pain","Reckless Charge","Iron Wave"],"picked":"SKIP","floor":11},{"not_picked":["Hemokinesis","Uppercut","Rage"],"picked":"SKIP","floor":14},{"not_picked":["Hemokinesis","Uppercut"],"picked":"Rage","floor":14},{"not_picked":["Berserk","Impervious"],"picked":"Demon Form","floor":16},{"not_picked":["Clothesline","Ghostly Armor"],"picked":"Perfected Strike","floor":17},{"not_picked":["Body Slam","Warcry+1"],"picked":"Armaments","floor":18},{"not_picked":["Havoc","Warcry"],"picked":"Flex","floor":20},{"not_picked":["Spot Weakness+1","Shockwave","Carnage"],"picked":"SKIP","floor":21},{"not_picked":["Intimidate+1","Combust"],"picked":"Flex","floor":22},{"not_picked":["Corruption+1","Seeing Red+1"],"picked":"Twin Strike","floor":28},{"not_picked":["Anger","Iron Wave+1"],"picked":"Rage","floor":30},{"not_picked":["Pommel Strike","Wild Strike"],"picked":"Perfected Strike+1","floor":31}],"player_experience":662289,"relics_obtained":[{"floor":9,"key":"Shuriken"},{"floor":26,"key":"Regal Pillow"}],"event_choices":[{"damage_healed":0,"gold_gain":0,"player_choice":"Grow","damage_taken":0,"max_hp_gain":0,"max_hp_loss":0,"event_name":"Living Wall","floor":2,"gold_loss":0,"cards_upgraded":["Perfected Strike"]},{"damage_healed":0,"gold_gain":0,"player_choice":"Take Damage","damage_taken":20,"relics_obtained":["Golden Idol"],"max_hp_gain":0,"max_hp_loss":0,"event_name":"Golden Idol","floor":3,"gold_loss":0},{"damage_healed":0,"gold_gain":0,"player_choice":"Read","damage_taken":0,"max_hp_gain":0,"max_hp_loss":0,"event_name":"The Library","floor":19,"gold_loss":0,"cards_obtained":["Perfected Strike"]},{"damage_healed":0,"gold_gain":0,"player_choice":"Joined the Cult","damage_taken":6,"max_hp_gain":0,"max_hp_loss":0,"event_name":"Nest","floor":24,"gold_loss":0,"cards_obtained":["RitualDagger"]},{"damage_healed":0,"gold_gain":0,"player_choice":"Gave Potion","damage_taken":0,"relics_obtained":["Boot"],"max_hp_gain":0,"max_hp_loss":0,"event_name":"WeMeetAgain","floor":25,"gold_loss":0},{"damage_healed":0,"gold_gain":0,"player_choice":"Fight","damage_taken":0,"max_hp_gain":0,"max_hp_loss":0,"event_name":"Colosseum","floor":29,"gold_loss":0},{"damage_healed":0,"gold_gain":0,"player_choice":"Fled From Nobs","damage_taken":0,"max_hp_gain":0,"max_hp_loss":0,"event_name":"Colosseum","floor":29,"gold_loss":0}],"is_beta":false,"boss_relics":[{"not_picked":["Black Blood","Eternal Feather"],"picked":"Tiny House"}],"items_purged_floors":[12],"is_endless":false,"potions_floor_spawned":[1,7,10,21,22,28,29],"killed_by":"Collector","ascension_level":0}