{"gold_per_floor":[110,129,105,105,105,105,148,171,171,96,96,110,110,110,110,110],"floor_reached":16,"playtime":565,"items_purged":["Perfected Strike"],"score":103,"play_id":"a0144961-6eba-41e3-b099-88b67d538137","local_time":"20190217164415","is_ascension_mode":true,"campfire_choices":[{"data":"Armaments","floor":6,"key":"SMITH"},{"data":"Whirlwind","floor":11,"key":"SMITH"},{"floor":15,"key":"REST"}],"neow_cost":"NONE","seed_source_timestamp":246379263179762,"circlet_count":0,"master_deck":["Strike_R","Strike_R","Strike_R+1","Strike_R","Defend_R","Defend_R","Defend_R","Defend_R","Bash+1","Whirlwind+1","Armaments+1","Whirlwind","Flex","Flex+1"],"relics":["Burning Blood","Golden Idol","WingedGreaves","Thread and Needle"],"potions_floor_usage":[16],"damage_taken":[{"damage":0,"enemies":"2 Louse","floor":1,"turns":4},{"damage":1,"enemies":"Jaw Worm","floor":2,"turns":3},{"damage":31,"enemies":"3 Sentries","floor":7,"turns":4},{"damage":1,"enemies":"Cultist","floor":8,"turns":3},{"damage":8,"enemies":"Exordium Thugs","floor":12,"turns":2},{"damage":46,"enemies":"The Guardian","floor":16,"turns":11}],"seed_played":"-6734774463840274914","potions_obtained":[{"floor":1,"key":"LiquidBronze"},{"floor":8,"key":"SmokeBomb"},{"floor":12,"key":"SteroidPotion"}],"is_trial":false,"path_per_floor":["M","M","$","?","?","R","E","M","T","$","R","M","?","?","R","B"],"character_chosen":"IRONCLAD","items_purchased":["Perfected Strike"],"campfire_rested":1,"item_purchase_floors":[3],"current_hp_per_floor":[80,80,80,60,65,65,40,45,45,45,45,43,36,19,44,0],"gold":110,"neow_bonus":"UPGRADE_CARD","is_prod":false,"is_daily":false,"chose_seed":false,"campfire_upgraded":2,"win_rate":0,"timestamp":1550439855,"path_taken":["M","M","$","?","?","R","E","M","T","?","R","?","?","?","R","BOSS"],"build_version":"2019-01-23","purchased_purges":1,"victory":false,"max_hp_per_floor":[80,80,80,80,85,85,85,85,85,85,85,85,85,85,85,85],"card_choices":[{"not_picked":["Ghostly Armor","Clash"],"picked":"Whirlwind","floor":1},{"not_picked":["Iron Wave","Havoc"],"picked":"Armaments","floor":2},{"not_picked":["Iron Wave","Burning Pact"],"picked":"Whirlwind","floor":7},{"not_picked":["Feel No Pain","Shrug It Off"],"picked":"Flex","floor":8},{"not_picked":["Clothesline","Anger"],"picked":"Flex","floor":12}],"player_experience":1052582,"relics_obtained":[{"floor":7,"key":"WingedGreaves"},{"floor":9,"key":"Thread and Needle"}],"event_choices":[{"damage_healed":0,"gold_gain":0,"player_choice":"Take Damage","damage_taken":20,"relics_obtained":["Golden Idol"],"max_hp_gain":0,"max_hp_loss":0,"event_name":"Golden Idol","floor":4,"gold_loss":0},{"damage_healed":0,"gold_gain":0,"player_choice":"Donut","damage_taken":0,"max_hp_gain":5,"max_hp_loss":0,"event_name":"Big Fish","floor":5,"gold_loss":0},{"cards_removed":["Strike_R"],"damage_healed":0,"gold_gain":0,"player_choice":"Card Removal","damage_taken":7,"max_hp_gain":0,"max_hp_loss":0,"event_name":"Golden Wing","floor":13,"gold_loss":0},{"damage_healed":0,"gold_gain":0,"player_choice":"Entered Light","damage_taken":17,"max_hp_gain":0,"max_hp_loss":0,"event_name":"Shining Light","floor":14,"gold_loss":0,"cards_upgraded":["Flex","Strike_R"]}],"is_beta":false,"boss_relics":[],"items_purged_floors":[10],"is_endless":false,"potions_floor_spawned":[1,8,12],"killed_by":"The Guardian","ascension_level":1}