{"gold_per_floor":[116,30,43,43,63,63,95,95,145,170],"floor_reached":10,"playtime":206,"items_purged":[],"score":114,"play_id":"c09b190d-f1a4-4e8a-974e-f0df2329c9ac","local_time":"20190301181812","is_ascension_mode":true,"campfire_choices":[{"data":"Quick Slash","floor":6,"key":"SMITH"}],"neow_cost":"NONE","seed_source_timestamp":169736936482558,"circlet_count":0,"master_deck":["AscendersBane","Defend_G","Defend_G+1","Defend_G","Defend_G","Defend_G","Strike_G","Strike_G","Strike_G","Strike_G","Survivor","Neutralize","PiercingWail+1","Quick Slash+1","All Out Attack"],"relics":["Ring of the Snake","NeowsBlessing","Strawberry","War Paint","Bronze Scales","Snake Skull"],"potions_floor_usage":[7],"damage_taken":[{"damage":0,"enemies":"2 Louse","floor":1,"turns":1},{"damage":0,"enemies":"Cultist","floor":3,"turns":1},{"damage":0,"enemies":"Jaw Worm","floor":5,"turns":1},{"damage":32,"enemies":"Gremlin Nob","floor":7,"turns":4},{"damage":27,"enemies":"3 Sentries","floor":10,"turns":6}],"seed_played":"-2048619361772442908","potions_obtained":[{"floor":3,"key":"GamblersBrew"},{"floor":5,"key":"Poison Potion"},{"floor":10,"key":"Energy Potion"}],"is_trial":false,"path_per_floor":["M","?","M","?","M","R","E","?","T","E"],"character_chosen":"THE_SILENT","items_purchased":[],"campfire_rested":0,"item_purchase_floors":[],"current_hp_per_floor":[63,70,70,70,70,70,38,31,31,4],"gold":170,"neow_bonus":"THREE_ENEMY_KILL","is_prod":false,"is_daily":false,"chose_seed":false,"campfire_upgraded":1,"win_rate":0,"timestamp":1551482292,"path_taken":["M","?","?","?","M","R","E","?","T","E"],"build_version":"2019-01-23","purchased_purges":0,"victory":false,"max_hp_per_floor":[70,77,77,77,77,77,77,77,77,77],"card_choices":[{"not_picked":["Outmaneuver","Cloak And Dagger","Dodge and Roll"],"picked":"SKIP","floor":1},{"not_picked":["Backflip","Outmaneuver"],"picked":"PiercingWail","floor":3},{"not_picked":["Blur","Calculated Gamble"],"picked":"Quick Slash","floor":5},{"not_picked":["Choke","Flying Knee"],"picked":"All Out Attack","floor":7}],"player_experience":304239,"relics_obtained":[{"floor":7,"key":"War Paint"},{"floor":9,"key":"Bronze Scales"},{"floor":10,"key":"Snake Skull"}],"event_choices":[{"damage_healed":0,"gold_gain":0,"player_choice":"Paid Gold","damage_taken":0,"relics_obtained":["Strawberry"],"max_hp_gain":0,"max_hp_loss":0,"event_name":"WeMeetAgain","floor":2,"gold_loss":86},{"damage_healed":0,"gold_gain":0,"player_choice":"Leave","damage_taken":0,"max_hp_gain":0,"max_hp_loss":0,"event_name":"The Cleric","floor":4,"gold_loss":0},{"cards_removed":["Strike_G"],"damage_healed":0,"gold_gain":0,"player_choice":"Card Removal","damage_taken":7,"max_hp_gain":0,"max_hp_loss":0,"event_name":"Golden Wing","floor":8,"gold_loss":0}],"is_beta":false,"boss_relics":[],"items_purged_floors":[],"is_endless":false,"potions_floor_spawned":[3,5,10],"killed_by":"3 Sentries","ascension_level":10}