{"gold_per_floor":[116,116,266,266,276,276,28,60,114,142,142,162,192,218,218,218],"floor_reached":16,"playtime":499,"items_purged":["Strike_R"],"score":275,"play_id":"ba77ad7c-374b-4332-8a49-9dc69fda39a2","local_time":"20190303020339","is_ascension_mode":true,"campfire_choices":[{"data":"Metallicize","floor":6,"key":"SMITH"},{"data":"Flex","floor":15,"key":"SMITH"}],"neow_cost":"NONE","seed_source_timestamp":103515082842997,"circlet_count":0,"master_deck":["AscendersBane","Strike_R","Strike_R","Strike_R","Strike_R","Defend_R","Defend_R","Defend_R","Bash","Metallicize+1","Thunderclap","Cleave","Flex+1","Headbutt"],"relics":["Burning Blood","NeowsBlessing","Oddly Smooth Stone","Omamori","Regal Pillow","Paper Frog","Art of War","Odd Mushroom"],"potions_floor_usage":[10,13,16],"damage_taken":[{"damage":0,"enemies":"2 Louse","floor":1,"turns":1},{"damage":0,"enemies":"Cultist","floor":5,"turns":1},{"damage":0,"enemies":"Lagavulin","floor":8,"turns":1},{"damage":32,"enemies":"3 Sentries","floor":10,"turns":10},{"damage":0,"enemies":"Small Slimes","floor":12,"turns":3},{"damage":24,"enemies":"Gremlin Nob","floor":13,"turns":4},{"damage":15,"enemies":"The Mushroom Lair","floor":14,"turns":3},{"damage":29,"enemies":"Hexaghost","floor":16,"turns":9}],"seed_played":"3591091013028955300","potions_obtained":[{"floor":5,"key":"Ancient Potion"},{"floor":8,"key":"Swift Potion"},{"floor":10,"key":"Weak Potion"},{"floor":13,"key":"SpeedPotion"}],"is_trial":false,"path_per_floor":["M","?","?","?","M","R","$","E","T","E","?","M","E","?","R","B"],"character_chosen":"IRONCLAD","items_purchased":["Oddly Smooth Stone"],"campfire_rested":0,"item_purchase_floors":[7],"current_hp_per_floor":[74,74,74,74,75,75,75,75,75,49,49,55,37,28,28,0],"gold":218,"neow_bonus":"THREE_ENEMY_KILL","is_prod":false,"is_daily":false,"chose_seed":false,"campfire_upgraded":2,"win_rate":0,"timestamp":1551546219,"path_taken":["M","?","?","?","?","R","$","E","T","E","?","M","E","?","R","BOSS"],"build_version":"2019-01-23","purchased_purges":1,"victory":false,"max_hp_per_floor":[75,75,75,75,75,75,75,75,75,75,75,75,75,75,75,75],"card_choices":[{"not_picked":["Clash","Armaments"],"picked":"Metallicize","floor":1},{"not_picked":["Sentinel","Armaments"],"picked":"Thunderclap","floor":5},{"not_picked":["Dark Embrace","Entrench"],"picked":"Cleave","floor":8},{"not_picked":["Shockwave","Anger","Cleave"],"picked":"SKIP","floor":10},{"not_picked":["Clothesline","Power Through"],"picked":"Flex","floor":12},{"not_picked":["Clothesline","Offering","Havoc"],"picked":"SKIP","floor":13},{"not_picked":["Shockwave","Pummel"],"picked":"Headbutt","floor":14}],"player_experience":1021069,"relics_obtained":[{"floor":8,"key":"Omamori"},{"floor":9,"key":"Regal Pillow"},{"floor":10,"key":"Paper Frog"},{"floor":13,"key":"Art of War"},{"floor":14,"key":"Odd Mushroom"}],"event_choices":[{"cards_removed":["Defend_R"],"damage_healed":0,"gold_gain":0,"player_choice":"Forget","damage_taken":0,"max_hp_gain":0,"max_hp_loss":0,"event_name":"Living Wall","floor":2,"gold_loss":0},{"damage_healed":0,"gold_gain":150,"player_choice":"AGREE","damage_taken":0,"max_hp_gain":0,"max_hp_loss":0,"event_name":"Liars Game","floor":3,"gold_loss":0,"cards_obtained":["Doubt"]},{"cards_removed":["Doubt"],"damage_healed":0,"gold_gain":0,"player_choice":"Removed Curses","damage_taken":0,"max_hp_gain":0,"max_hp_loss":0,"event_name":"Fountain of Cleansing","floor":4,"gold_loss":0},{"damage_healed":0,"gold_gain":0,"player_choice":"Ignored","damage_taken":0,"max_hp_gain":0,"max_hp_loss":0,"event_name":"Shining Light","floor":11,"gold_loss":0},{"damage_healed":0,"gold_gain":0,"player_choice":"Fought Mushrooms","damage_taken":0,"max_hp_gain":0,"max_hp_loss":0,"event_name":"Mushrooms","floor":14,"gold_loss":0}],"is_beta":false,"boss_relics":[],"items_purged_floors":[7],"is_endless":false,"potions_floor_spawned":[5,8,10,13],"killed_by":"Hexaghost","ascension_level":19}