{"path_per_floor":["M","$","M","?","?","R","M","R","T","R","?","M","M","M","R","B",null,"M","M","M","M","M","R","$","R","T","?","M","?","?","M","R","B",null,"M","?","M","?","M","R","?","M","T","M","?","M","R","$","R"],"character_chosen":"IRONCLAD","items_purchased":["Bottled Tornado","Deep Breath","Bird Faced Urn"],"gold_per_floor":[119,44,59,59,59,59,75,75,148,148,148,159,171,191,191,289,289,309,319,329,345,357,357,7,7,7,7,23,23,23,36,36,131,131,149,249,268,268,280,280,280,299,372,387,387,401,401,1,1,1],"floor_reached":50,"campfire_rested":4,"playtime":6045,"current_hp_per_floor":[80,80,80,80,62,62,68,68,68,80,80,70,65,66,66,29,80,80,80,80,76,57,57,57,57,57,57,58,58,58,55,79,80,80,80,80,75,65,27,51,51,40,40,26,26,32,32,32,56,0],"items_purged":["Defend_R","Strike_R"],"gold":1,"score":616,"play_id":"c07aa6b7-4e42-4595-a718-7a1823d1f67a","local_time":"20180323183553","is_prod":false,"is_daily":false,"is_ascension_mode":true,"campfire_upgraded":6,"timestamp":1521844553,"path_taken":["M","$","?","?","?","R","M","R","T","R","?","?","M","M","R","BOSS","M","M","M","M","M","R","$","R","T","?","M","?","?","?","R","BOSS","M","?","M","?","M","R","?","M","T","M","?","?","R","$","R","BOSS"],"build_version":"2018-03-22v2","purchased_purges":2,"victory":false,"master_deck":["Strike_R","Strike_R","Strike_R","Defend_R","Defend_R","Defend_R","Bash","Shrug It Off+1","Shrug It Off+1","Body Slam+1","Double Tap","Barricade+1","Burning Pact+1","Entrench+1","Shrug It Off","Body Slam+1","Deep Breath","Power Through","Metallicize+1","Juggernaut","Juggernaut+1","Madness","Madness"],"max_hp_per_floor":[80,80,80,80,80,80,80,80,80,80,80,80,80,80,80,80,80,80,80,80,80,80,80,80,80,80,80,80,80,80,80,80,80,80,80,80,80,80,80,80,80,80,80,80,80,80,80,80,80,80],"relics":["Burning Blood","Omamori","Dodecahedron","Runic Dome","Bottled Tornado","Mercury Hourglass","Lizard Tail","Toxic Egg 2","Bird Faced Urn"],"card_choices":[{"not_picked":["Warcry","Body Slam"],"picked":"Shrug It Off","floor":0},{"not_picked":["Wild Strike","Sword Boomerang"],"picked":"Shrug It Off","floor":1},{"not_picked":["Iron Wave","Perfected Strike"],"picked":"Body Slam","floor":3},{"not_picked":["Anger","Clothesline"],"picked":"Barricade","floor":12},{"not_picked":["Armaments","Twin Strike"],"picked":"Burning Pact","floor":19},{"not_picked":["Iron Wave","Wild Strike"],"picked":"Entrench","floor":20},{"not_picked":["Clash","Sever Soul"],"picked":"Shrug It Off","floor":21},{"not_picked":["Sentinel","Power Through"],"picked":"Body Slam","floor":22},{"not_picked":["Pummel","Seeing Red"],"picked":"Metallicize","floor":31},{"not_picked":["Berserk","Feed"],"picked":"Juggernaut","floor":33},{"not_picked":["Twin Strike","True Grit"],"picked":"Juggernaut","floor":37}],"player_experience":325526,"potions_floor_usage":[16,16,22,33,42,44,50,50],"damage_taken":[{"damage":6,"enemies":"Cultist","floor":1,"turns":3},{"damage":5,"enemies":"Jaw Worm","floor":3,"turns":5},{"damage":0,"enemies":"2 Louse","floor":7,"turns":2},{"damage":16,"enemies":"Large Slime","floor":12,"turns":7},{"damage":11,"enemies":"Looter","floor":13,"turns":2},{"damage":5,"enemies":"3 Louse","floor":14,"turns":5},{"damage":43,"enemies":"The Guardian","floor":16,"turns":11},{"damage":5,"enemies":"Chosen","floor":18,"turns":4},{"damage":1,"enemies":"3 Byrds","floor":19,"turns":6},{"damage":0,"enemies":"Snecko","floor":20,"turns":3},{"damage":10,"enemies":"Centurion and Healer","floor":21,"turns":6},{"damage":25,"enemies":"Snake Plant","floor":22,"turns":5},{"damage":5,"enemies":"3 Cultists","floor":28,"turns":5},{"damage":9,"enemies":"Centurion and Healer","floor":31,"turns":5},{"damage":0,"enemies":"Champ","floor":33,"turns":4},{"damage":0,"enemies":"3 Shapes","floor":35,"turns":4},{"damage":11,"enemies":"Orb Walker","floor":37,"turns":5},{"damage":44,"enemies":"4 Shapes","floor":39,"turns":5},{"damage":17,"enemies":"3 Darklings","floor":42,"turns":7},{"damage":20,"enemies":"Sphere and 2 Shapes","floor":44,"turns":6},{"damage":0,"enemies":"Maw","floor":46,"turns":7},{"damage":112,"enemies":"Donu and Deca","floor":50,"turns":7}],"event_choices":[{"event_name":"Living Wall","player_choice":"Grow","floor":4,"damage_taken":0},{"event_name":"Scrap Ooze","player_choice":"success","floor":5,"damage_taken":18},{"event_name":"Match and Keep!","player_choice":"1 cards matched","floor":11,"damage_taken":0},{"event_name":"Cursed Tome","player_choice":"Ignored","floor":27,"damage_taken":0},{"event_name":"The Lab","player_choice":"Got Potions","floor":29,"damage_taken":0},{"event_name":"Transmorgrifier","player_choice":"Transform","floor":30,"damage_taken":0},{"event_name":"Golden Shrine","player_choice":"Pray","floor":36,"damage_taken":0},{"event_name":"Winding Halls","player_choice":"Embrace Madness","floor":38,"damage_taken":0},{"event_name":"Mysterious Sphere","player_choice":"Ignore","floor":41,"damage_taken":0},{"event_name":"Tomb of Lord Red Mask","player_choice":"Ignored","floor":45,"damage_taken":0}],"boss_relics":[{"not_picked":["Black Blood","Ectoplasm"],"picked":"Runic Dome"},{"not_picked":["Philosopher\u0027s Stone","Mark of Pain"],"picked":"Lizard Tail"}],"potions_floor_spawned":[7,13,16,22,31,39,42],"seed_played":"-2736944563049186976","killed_by":"Donu and Deca","ascension_level":4,"is_trial":false}