{"gold_per_floor":[109,127,145,70,83,83,106,106,106,119,136,36,46,65,65,161,161,173,173,255,354,279,279,79,107,107,107,107,107,120,130,130,130],"floor_reached":33,"playtime":2852,"items_purged":["Strike_G","Strike_G","Defend_G"],"score":308,"play_id":"6ddc7a46-2bf9-4e6d-8154-f695e3793d41","local_time":"20181029003959","is_ascension_mode":true,"campfire_choices":[{"data":"Footwork","floor":6.0,"key":"SMITH"},{"data":"Neutralize","floor":8.0,"key":"SMITH"},{"floor":15.0,"key":"REST"},{"floor":23.0,"key":"REST"},{"floor":27.0,"key":"REST"},{"data":"Night Terror","floor":29.0,"key":"SMITH"},{"floor":32,"key":"REST"}],"neow_cost":"PERCENT_DAMAGE","seed_source_timestamp":0,"circlet_count":0,"master_deck":["Defend_G","Defend_G","Defend_G","Defend_G","Strike_G","Strike_G","Strike_G","Survivor","Neutralize+1","Footwork+1","Heel Hook","Well Laid Plans","Escape Plan","Night Terror+1","Escape Plan","Acrobatics","Footwork"],"special_seed":0,"relics":["Ring of the Snake","Incense Burner","Odd Mushroom","Lantern","Paper Crane","Red Mask","Mercury Hourglass"],"potions_floor_usage":[33],"damage_taken":[{"damage":0.0,"enemies":"2 Louse","floor":1.0,"turns":4.0},{"damage":0.0,"enemies":"Jaw Worm","floor":2.0,"turns":6.0},{"damage":0.0,"enemies":"Small Slimes","floor":3.0,"turns":4.0},{"damage":0.0,"enemies":"2 Fungi Beasts","floor":5.0,"turns":6.0},{"damage":11.0,"enemies":"The Mushroom Lair","floor":7.0,"turns":8.0},{"damage":0.0,"enemies":"3 Louse","floor":10.0,"turns":5.0},{"damage":1.0,"enemies":"Blue Slaver","floor":11.0,"turns":5.0},{"damage":0.0,"enemies":"Looter","floor":13.0,"turns":4.0},{"damage":0.0,"enemies":"Exordium Wildlife","floor":14.0,"turns":5.0},{"damage":9.0,"enemies":"The Guardian","floor":16.0,"turns":15.0},{"damage":20.0,"enemies":"Chosen","floor":18.0,"turns":10.0},{"damage":8.0,"enemies":"2 Thieves","floor":22.0,"turns":5.0},{"damage":46.0,"enemies":"Masked Bandits","floor":25.0,"turns":9.0},{"damage":10.0,"enemies":"Snecko","floor":30.0,"turns":12.0},{"damage":0,"enemies":"Centurion and Healer","floor":31,"turns":8},{"damage":77,"enemies":"Automaton","floor":33,"turns":12}],"seed_played":"5917123596736535329","potions_obtained":[{"floor":2.0,"key":"Explosive Potion"},{"floor":10.0,"key":"PowerPotion"},{"floor":11.0,"key":"FairyPotion"},{"floor":13.0,"key":"SkillPotion"},{"floor":16.0,"key":"SkillPotion"},{"floor":30,"key":"Energy Potion"},{"floor":31,"key":"Block Potion"}],"is_trial":false,"path_per_floor":["M","M","M","$","M","R","?","R","T","M","M","$","M","M","R","B",null,"M","?","T","?","M","R","$","?","T","R","$","R","M","M","R"],"character_chosen":"THE_SILENT","items_purchased":["Footwork"],"campfire_rested":4,"item_purchase_floors":[24],"current_hp_per_floor":[45,45,45,45,45,45,34,34,34,34,33,33,33,33,54,45,64,44,44,44,44,36,57,57,11,11,32,32,32,22,22,43,0],"gold":130,"neow_bonus":"ONE_RARE_RELIC","is_prod":false,"is_daily":false,"chose_seed":false,"campfire_upgraded":3,"win_rate":0,"timestamp":1540787999,"path_taken":["M","M","M","$","M","R","?","R","T","M","M","$","M","M","R","BOSS","M","?","?","?","?","R","?","?","T","R","$","R","M","M","R","BOSS"],"build_version":"2018-10-25v2","purchased_purges":3,"victory":false,"max_hp_per_floor":[70,70,70,70,70,70,70,70,70,70,70,70,70,70,70,70,70,70,70,70,70,70,70,70,70,70,70,70,70,70,70,70,70],"card_choices":[{"not_picked":["Slice","Flying Knee"],"picked":"Footwork","floor":1.0},{"not_picked":["PiercingWail","Skewer"],"picked":"Heel Hook","floor":2.0},{"not_picked":["Reflex","Bane","Quick Slash"],"picked":"SKIP","floor":3.0},{"not_picked":["Dodge and Roll","Bane"],"picked":"Well Laid Plans","floor":5.0},{"not_picked":["Prepared","Backflip","Cloak And Dagger"],"picked":"SKIP","floor":10.0},{"not_picked":["Cloak And Dagger","Flying Knee","Bane"],"picked":"SKIP","floor":11.0},{"not_picked":["Infinite Blades","Blade Dance","PiercingWail"],"picked":"SKIP","floor":13.0},{"not_picked":["Reflex","Terror"],"picked":"Escape Plan","floor":14.0},{"not_picked":["Storm of Steel","Wraith Form v2"],"picked":"Night Terror","floor":16.0},{"not_picked":["Caltrops","Predator","Footwork"],"picked":"SKIP","floor":18.0},{"not_picked":["Leg Sweep","Prepared"],"picked":"Acrobatics","floor":22.0},{"not_picked":["Outmaneuver+1","Skewer","Deadly Poison"],"picked":"SKIP","floor":30},{"not_picked":["Riddle With Holes+1","Acrobatics","Sucker Punch"],"picked":"SKIP","floor":31}],"player_experience":689680,"relics_obtained":[{"floor":7.0,"key":"Odd Mushroom"},{"floor":9.0,"key":"Lantern"},{"floor":20.0,"key":"Paper Crane"},{"floor":25.0,"key":"Red Mask"},{"floor":26.0,"key":"Mercury Hourglass"}],"event_choices":[{"damage_healed":0.0,"max_hp_gain":0.0,"max_hp_loss":0.0,"gold_gain":0.0,"event_name":"Mushrooms","player_choice":"Fought Mushrooms","floor":7.0,"gold_loss":0.0,"damage_taken":0.0},{"damage_healed":0.0,"max_hp_gain":0.0,"max_hp_loss":0.0,"gold_gain":0.0,"event_name":"The Library","player_choice":"Read","floor":19.0,"gold_loss":0.0,"damage_taken":0.0,"cards_obtained":["Escape Plan"]},{"damage_healed":0.0,"max_hp_gain":0.0,"max_hp_loss":0.0,"gold_gain":99.0,"event_name":"Nest","player_choice":"Stole From Cult","floor":21.0,"gold_loss":0.0,"damage_taken":0.0},{"damage_healed":0.0,"max_hp_gain":0.0,"max_hp_loss":0.0,"gold_gain":0.0,"event_name":"Masked Bandits","player_choice":"Fought Bandits","floor":25.0,"gold_loss":0.0,"damage_taken":0.0}],"is_beta":false,"boss_relics":[{"not_picked":["Coffee Dripper","Ectoplasm","WristBlade"]}],"items_purged_floors":[4,12,24],"is_endless":false,"potions_floor_spawned":[2,10,11,13,16,30,31],"killed_by":"Automaton","ascension_level":6}