{"path_per_floor":["M","M","?","?","M","R","M","M","T","M","M","R","$","M","R","B",null,"M","M","?","?"],"character_chosen":"IRONCLAD","items_purchased":["Prayer Wheel"],"gold_per_floor":[109,124,74,74,99,99,112,128,128,141,161,161,6,25,25,144,144,160,179,179,179],"floor_reached":22,"campfire_rested":0,"playtime":994,"current_hp_per_floor":[76,80,80,60,61,61,53,51,51,46,50,50,50,55,55,24,80,56,40,40,40],"items_purged":[],"gold":179,"score":180,"play_id":"49612040-444a-4372-82df-da52a5fe717f","is_prod":false,"is_daily":false,"is_ascension_mode":false,"campfire_upgraded":3,"path_taken":["M","?","?","?","M","R","M","M","T","M","M","R","$","M","R","BOSS","M","M","?","?","M"],"build_version":"2018-02-22-PROD2","purchased_purges":0,"victory":false,"master_deck":["Strike_R","Strike_R","Strike_R","Strike_R","Strike_R","Defend_R","Defend_R","Defend_R","Bash+1","Headbutt","Headbutt","Headbutt","Dual Wield","Rampage+1","Flex+1","Bludgeon","Seeing Red","Seeing Red","Uppercut","Dual Wield","Armaments","Writhe"],"max_hp_per_floor":[80,80,80,80,80,80,80,80,80,80,80,80,80,80,80,80,80,80,80,80,80],"relics":["Burning Blood","Bloody Idol","Torii","Prayer Wheel","Orrery","Happy Flower"],"card_choices":[{"not_picked":["Sword Boomerang","Dark Embrace"],"picked":"Headbutt"},{"not_picked":["Anger","Wild Strike"],"picked":"Headbutt"},{"not_picked":["Shockwave","Evolve"],"picked":"Headbutt"},{"not_picked":["Wild Strike","Twin Strike"],"picked":"Dual Wield"},{"not_picked":["Warcry","Inflame"],"picked":"Rampage"},{"not_picked":["Heavy Blade","Perfected Strike"],"picked":"Flex"},{"not_picked":["Immolate","Barricade"],"picked":"Bludgeon"},{"not_picked":["Ghostly Armor","Spot Weakness"],"picked":"Seeing Red"},{"not_picked":["True Grit","Clothesline"],"picked":"Seeing Red"},{"not_picked":["Heavy Blade","Twin Strike"],"picked":"Uppercut"},{"not_picked":["Rupture","Disarm"],"picked":"Dual Wield"},{"not_picked":["Flame Barrier","Entrench"],"picked":"Armaments"}],"player_experience":60749,"potions_floor_usage":[11,16,19,22,22],"damage_taken":[{"damage":10,"enemies":"Cultist","floor":1,"turns":4},{"damage":1,"enemies":"Jaw Worm","floor":2,"turns":3},{"damage":5,"enemies":"Small Slimes","floor":5,"turns":3},{"damage":14,"enemies":"3 Louse","floor":7,"turns":4},{"damage":8,"enemies":"Large Slime","floor":8,"turns":5},{"damage":11,"enemies":"Looter","floor":10,"turns":3},{"damage":2,"enemies":"Lots of Slimes","floor":11,"turns":4},{"damage":1,"enemies":"2 Fungi Beasts","floor":14,"turns":2},{"damage":37,"enemies":"The Guardian","floor":16,"turns":6},{"damage":30,"enemies":"2 Thieves","floor":18,"turns":3},{"damage":22,"enemies":"3 Byrds","floor":19,"turns":6},{"damage":40,"enemies":"Slaver and Parasite","floor":22,"turns":5}],"event_choices":[{"event_name":"The Cleric","player_choice":"Card Removal","floor":3,"damage_taken":0},{"event_name":"Golden Idol","player_choice":"Take Damage","floor":4,"damage_taken":0},{"event_name":"Forgotten Altar","player_choice":"Gave Idol","floor":20,"damage_taken":0},{"event_name":"The Mausoleum","player_choice":"Yes","floor":21,"damage_taken":0}],"boss_relics":[{"not_picked":["Philosopher\u0027s Stone","Calling Bell"],"picked":"Orrery"}],"potions_floor_spawned":[5,7,14,16,19],"seed_played":"-7322740052160989918","killed_by":"Slaver and Parasite","ascension_level":0,"is_trial":false}