{"gold_per_floor":[209,34,34,51,68,98,98,114,138,162,162,237,255,289,289,420,420,439,463,253,269,61,95,95,133,133,133,148,148,20,48,48,144,144,164,164,164,164,182,192,192],"floor_reached":41,"playtime":2442,"items_purged":["Regret"],"score":559,"play_id":"bf4a6803-faec-4a3f-8492-740e8bcdd3ae","local_time":"20190119115601","is_ascension_mode":true,"campfire_choices":[{"floor":15,"key":"REST"},{"floor":24,"key":"REST"},{"floor":32,"key":"REST"}],"neow_cost":"NONE","seed_source_timestamp":238810809781000,"circlet_count":0,"master_deck":["Strike_R","Strike_R","Strike_R","Strike_R","Defend_R","Defend_R","Defend_R","Defend_R+1","Bash","Whirlwind","Apotheosis","Shockwave+1","Seeing Red","Inflame","Iron Wave","Battle Trance","Pummel","Limit Break","Thunderclap+1","Spot Weakness","Fiend Fire","Dropkick","Flex","Dual Wield+1","Ghostly Armor","Brutality","Demon Form","Magnetism","Heavy Blade+1","Shrug It Off+1"],"relics":["Burning Blood","Pen Nib","Bloody Idol","War Paint","Vajra","Happy Flower","Fusion Hammer","Membership Card","Bag of Preparation","Juzu Bracelet","Unceasing Top","Enchiridion","Red Skull","Kunai","Eternal Feather"],"potions_floor_usage":[6,14,23,23,23,25,25,25,25,31,31,33,40,40],"damage_taken":[{"damage":6,"enemies":"Small Slimes","floor":1,"turns":4},{"damage":10,"enemies":"Cultist","floor":4,"turns":5},{"damage":15,"enemies":"Jaw Worm","floor":5,"turns":4},{"damage":11,"enemies":"Lagavulin","floor":6,"turns":6},{"damage":2,"enemies":"2 Fungi Beasts","floor":8,"turns":3},{"damage":13,"enemies":"Looter","floor":10,"turns":4},{"damage":14,"enemies":"Exordium Wildlife","floor":13,"turns":4},{"damage":18,"enemies":"Gremlin Nob","floor":14,"turns":3},{"damage":25,"enemies":"The Guardian","floor":16,"turns":9},{"damage":35,"enemies":"2 Thieves","floor":18,"turns":4},{"damage":13,"enemies":"Chosen","floor":19,"turns":3},{"damage":0,"enemies":"Snecko","floor":21,"turns":2},{"damage":20,"enemies":"Slavers","floor":23,"turns":3},{"damage":6,"enemies":"Book of Stabbing","floor":25,"turns":3},{"damage":5,"enemies":"Sentry and Sphere","floor":28,"turns":3},{"damage":0,"enemies":"Slavers","floor":31,"turns":2},{"damage":43,"enemies":"Collector","floor":33,"turns":5},{"damage":10,"enemies":"3 Darklings","floor":35,"turns":4},{"damage":0,"enemies":"Orb Walker","floor":39,"turns":2},{"damage":25,"enemies":"Jaw Worm Horde","floor":40,"turns":4},{"damage":102,"enemies":"Nemesis","floor":41,"turns":6}],"seed_played":"-6179524424852139013","potions_obtained":[{"floor":1,"key":"Dexterity Potion"},{"floor":13,"key":"BloodPotion"},{"floor":16,"key":"Block Potion"},{"floor":19,"key":"Energy Potion"},{"floor":21,"key":"GamblersBrew"},{"floor":23,"key":"EntropicBrew"},{"floor":28,"key":"Fire Potion"},{"floor":33,"key":"LiquidBronze"},{"floor":39,"key":"SpeedPotion"}],"is_trial":false,"path_per_floor":["M","$","?","M","M","E","?","M","T","M","?","?","M","E","R","B",null,"M","M","$","M","$","E","R","E","T","?","M","?","$","E","R","B",null,"M","?","?","$","M","M","E"],"character_chosen":"IRONCLAD","items_purchased":["Apotheosis","Fiend Fire","Membership Card","Red Skull","Poison Potion","Swift Potion"],"campfire_rested":3,"item_purchase_floors":[2,20,22,30,30,30],"current_hp_per_floor":[80,80,80,76,67,62,62,66,66,59,59,48,40,35,57,38,74,45,38,38,44,44,30,52,52,52,36,37,37,37,48,70,38,74,74,74,74,74,74,60,0],"gold":192,"neow_bonus":"HUNDRED_GOLD","is_prod":false,"is_daily":false,"chose_seed":false,"campfire_upgraded":0,"win_rate":0,"timestamp":1547916961,"path_taken":["M","$","?","?","M","E","?","M","T","M","?","?","M","E","R","BOSS","M","M","$","M","$","E","R","E","T","?","M","?","?","E","R","BOSS","M","?","?","$","M","M","E"],"build_version":"2019-01-17v2","purchased_purges":1,"victory":false,"max_hp_per_floor":[80,80,80,80,80,80,74,74,74,74,74,74,74,74,74,74,74,74,74,74,74,74,74,74,74,74,74,74,74,74,74,74,74,74,74,74,74,74,74,74,74],"card_choices":[{"not_picked":["Sentinel","Feel No Pain"],"picked":"Whirlwind","floor":1},{"not_picked":["Warcry","Clothesline"],"picked":"Shockwave","floor":4},{"not_picked":["Perfected Strike","Blood for Blood"],"picked":"Seeing Red","floor":5},{"not_picked":["Warcry","Shockwave"],"picked":"Inflame","floor":6},{"not_picked":["Headbutt","Whirlwind"],"picked":"Iron Wave","floor":8},{"not_picked":["Power Through","Searing Blow"],"picked":"Battle Trance","floor":10},{"not_picked":["Pommel Strike","True Grit"],"picked":"Pummel","floor":13},{"not_picked":["Sword Boomerang","Body Slam","Twin Strike"],"picked":"SKIP","floor":14},{"not_picked":["Barricade","Berserk"],"picked":"Limit Break","floor":16},{"not_picked":["Body Slam","Bloodletting"],"picked":"Thunderclap+1","floor":18},{"not_picked":["Cleave","Second Wind"],"picked":"Spot Weakness","floor":19},{"not_picked":["Perfected Strike+1","Warcry"],"picked":"Dropkick","floor":21},{"not_picked":["Flame Barrier","Anger"],"picked":"Flex","floor":23},{"not_picked":["Body Slam+1","Sever Soul+1"],"picked":"Dual Wield+1","floor":25},{"not_picked":["Headbutt+1","Fire Breathing"],"picked":"Ghostly Armor","floor":28},{"not_picked":["Cleave","Anger"],"picked":"Brutality","floor":31},{"not_picked":["Exhume","Feed"],"picked":"Demon Form","floor":33},{"not_picked":["Bloodletting","Clash","Feel No Pain"],"picked":"SKIP","floor":35},{"not_picked":["Violence","PanicButton"],"picked":"Magnetism","floor":36},{"not_picked":["Shockwave","Sever Soul"],"picked":"Heavy Blade+1","floor":39},{"not_picked":["Flex+1","True Grit+1"],"picked":"Shrug It Off+1","floor":40}],"player_experience":424622,"relics_obtained":[{"floor":6,"key":"Pen Nib"},{"floor":9,"key":"War Paint"},{"floor":14,"key":"Happy Flower"},{"floor":23,"key":"Bag of Preparation"},{"floor":25,"key":"Juzu Bracelet"},{"floor":26,"key":"Unceasing Top"},{"floor":27,"key":"Enchiridion"},{"floor":31,"key":"Kunai"}],"event_choices":[{"cards_removed":["Strike_R"],"damage_healed":0,"gold_gain":0,"player_choice":"Offered Basic","damage_taken":0,"max_hp_gain":0,"max_hp_loss":0,"event_name":"Bonfire Elementals","floor":3,"gold_loss":0},{"damage_healed":0,"gold_gain":0,"player_choice":"Lose Max HP","damage_taken":0,"relics_obtained":["Golden Idol"],"max_hp_gain":0,"max_hp_loss":6,"event_name":"Golden Idol","floor":7,"gold_loss":0},{"damage_healed":0,"gold_gain":0,"player_choice":"Box","damage_taken":0,"relics_obtained":["Vajra"],"max_hp_gain":0,"max_hp_loss":0,"event_name":"Big Fish","floor":11,"gold_loss":0,"cards_obtained":["Regret"]},{"damage_healed":0,"gold_gain":75,"player_choice":"Gather Gold","damage_taken":11,"max_hp_gain":0,"max_hp_loss":0,"event_name":"World of Goop","floor":12,"gold_loss":0},{"damage_healed":0,"gold_gain":0,"player_choice":"Obtained Book","damage_taken":16,"max_hp_gain":0,"max_hp_loss":0,"event_name":"Cursed Tome","floor":27,"gold_loss":0},{"damage_healed":0,"gold_gain":0,"player_choice":"Gave Idol","damage_taken":0,"relics_obtained":["Bloody Idol"],"max_hp_gain":0,"max_hp_loss":0,"event_name":"Forgotten Altar","floor":29,"relics_lost":["Golden Idol"],"gold_loss":0},{"damage_healed":0,"gold_gain":0,"player_choice":"Memory 1","damage_taken":0,"max_hp_gain":0,"max_hp_loss":0,"event_name":"SensoryStone","floor":36,"gold_loss":0},{"damage_healed":0,"gold_gain":0,"player_choice":"Ignored","damage_taken":0,"max_hp_gain":0,"max_hp_loss":0,"event_name":"Tomb of Lord Red Mask","floor":37,"gold_loss":0}],"is_beta":false,"boss_relics":[{"not_picked":["Calling Bell","Empty Cage"],"picked":"Fusion Hammer"},{"not_picked":["Snecko Eye","Orrery"],"picked":"Eternal Feather"}],"items_purged_floors":[20],"is_endless":false,"potions_floor_spawned":[1,13,16,19,21,23,28,33,39],"killed_by":"Nemesis","ascension_level":3}