{"path_per_floor":["M","$","M","M","M","R","E","R","T","R","?","$","?","M","R","B",null,"M","?","$","?","?"],"character_chosen":"IRONCLAD","items_purchased":["Uppercut","Cleave"],"gold_per_floor":[115,39,57,69,84,84,111,111,111,111,111,36,36,60,60,189,189,208,208,183,183,183],"floor_reached":23,"campfire_rested":1,"playtime":656,"current_hp_per_floor":[70,70,75,73,70,70,55,55,55,79,79,79,74,57,57,38,65,52,51,51,51,51],"items_purged":["Clumsy"],"gold":183,"score":278,"play_id":"92b26a68-8619-4eaa-acb3-a77b6c539a1f","local_time":"20180309193057","is_prod":false,"is_daily":false,"is_ascension_mode":true,"campfire_upgraded":3,"timestamp":1520645457,"path_taken":["M","$","M","M","M","R","E","R","T","R","?","$","?","?","R","BOSS","M","?","$","?","?","E"],"build_version":"2018-03-09","purchased_purges":2,"victory":false,"master_deck":["Defend_R+1","Defend_R+1","Defend_R+1","Defend_R+1","Bash","Limit Break","Uppercut+1","Cleave","Pommel Strike","Rampage+1","Infernal Blade+1","Sword Boomerang","Bludgeon","Shrug It Off+1","Bite","Bite","Bite","Bite","Bite","Cleave","Writhe"],"max_hp_per_floor":[80,80,80,80,80,80,80,80,80,80,80,80,74,74,74,74,74,74,51,51,51,51],"relics":["Burning Blood","Bird Faced Urn","Paper Frog","Red Skull","Golden Idol","Lizard Tail","Ancient Tea Set"],"card_choices":[{"not_picked":["Burning Pact","Rage"],"picked":"Limit Break"},{"not_picked":["Dropkick","Ghostly Armor"],"picked":"Cleave"},{"not_picked":["Second Wind","Metallicize"],"picked":"Pommel Strike"},{"not_picked":["Feel No Pain","Anger"],"picked":"Rampage"},{"not_picked":["Corruption","Carnage"],"picked":"Sword Boomerang"},{"not_picked":["Brutality","Juggernaut"],"picked":"Bludgeon"},{"not_picked":["Heavy Blade","Twin Strike"],"picked":"Shrug It Off"}],"player_experience":304027,"potions_floor_usage":[5,16,23],"damage_taken":[{"damage":8,"enemies":"2 Louse","floor":1,"turns":4},{"damage":1,"enemies":"Cultist","floor":3,"turns":4},{"damage":8,"enemies":"Small Slimes","floor":4,"turns":4},{"damage":9,"enemies":"Exordium Wildlife","floor":5,"turns":3},{"damage":21,"enemies":"3 Sentries","floor":7,"turns":8},{"damage":23,"enemies":"Lots of Slimes","floor":14,"turns":5},{"damage":25,"enemies":"Slime Boss","floor":16,"turns":9},{"damage":19,"enemies":"Shell Parasite","floor":18,"turns":3},{"damage":86,"enemies":"Book of Stabbing","floor":23,"turns":7}],"event_choices":[{"event_name":"Match and Keep!","player_choice":"1 cards matched","floor":11,"damage_taken":0},{"event_name":"Golden Idol","player_choice":"Lose Max HP","floor":13,"damage_taken":0},{"event_name":"Vampires","player_choice":"Became a vampire","floor":19,"damage_taken":0},{"event_name":"Back to Basics","player_choice":"Simplicity","floor":21,"damage_taken":0},{"event_name":"The Mausoleum","player_choice":"Yes","floor":22,"damage_taken":0}],"boss_relics":[{"not_picked":["Calling Bell","Pandora\u0027s Box"],"picked":"Lizard Tail"}],"potions_floor_spawned":[1,4,16],"seed_played":"-3887112177373992252","killed_by":"Book of Stabbing","ascension_level":7,"is_trial":false}