{"gold_per_floor":[112,112,124,85,99,129,141,141,141,141,157,173,234,259,259,354,354,365,400,413,413,413,413],"floor_reached":23,"playtime":1303,"items_purged":[],"score":271,"play_id":"e99c69aa-967d-41bf-b839-f9c04cf3d8f5","local_time":"20190220114720","is_ascension_mode":true,"campfire_choices":[{"floor":8,"key":"REST"},{"data":"Defragment","floor":10,"key":"SMITH"},{"floor":15,"key":"REST"}],"neow_cost":"NONE","seed_source_timestamp":497489168727600,"circlet_count":0,"master_deck":["Strike_B","Strike_B","Strike_B","Strike_B","Defend_B","Defend_B","Defend_B","Defend_B","Zap","Dualcast","Loop+1","Rebound","Defragment+1","Biased Cognition","Biased Cognition","Beam Cell","Capacitor","Chill","Loop","Heatsinks","Buffer","Capacitor","Barrage","White Noise"],"relics":["Cracked Core","NeowsBlessing","Omamori","Potion Belt","Gremlin Horn","Strawberry","Velvet Choker","Red Mask","Sundial"],"potions_floor_usage":[13,16,16,16,19],"damage_taken":[{"damage":0,"enemies":"Jaw Worm","floor":1,"turns":1},{"damage":0,"enemies":"Cultist","floor":3,"turns":1},{"damage":0,"enemies":"Small Slimes","floor":5,"turns":1},{"damage":35,"enemies":"3 Sentries","floor":6,"turns":5},{"damage":8,"enemies":"2 Fungi Beasts","floor":7,"turns":3},{"damage":8,"enemies":"Large Slime","floor":11,"turns":4},{"damage":11,"enemies":"Looter","floor":12,"turns":2},{"damage":25,"enemies":"Lagavulin Event","floor":13,"turns":4},{"damage":0,"enemies":"Lagavulin","floor":14,"turns":7},{"damage":2,"enemies":"Slime Boss","floor":16,"turns":6},{"damage":43,"enemies":"2 Thieves","floor":18,"turns":4},{"damage":7,"enemies":"Masked Bandits","floor":19,"turns":8},{"damage":0,"enemies":"3 Byrds","floor":20,"turns":6},{"damage":36,"enemies":"Gremlin Leader","floor":23,"turns":2}],"seed_played":"479797222290606801","potions_obtained":[{"floor":3,"key":"Explosive Potion"},{"floor":5,"key":"Explosive Potion"},{"floor":12,"key":"GamblersBrew"},{"floor":13,"key":"Ancient Potion"},{"floor":14,"key":"Explosive Potion"},{"floor":18,"key":"FocusPotion"},{"floor":19,"key":"Ancient Potion"}],"is_trial":false,"path_per_floor":["M","?","M","$","M","E","M","R","T","R","M","M","?","E","R","B",null,"M","?","M","?","?","E"],"character_chosen":"DEFECT","items_purchased":["Defragment"],"campfire_rested":2,"item_purchase_floors":[4],"current_hp_per_floor":[75,75,75,75,75,40,32,54,54,54,46,35,10,17,41,39,82,39,32,32,32,32,0],"gold":413,"neow_bonus":"THREE_ENEMY_KILL","is_prod":false,"is_daily":false,"chose_seed":false,"campfire_upgraded":1,"win_rate":0,"timestamp":1550681240,"path_taken":["M","?","M","?","M","E","M","R","T","R","M","M","?","E","R","BOSS","M","?","M","?","?","E"],"build_version":"2019-01-23","purchased_purges":0,"victory":false,"max_hp_per_floor":[75,75,75,75,75,75,75,75,75,75,75,75,75,82,82,82,82,82,82,82,82,82,82],"card_choices":[{"not_picked":["Hologram","Go for the Eyes"],"picked":"Loop","floor":1},{"not_picked":["Barrage","Gash"],"picked":"Rebound","floor":3},{"not_picked":["Fusion","Storm"],"picked":"Biased Cognition","floor":5},{"not_picked":["Darkness","Blizzard"],"picked":"Biased Cognition","floor":6},{"not_picked":["Blizzard","Scrape"],"picked":"Beam Cell","floor":7},{"not_picked":["Undo","Compile Driver"],"picked":"Capacitor","floor":11},{"not_picked":["Fusion","Redo"],"picked":"Chill","floor":12},{"not_picked":["Steam","Compile Driver"],"picked":"Loop","floor":13},{"not_picked":["Turbo","Sweeping Beam"],"picked":"Heatsinks","floor":14},{"not_picked":["Seek","Echo Form"],"picked":"Buffer","floor":16},{"not_picked":["Streamline","Stack+1"],"picked":"Capacitor","floor":18},{"not_picked":["Reprogram+1","Gash"],"picked":"Barrage","floor":19},{"not_picked":["Beam Cell","Cold Snap+1"],"picked":"White Noise","floor":20}],"player_experience":514463,"relics_obtained":[{"floor":6,"key":"Omamori"},{"floor":9,"key":"Potion Belt"},{"floor":13,"key":"Gremlin Horn"},{"floor":14,"key":"Strawberry"},{"floor":19,"key":"Red Mask"}],"event_choices":[{"damage_healed":0,"gold_gain":0,"player_choice":"Forge","damage_taken":0,"max_hp_gain":0,"max_hp_loss":0,"event_name":"Accursed Blacksmith","floor":2,"gold_loss":0,"cards_upgraded":["Loop"]},{"damage_healed":0,"gold_gain":0,"player_choice":"Searched \u00272\u0027 times","damage_taken":0,"max_hp_gain":0,"max_hp_loss":0,"event_name":"Dead Adventurer","floor":13,"gold_loss":0},{"damage_healed":0,"gold_gain":0,"player_choice":"Fought Bandits","damage_taken":0,"max_hp_gain":0,"max_hp_loss":0,"event_name":"Masked Bandits","floor":19,"gold_loss":0},{"damage_healed":0,"gold_gain":0,"player_choice":"Opened","damage_taken":0,"relics_obtained":["Sundial"],"max_hp_gain":0,"max_hp_loss":0,"event_name":"The Mausoleum","floor":21,"gold_loss":0},{"damage_healed":0,"gold_gain":0,"player_choice":"Smashed Altar","damage_taken":0,"max_hp_gain":0,"max_hp_loss":0,"event_name":"Forgotten Altar","floor":22,"gold_loss":0,"cards_obtained":["Decay"]}],"is_beta":false,"boss_relics":[{"not_picked":["White Beast Statue","Coffee Dripper"],"picked":"Velvet Choker"}],"items_purged_floors":[],"is_endless":false,"potions_floor_spawned":[3,5,12,13,14,18,19],"killed_by":"Gremlin Leader","ascension_level":4}