{"gold_per_floor":[113,113,125,125,141,141,174,192,192,192,226,226,129,129,129,233,233,221,221,244,263,213,213,233,268,268,287,80,108,128,158,158,261,261,272,282,88,38,38,64,64,99,154,174,124,178,278,26,26,26],"floor_reached":51,"playtime":2914,"items_purged":["Strike_G","Defend_G","Finisher+1","Defend_G","Defend_G","Parasite","Strike_G"],"score":894,"play_id":"f5da444d-d9c1-4b3e-8e45-88793fa930e9","local_time":"20190223174004","is_ascension_mode":false,"campfire_choices":[{"data":"Survivor","floor":6.0,"key":"SMITH"},{"data":"Flying Knee","floor":10.0,"key":"SMITH"},{"data":"Outmaneuver","floor":12.0,"key":"SMITH"},{"data":"Deflect","floor":15.0,"key":"SMITH"},{"data":"Slice","floor":23.0,"key":"SMITH"},{"floor":32.0,"key":"REST"},{"data":"Flying Knee","floor":41.0,"key":"SMITH"},{"data":"Outmaneuver","floor":49.0,"key":"SMITH"}],"neow_cost":"NONE","seed_source_timestamp":0,"circlet_count":0,"master_deck":["Defend_G+1","Strike_G","Strike_G","Strike_G","Survivor+1","Neutralize+1","Quick Slash+1","Slice+1","Flying Knee+1","Slice","Outmaneuver+1","Deflect+1","Deflect+1","Deflect+1","Flying Knee+1","Flying Knee+1","Deflect+1","Cloak And Dagger+1","Outmaneuver+1","Outmaneuver+1"],"special_seed":0,"relics":["Ring of the Snake","Du-Vu Doll","Incense Burner","Unceasing Top","Meat on the Bone","Sozu","Enchiridion","Smiling Mask","Blue Candle","Singing Bowl","Bag of Preparation","Ninja Scroll","Question Card","WristBlade","Oddly Smooth Stone","War Paint","Potion Belt","Lantern","Mango","Thread and Needle","Pen Nib"],"potions_floor_usage":[],"damage_taken":[{"damage":0.0,"enemies":"Cultist","floor":1.0,"turns":4.0},{"damage":3.0,"enemies":"Small Slimes","floor":3.0,"turns":3.0},{"damage":0.0,"enemies":"Jaw Worm","floor":5.0,"turns":4.0},{"damage":26.0,"enemies":"3 Sentries","floor":7.0,"turns":7.0},{"damage":8.0,"enemies":"Lots of Slimes","floor":8.0,"turns":3.0},{"damage":16.0,"enemies":"Lagavulin","floor":11.0,"turns":6.0},{"damage":8.0,"enemies":"Hexaghost","floor":16.0,"turns":11.0},{"damage":0.0,"enemies":"2 Thieves","floor":18.0,"turns":4.0},{"damage":0.0,"enemies":"Spheric Guardian","floor":21.0,"turns":4.0},{"damage":0.0,"enemies":"Centurion and Healer","floor":24.0,"turns":4.0},{"damage":4.0,"enemies":"Gremlin Leader","floor":25.0,"turns":5.0},{"damage":5.0,"enemies":"Chosen and Byrds","floor":27.0,"turns":5.0},{"damage":0.0,"enemies":"Slavers","floor":29.0,"turns":9.0},{"damage":1.0,"enemies":"Snake Plant","floor":30.0,"turns":4.0},{"damage":29.0,"enemies":"Gremlin Leader","floor":31.0,"turns":6.0},{"damage":41.0,"enemies":"Champ","floor":33.0,"turns":12.0},{"damage":0.0,"enemies":"Orb Walker","floor":35.0,"turns":4.0},{"damage":11.0,"enemies":"3 Darklings","floor":36.0,"turns":8.0},{"damage":35.0,"enemies":"Nemesis","floor":40.0,"turns":7.0},{"damage":0.0,"enemies":"Giant Head","floor":42.0,"turns":5.0},{"damage":7.0,"enemies":"Writhing Mass","floor":44.0,"turns":8.0},{"damage":11.0,"enemies":"2 Orb Walkers","floor":46.0,"turns":6.0},{"damage":6.0,"enemies":"Mind Bloom Boss Battle","floor":47.0,"turns":4.0},{"damage":19,"enemies":"Donu and Deca","floor":50,"turns":13}],"seed_played":"-6460640845927273359","potions_obtained":[{"floor":1.0,"key":"SneckoOil"},{"floor":11.0,"key":"FearPotion"},{"floor":16.0,"key":"Ancient Potion"}],"is_trial":false,"path_per_floor":["M","?","M","?","M","R","E","M","T","R","E","R","$","T","R","B",null,"M","?","T","M","$","R","M","E","T","M","$","E","M","E","R","B",null,"M","M","$","$","?","E","R","E","T","M","$","?","?","$","R","B",null],"character_chosen":"THE_SILENT","items_purchased":["Deflect","Bag of Preparation","Oddly Smooth Stone","Pen Nib","Outmaneuver"],"campfire_rested":1,"item_purchase_floors":[13,28,37,48,48],"current_hp_per_floor":[70,70,67,67,67,67,41,33,33,33,17,17,17,17,17,21,70,70,54,54,54,54,54,54,50,50,45,45,45,46,31,53,26,76,78,67,67,67,67,46,46,48,48,53,53,56,50,50,50,43],"gold":26,"neow_bonus":"UPGRADE_CARD","is_prod":false,"is_daily":false,"chose_seed":false,"campfire_upgraded":7,"win_rate":0,"timestamp":1550911204,"path_taken":["M","?","?","?","?","R","E","M","T","R","E","R","$","?","R","BOSS","M","?","?","M","$","R","M","E","T","M","$","E","M","E","R","BOSS","M","M","?","$","?","E","R","E","T","M","$","?","?","?","R","BOSS"],"build_version":"2019-01-23","purchased_purges":7,"victory":true,"max_hp_per_floor":[70,70,70,70,70,70,70,70,70,70,70,70,70,70,70,70,70,70,70,70,70,70,70,70,70,70,70,70,70,72,74,74,76,76,78,78,78,78,78,80,80,82,82,82,79,93,93,93,93,93],"card_choices":[{"not_picked":["Escape Plan","Acrobatics"],"picked":"Quick Slash","floor":1.0},{"not_picked":["Acrobatics","PiercingWail"],"picked":"Slice","floor":3.0},{"not_picked":["Leg Sweep","Backstab","Grand Finale"],"picked":"SKIP","floor":5.0},{"not_picked":["Sucker Punch","PiercingWail"],"picked":"Flying Knee","floor":7.0},{"not_picked":["Riddle With Holes","Skewer"],"picked":"Slice","floor":8.0},{"not_picked":["Backflip","Setup"],"picked":"Outmaneuver","floor":11.0},{"not_picked":["Sucker Punch","Underhanded Strike","Flechettes+1"],"picked":"SKIP","floor":18.0},{"not_picked":["Backflip+1","Acrobatics","Underhanded Strike"],"picked":"SKIP","floor":21.0},{"not_picked":["Bane","Blade Dance+1"],"picked":"Deflect","floor":24.0},{"not_picked":["Storm of Steel","Blade Dance"],"picked":"Finisher+1","floor":25.0},{"not_picked":["Caltrops","Cloak And Dagger"],"picked":"Deflect+1","floor":27.0},{"not_picked":["Poisoned Stab","Deflect"],"picked":"Flying Knee+1","floor":29.0},{"not_picked":["Sucker Punch+1","Blur","Dodge and Roll"],"picked":"Singing Bowl","floor":30.0},{"not_picked":["Bane+1","Dagger Spray","PiercingWail"],"picked":"Singing Bowl","floor":31.0},{"not_picked":["Glass Knife","Wraith Form v2","Storm of Steel","Phantasmal Killer"],"picked":"Singing Bowl","floor":33.0},{"not_picked":["Caltrops","Sucker Punch+1","PiercingWail+1","Reflex+1"],"picked":"Singing Bowl","floor":35.0},{"not_picked":["Concentrate","Dash","Deadly Poison+1"],"picked":"Flying Knee","floor":36.0},{"not_picked":["All Out Attack","Riddle With Holes","Backstab","Calculated Gamble"],"picked":"Singing Bowl","floor":40.0},{"not_picked":["Bouncing Flask+1","Catalyst+1","Poisoned Stab","Quick Slash+1"],"picked":"Singing Bowl","floor":42.0},{"not_picked":["Accuracy+1","Finisher","Acrobatics+1"],"picked":"Deflect+1","floor":44.0},{"not_picked":["Leg Sweep","Quick Slash+1","Riddle With Holes+1"],"picked":"Cloak And Dagger+1","floor":46.0},{"not_picked":["Wraith Form v2","Escape Plan+1","Terror"],"picked":"Outmaneuver+1","floor":47.0}],"player_experience":891450,"relics_obtained":[{"floor":7.0,"key":"Du-Vu Doll"},{"floor":9.0,"key":"Incense Burner"},{"floor":11.0,"key":"Unceasing Top"},{"floor":14.0,"key":"Meat on the Bone"},{"floor":19.0,"key":"Enchiridion"},{"floor":20.0,"key":"Smiling Mask"},{"floor":25.0,"key":"Blue Candle"},{"floor":26.0,"key":"Singing Bowl"},{"floor":29.0,"key":"Ninja Scroll"},{"floor":31.0,"key":"Question Card"},{"floor":40.0,"key":"War Paint"},{"floor":42.0,"key":"Potion Belt"},{"floor":43.0,"key":"Lantern"},{"floor":46.0,"key":"Mango"},{"floor":47.0,"key":"Thread and Needle"}],"event_choices":[{"damage_healed":0.0,"max_hp_gain":0.0,"max_hp_loss":0.0,"gold_gain":0.0,"event_name":"Upgrade Shrine","player_choice":"Upgraded","floor":2.0,"gold_loss":0.0,"damage_taken":0.0,"cards_upgraded":["Quick Slash"]},{"damage_healed":0.0,"max_hp_gain":0.0,"max_hp_loss":0.0,"gold_gain":0.0,"event_name":"Match and Keep!","player_choice":"0 cards matched","floor":4.0,"gold_loss":0.0,"damage_taken":0.0,"cards_obtained":[]},{"damage_healed":0.0,"max_hp_gain":0.0,"max_hp_loss":0.0,"gold_gain":0.0,"event_name":"Cursed Tome","player_choice":"Obtained Book","floor":19.0,"gold_loss":0.0,"damage_taken":16.0},{"cards_removed":["Defend_G"],"damage_healed":0.0,"max_hp_gain":0.0,"max_hp_loss":0.0,"gold_gain":0.0,"event_name":"Falling","player_choice":"Removed Skill","floor":39.0,"gold_loss":0.0,"damage_taken":0.0},{"damage_healed":0.0,"max_hp_gain":0.0,"max_hp_loss":0.0,"gold_gain":0.0,"event_name":"Mysterious Sphere","player_choice":"Fight","floor":46.0,"gold_loss":0.0,"damage_taken":0.0},{"damage_healed":0.0,"max_hp_gain":0.0,"max_hp_loss":0.0,"gold_gain":0.0,"event_name":"MindBloom","player_choice":"Fight","floor":47.0,"gold_loss":0.0,"damage_taken":0.0}],"is_beta":false,"boss_relics":[{"not_picked":["Ring of the Serpent","Busted Crown"],"picked":"Sozu"},{"not_picked":["Empty Cage","Pandora\u0027s Box"],"picked":"WristBlade"}],"items_purged_floors":[13,22,28,37,38,45,48],"is_endless":false,"potions_floor_spawned":[1,11,16,24,25,27,33,35,44,46],"ascension_level":0}