{"path_per_floor":["M","?","M","?","M","R","?","M","T","R","M","E","M","?","R","B",null,"M","?","$","?","$","R","M","M","T","M","T","$"],"character_chosen":"IRONCLAD","items_purchased":["Battle Trance","Sundial","Combust","Flex"],"gold_per_floor":[118,118,131,131,146,146,246,259,259,259,273,607,624,574,574,676,676,689,589,107,107,59,59,72,82,82,102,102,2],"floor_reached":30,"campfire_rested":1,"playtime":877,"current_hp_per_floor":[68,68,70,54,54,54,54,49,49,49,42,44,39,39,63,49,80,64,64,64,48,48,48,47,7,7,13,13,13],"items_purged":["Strike_R","Strike_R"],"gold":2,"score":306,"play_id":"0d1a3ae2-09f1-4bfa-9648-ced62918f433","local_time":"20180320201432","is_prod":false,"is_daily":false,"is_ascension_mode":true,"campfire_upgraded":3,"timestamp":1521591272,"path_taken":["M","?","M","?","M","R","?","M","T","R","M","E","?","?","R","BOSS","M","?","$","?","$","R","M","?","T","M","?","$","M"],"build_version":"2018-03-15v3","purchased_purges":2,"victory":false,"master_deck":["Strike_R","Strike_R+1","Defend_R","Defend_R","Defend_R","Bash","Offering","Heavy Blade+1","Sword Boomerang","Inflame+1","Limit Break+1","Flex","Rupture","Battle Trance","Limit Break+1","Sword Boomerang","J.A.X.","Battle Trance","Combust","Necronomicurse","Flex","Fiend Fire"],"max_hp_per_floor":[80,80,80,80,80,80,80,80,80,80,80,80,80,80,80,80,80,80,80,80,80,80,80,80,80,80,80,80,80],"relics":["Burning Blood","Bag of Preparation","Old Coin","Mark of Pain","Sundial","Necronomicon","Frozen Egg 2","Gambling Chip"],"card_choices":[{"not_picked":["Warcry","Wild Strike"],"picked":"Heavy Blade"},{"not_picked":["Cleave","Entrench"],"picked":"Sword Boomerang"},{"not_picked":["Twin Strike","Uppercut"],"picked":"Inflame"},{"not_picked":["Twin Strike","Hemokinesis"],"picked":"Limit Break"},{"not_picked":["Twin Strike","Anger"],"picked":"Flex"},{"not_picked":["Infernal Blade","Corruption"],"picked":"Rupture"},{"not_picked":["Pommel Strike","Armaments"],"picked":"Battle Trance"},{"not_picked":["Immolate","Double Tap"],"picked":"Limit Break"},{"not_picked":["Warcry","Anger"],"picked":"Sword Boomerang"},{"not_picked":["Uppercut","Power Through"],"picked":"Fiend Fire"}],"player_experience":302516,"potions_floor_usage":[16,16,30],"damage_taken":[{"damage":18,"enemies":"Small Slimes","floor":1,"turns":4},{"damage":4,"enemies":"Cultist","floor":3,"turns":2},{"damage":6,"enemies":"Jaw Worm","floor":5,"turns":2},{"damage":11,"enemies":"Blue Slaver","floor":8,"turns":3},{"damage":13,"enemies":"Large Slime","floor":11,"turns":3},{"damage":4,"enemies":"Lagavulin","floor":12,"turns":3},{"damage":11,"enemies":"3 Louse","floor":13,"turns":2},{"damage":20,"enemies":"Hexaghost","floor":16,"turns":4},{"damage":22,"enemies":"2 Thieves","floor":18,"turns":2},{"damage":7,"enemies":"Chosen","floor":24,"turns":1},{"damage":46,"enemies":"Snake Plant","floor":25,"turns":3},{"damage":0,"enemies":"Snecko","floor":27,"turns":2},{"damage":13,"enemies":"Chosen and Byrds","floor":30,"turns":3}],"event_choices":[{"event_name":"The Lab","player_choice":"Got Potions","floor":2,"damage_taken":0},{"event_name":"Shining Light","player_choice":"Entered Light","floor":4,"damage_taken":0},{"event_name":"Wheel of Change","player_choice":"Gold","floor":7,"damage_taken":0},{"event_name":"The Cleric","player_choice":"Card Removal","floor":14,"damage_taken":0},{"event_name":"Drug Dealer","player_choice":"Got JAXXED","floor":19,"damage_taken":0},{"event_name":"Cursed Tome","player_choice":"Obtained Book","floor":21,"damage_taken":0}],"boss_relics":[{"not_picked":["Snecko Eye","Question Card"],"picked":"Mark of Pain"}],"potions_floor_spawned":[8,12,16,18,25],"seed_played":"3438738791081932045","killed_by":"Chosen and Byrds","ascension_level":4,"is_trial":false}