{"gold_per_floor":[112,124,124,142,153,180,455,467,492,502,502,502,18,38,38,38],"floor_reached":16,"playtime":1157,"items_purged":[],"score":114,"play_id":"6497f6ab-ad08-4ca7-a26a-9759732240a5","local_time":"20181201200937","is_ascension_mode":true,"campfire_choices":[{"data":"Adrenaline","floor":12,"key":"SMITH"},{"data":"Night Terror","floor":15,"key":"SMITH"}],"neow_cost":"CURSE","seed_source_timestamp":683698409504132,"circlet_count":0,"master_deck":["Defend_G","Defend_G","Defend_G","Defend_G","Defend_G","Strike_G","Strike_G","Strike_G","Strike_G","Strike_G","Survivor","Neutralize","Adrenaline+1","Outmaneuver","Choke","Flying Knee","Night Terror+1","Deadly Poison+1","Regret","Acrobatics+1","Acrobatics+1","Chrysalis+1","Calculated Gamble+1"],"relics":["Ring of the Snake","Toxic Egg 2","Happy Flower","Golden Idol","Thread and Needle"],"potions_floor_usage":[16],"damage_taken":[{"damage":5,"enemies":"Jaw Worm","floor":1,"turns":6},{"damage":0,"enemies":"2 Louse","floor":2,"turns":3},{"damage":5,"enemies":"Cultist","floor":4,"turns":5},{"damage":1,"enemies":"3 Louse","floor":5,"turns":4},{"damage":25,"enemies":"3 Sentries","floor":6,"turns":11},{"damage":13,"enemies":"Blue Slaver","floor":8,"turns":3},{"damage":0,"enemies":"2 Fungi Beasts","floor":10,"turns":2},{"damage":0,"enemies":"Exordium Wildlife","floor":14,"turns":3},{"damage":22,"enemies":"Slime Boss","floor":16,"turns":3}],"seed_played":"3271729484422871419","potions_obtained":[{"floor":4,"key":"EssenceOfSteel"},{"floor":5,"key":"GamblersBrew"},{"floor":8,"key":"Ancient Potion"}],"is_trial":false,"path_per_floor":["M","M","?","M","M","E","?","M","T","M","?","R","$","M","R","B"],"character_chosen":"THE_SILENT","items_purchased":["Thread and Needle","Chrysalis+1"],"campfire_rested":0,"item_purchase_floors":[13,13],"current_hp_per_floor":[65,65,65,60,59,34,34,21,21,21,21,21,21,21,21,0],"gold":38,"neow_bonus":"THREE_RARE_CARDS","is_prod":false,"is_daily":false,"chose_seed":false,"campfire_upgraded":2,"win_rate":0,"timestamp":1543712977,"path_taken":["M","M","?","M","M","E","?","M","T","?","?","R","$","M","R","BOSS"],"build_version":"2018-11-15","purchased_purges":0,"victory":false,"max_hp_per_floor":[70,70,70,70,70,70,70,70,70,70,65,65,65,65,65,65],"card_choices":[{"not_picked":["Storm of Steel","After Image"],"picked":"Adrenaline","floor":0},{"not_picked":["Quick Slash","Dagger Spray"],"picked":"Outmaneuver","floor":1},{"not_picked":["Concentrate","Reflex"],"picked":"Choke","floor":2},{"not_picked":["Riddle With Holes","Blur"],"picked":"Flying Knee","floor":4},{"not_picked":["Deadly Poison","Underhanded Strike"],"picked":"Night Terror","floor":5},{"not_picked":["Dagger Throw","Backflip"],"picked":"Deadly Poison","floor":6},{"not_picked":["Prepared+1","Cloak And Dagger+1"],"picked":"Acrobatics+1","floor":8},{"not_picked":["Slice","Dagger Throw"],"picked":"Acrobatics+1","floor":10},{"not_picked":["Backflip+1","Riddle With Holes"],"picked":"Calculated Gamble+1","floor":14}],"player_experience":223476,"relics_obtained":[{"floor":6,"key":"Toxic Egg 2"},{"floor":9,"key":"Happy Flower"}],"event_choices":[{"cards_removed":["Regret"],"damage_healed":0,"gold_gain":0,"player_choice":"Forget","damage_taken":0,"max_hp_gain":0,"max_hp_loss":0,"event_name":"Living Wall","floor":3,"gold_loss":0},{"damage_healed":0,"gold_gain":275,"player_choice":"Desecrate","damage_taken":0,"max_hp_gain":0,"max_hp_loss":0,"event_name":"Golden Shrine","floor":7,"gold_loss":0,"cards_obtained":["Regret"]},{"damage_healed":0,"gold_gain":0,"player_choice":"Lose Max HP","damage_taken":0,"relics_obtained":["Golden Idol"],"max_hp_gain":0,"max_hp_loss":5,"event_name":"Golden Idol","floor":11,"gold_loss":0}],"is_beta":false,"boss_relics":[],"items_purged_floors":[],"is_endless":false,"potions_floor_spawned":[4,5,8,10],"killed_by":"Slime Boss","ascension_level":2}