{"gold_per_floor":[116,127,147,163,10,40,40,40,113,113,21,21,40,70,70,165,165,182,182,202,52,52,52,72,72,72,90,90,106,106,123,123,123],"floor_reached":33,"playtime":1313,"items_purged":[],"score":371,"play_id":"f9a46035-bc62-463b-90fe-e81124636895","local_time":"20181129012121","is_ascension_mode":true,"campfire_choices":[{"data":"Loop","floor":7,"key":"SMITH"},{"data":"Hello World","floor":10,"key":"SMITH"},{"floor":12,"key":"REST"},{"data":"Storm","floor":15,"key":"SMITH"},{"data":"Defragment","floor":23,"key":"SMITH"},{"data":"Blizzard","floor":28,"key":"SMITH"},{"data":"Capacitor","floor":30,"key":"SMITH"},{"floor":32,"key":"REST"}],"neow_cost":"CURSE","seed_source_timestamp":1288029242783736,"circlet_count":0,"master_deck":["Strike_B","Strike_B","Strike_B","Defend_B","Defend_B","Defend_B","Defend_B","Zap+1","Dualcast","Injury","Hello World+1","Steam Power+1","Genetic Algorithm","Coolheaded","Loop+1","Storm+1","Cold Snap","Cold Snap","Thunder Strike","Redo","Tempest","Cold Snap","Echo Form","Capacitor+1","Defragment+1","Blizzard+1","Storm","Barrage"],"special_seed":0,"relics":["Cracked Core","FossilizedHelix","DataDisk","Bird Faced Urn","Cables","Orrery","Ornamental Fan"],"potions_floor_usage":[16,33],"damage_taken":[{"damage":0.0,"enemies":"Jaw Worm","floor":1.0,"turns":3.0},{"damage":0.0,"enemies":"Small Slimes","floor":2.0,"turns":3.0},{"damage":0.0,"enemies":"2 Louse","floor":3.0,"turns":3.0},{"damage":12.0,"enemies":"Blue Slaver","floor":4.0,"turns":4.0},{"damage":17.0,"enemies":"Gremlin Nob","floor":6.0,"turns":4.0},{"damage":18,"enemies":"Exordium Thugs","floor":13,"turns":4},{"damage":0,"enemies":"Hexaghost","floor":16,"turns":8},{"damage":0,"enemies":"Spheric Guardian","floor":18,"turns":4},{"damage":19,"enemies":"2 Thieves","floor":20,"turns":3},{"damage":7,"enemies":"Sentry and Sphere","floor":24,"turns":5},{"damage":4,"enemies":"Snecko","floor":27,"turns":4},{"damage":16,"enemies":"3 Cultists","floor":29,"turns":4},{"damage":40,"enemies":"Snake Plant","floor":31,"turns":3},{"damage":59,"enemies":"Automaton","floor":33,"turns":6}],"seed_played":"-1206513657780173501","potions_obtained":[{"floor":1.0,"key":"AttackPotion"},{"floor":3.0,"key":"FocusPotion"},{"floor":18,"key":"Explosive Potion"},{"floor":29,"key":"Weak Potion"}],"is_trial":false,"path_per_floor":["M","M","M","M","$","E","E","R","?","T","R","$","R","M","?","R","B",null,"M","?","M","$","?","R","M","?","T","M","R","M","R","M","R","B"],"character_chosen":"DEFECT","items_purchased":["DataDisk","Storm","Cold Snap","Defragment","Blizzard"],"campfire_rested":2,"item_purchase_floors":[5,11,11,21,21],"current_hp_per_floor":[75,75,75,63,63,46,46,31,31,31,31,53,41,41,41,47,68,74,60,47,47,47,47,50,50,50,56,56,50,50,18,42,0],"gold":123,"neow_bonus":"ONE_RARE_RELIC","is_prod":false,"is_daily":false,"chose_seed":false,"campfire_upgraded":6,"win_rate":0,"timestamp":1543472481,"path_taken":["M","M","M","M","$","E","R","?","T","R","$","R","M","?","R","BOSS","M","?","M","$","?","R","M","?","T","?","R","M","R","M","R","BOSS"],"build_version":"2018-11-15","purchased_purges":0,"victory":false,"max_hp_per_floor":[75,75,75,75,75,75,75,75,75,75,75,75,75,75,75,75,75,75,80,80,80,80,80,80,80,80,80,80,80,80,80,80,80],"card_choices":[{"not_picked":["Steam Power","Stack"],"picked":"Hello World","floor":1.0},{"not_picked":["Compile Driver","Melter"],"picked":"Steam Power","floor":2.0},{"not_picked":["Leap","Conserve Battery"],"picked":"Genetic Algorithm","floor":3.0},{"not_picked":["Compile Driver","Lockon"],"picked":"Coolheaded","floor":4.0},{"not_picked":["Beam Cell","Ball Lightning"],"picked":"Loop","floor":6},{"not_picked":["Skim","Leap"],"picked":"Cold Snap","floor":13},{"not_picked":["Meteor Strike","Reboot"],"picked":"Thunder Strike","floor":16},{"not_picked":["Coolheaded","Double Energy"],"picked":"Redo","floor":17},{"not_picked":["Compile Driver","Stack"],"picked":"Tempest","floor":17},{"not_picked":["Leap","Force Field"],"picked":"Cold Snap","floor":17},{"not_picked":["Heatsinks","Darkness"],"picked":"Echo Form","floor":17},{"not_picked":["Steam+1","Stack","Undo"],"picked":"SKIP","floor":18},{"not_picked":["Barrage","Turbo"],"picked":"Capacitor","floor":20},{"not_picked":["Hello World","Consume"],"picked":"Storm","floor":24},{"not_picked":["Steam+1","Skim","Conserve Battery"],"picked":"SKIP","floor":27},{"not_picked":["Streamline","Compile Driver","Sunder"],"picked":"SKIP","floor":29},{"not_picked":["Coolheaded","Redo"],"picked":"Barrage","floor":31}],"player_experience":842211,"relics_obtained":[{"floor":6,"key":"Bird Faced Urn"},{"floor":9,"key":"Cables"},{"floor":26,"key":"Ornamental Fan"}],"event_choices":[{"damage_healed":0,"gold_gain":0,"player_choice":"Entered Light","damage_taken":15,"max_hp_gain":0,"max_hp_loss":0,"event_name":"Shining Light","floor":8,"gold_loss":0,"cards_upgraded":["Steam Power","Zap"]},{"damage_healed":0,"gold_gain":30,"player_choice":"Searched \u00271\u0027 times","damage_taken":0,"max_hp_gain":0,"max_hp_loss":0,"event_name":"Dead Adventurer","floor":14,"gold_loss":0},{"damage_healed":0,"gold_gain":0,"player_choice":"Shed Blood","damage_taken":19,"max_hp_gain":5,"max_hp_loss":0,"event_name":"Forgotten Altar","floor":19,"gold_loss":0},{"cards_removed":["Strike_B"],"damage_healed":0,"gold_gain":0,"player_choice":"Offered Basic","damage_taken":0,"max_hp_gain":0,"max_hp_loss":0,"event_name":"Bonfire Elementals","floor":25,"gold_loss":0}],"is_beta":false,"boss_relics":[{"not_picked":["Black Star","Nuclear Battery"],"picked":"Orrery"}],"items_purged_floors":[],"is_endless":false,"potions_floor_spawned":[1,3,18,29],"killed_by":"Automaton","ascension_level":5}