{"gold_per_floor":[110,110,110,121,135,164,164,129,210,19,19,53,126,126,126,231,231,242,53,53,17,17,52,52,65,137,137,156,156,156,170,170,272,272,282,282,297,348,348,381,381,413,482,83,135,149,184,208,208,208],"floor_reached":50,"playtime":2177,"items_purged":["Regret"],"score":855,"play_id":"6342bba3-7548-4bb8-ab39-4ac74b315154","local_time":"20190215210439","is_ascension_mode":true,"campfire_choices":[{"data":"Armaments","floor":7,"key":"SMITH"},{"data":"1","floor":15,"key":"LIFT"},{"data":"2","floor":24,"key":"LIFT"},{"data":"3","floor":27,"key":"LIFT"},{"floor":32,"key":"RECALL"},{"data":"Barricade","floor":49,"key":"SMITH"}],"neow_cost":"NONE","seed_source_timestamp":98038887719600,"circlet_count":0,"master_deck":["Defend_R+1","Defend_R+1","Defend_R+1","Bash+1","Thunderclap+1","Whirlwind","Metallicize","Armaments+1","Uppercut","Spot Weakness","Reaper","Flex+1","Bite","Bite","Bite","Bite","Bite","Hemokinesis","J.A.X.","Combust","Warcry+1","Headbutt+1","Hemokinesis+1","Limit Break","Heavy Blade+1","Combust","Combust","Inflame","Barricade+1","Sword Boomerang+1"],"relics":["Burning Blood","Orichalcum","Mercury Hourglass","Juzu Bracelet","Centennial Puzzle","Sundial","Girya","Snecko Eye","Tiny Chest","Mango","The Courier","Sozu","Bag of Preparation","PreservedInsect","Ornamental Fan","Red Skull","Happy Flower","FossilizedHelix","Meat on the Bone","Bag of Marbles"],"potions_floor_usage":[6,12,16,31],"damage_taken":[{"damage":4,"enemies":"2 Louse","floor":1,"turns":3},{"damage":3,"enemies":"Jaw Worm","floor":4,"turns":4},{"damage":1,"enemies":"Cultist","floor":5,"turns":3},{"damage":22,"enemies":"Gremlin Nob","floor":6,"turns":5},{"damage":19,"enemies":"Lagavulin","floor":12,"turns":7},{"damage":43,"enemies":"The Guardian","floor":16,"turns":10},{"damage":8,"enemies":"3 Byrds","floor":18,"turns":4},{"damage":43,"enemies":"Slavers","floor":23,"turns":3},{"damage":5,"enemies":"Chosen","floor":25,"turns":3},{"damage":33,"enemies":"Centurion and Healer","floor":28,"turns":5},{"damage":7,"enemies":"3 Cultists","floor":31,"turns":2},{"damage":81,"enemies":"Collector","floor":33,"turns":8},{"damage":42,"enemies":"3 Shapes","floor":35,"turns":2},{"damage":3,"enemies":"Orb Walker","floor":37,"turns":2},{"damage":32,"enemies":"Reptomancer","floor":40,"turns":3},{"damage":36,"enemies":"Giant Head","floor":42,"turns":6},{"damage":51,"enemies":"2 Orb Walkers","floor":45,"turns":3},{"damage":11,"enemies":"Sphere and 2 Shapes","floor":46,"turns":2},{"damage":1,"enemies":"Reptomancer","floor":47,"turns":2},{"damage":90,"enemies":"Awakened One","floor":50,"turns":3}],"seed_played":"5150586189023888107","potions_obtained":[{"floor":0,"key":"Dexterity Potion"},{"floor":0,"key":"GamblersBrew"},{"floor":0,"key":"FairyPotion"},{"floor":1,"key":"EssenceOfSteel"},{"floor":6,"key":"Fire Potion"},{"floor":23,"key":"Regen Potion"}],"is_trial":false,"path_per_floor":["M","?","?","M","M","E","R","?","T","$","?","E","T","?","R","B",null,"M","$","?","$","?","E","R","M","T","R","M","?","?","M","R","B",null,"M","$","M","T","$","E","?","E","T","$","?","M","E","T","R","B"],"character_chosen":"IRONCLAD","items_purchased":["Juzu Bracelet","Uppercut","Tiny Chest","Hemokinesis","Red Skull","Happy Flower","Combust","Combust","Inflame"],"campfire_rested":0,"item_purchase_floors":[10,10,19,21,44,44,44,44,44],"current_hp_per_floor":[74,74,74,77,80,64,64,80,80,80,64,51,51,51,51,14,64,73,73,56,56,56,51,51,70,70,70,49,49,49,59,59,18,57,52,52,64,64,64,49,80,71,71,71,29,58,71,71,71,0],"gold":208,"neow_bonus":"THREE_SMALL_POTIONS","is_prod":false,"is_daily":false,"chose_seed":false,"campfire_upgraded":2,"win_rate":0,"timestamp":1550282679,"path_taken":["M","?","?","M","?","E","R","?","T","$","?","E","?","?","R","BOSS","M","$","?","$","?","E","R","M","T","R","M","?","?","M","R","BOSS","M","$","M","?","?","E","?","E","T","$","?","M","E","?","R","BOSS"],"build_version":"2019-01-23","purchased_purges":1,"victory":false,"max_hp_per_floor":[80,80,80,80,80,80,80,80,80,80,80,80,80,80,80,80,80,80,80,56,56,56,70,70,70,70,70,70,70,70,70,70,70,70,70,70,70,70,70,70,80,80,80,80,80,80,80,80,80,80],"card_choices":[{"not_picked":["Body Slam","Clash"],"picked":"Thunderclap","floor":1},{"not_picked":["Flex","Flame Barrier"],"picked":"Whirlwind","floor":4},{"not_picked":["Infernal Blade","Uppercut"],"picked":"Metallicize","floor":5},{"not_picked":["Brutality","Thunderclap"],"picked":"Armaments","floor":6},{"not_picked":["Thunderclap","Flex"],"picked":"Spot Weakness","floor":12},{"not_picked":["Dark Embrace","Berserk"],"picked":"Reaper","floor":16},{"not_picked":["Pommel Strike","Body Slam"],"picked":"Flex+1","floor":18},{"not_picked":["Sword Boomerang","Headbutt"],"picked":"Combust","floor":23},{"not_picked":["Uppercut+1","Havoc","Clothesline"],"picked":"SKIP","floor":25},{"not_picked":["Anger","Armaments"],"picked":"Warcry+1","floor":28},{"not_picked":["Clash","Anger","Hemokinesis"],"picked":"SKIP","floor":31},{"not_picked":["Barricade","Berserk"],"picked":"Bludgeon","floor":33},{"not_picked":["Wild Strike","Thunderclap+1"],"picked":"Headbutt+1","floor":35},{"not_picked":["Iron Wave+1","Anger"],"picked":"Hemokinesis+1","floor":37},{"not_picked":["Searing Blow","Rupture+1"],"picked":"Limit Break","floor":40},{"not_picked":["Second Wind+1","Iron Wave+1"],"picked":"Heavy Blade+1","floor":42},{"not_picked":["Ghostly Armor","Heavy Blade+1"],"picked":"Barricade","floor":46},{"not_picked":["Searing Blow+1","Barricade"],"picked":"Sword Boomerang+1","floor":47}],"player_experience":494257,"relics_obtained":[{"floor":6,"key":"Orichalcum"},{"floor":9,"key":"Mercury Hourglass"},{"floor":12,"key":"Centennial Puzzle"},{"floor":13,"key":"Sundial"},{"floor":23,"key":"Mango"},{"floor":26,"key":"The Courier"},{"floor":38,"key":"Bag of Preparation"},{"floor":40,"key":"PreservedInsect"},{"floor":42,"key":"Ornamental Fan"},{"floor":45,"key":"FossilizedHelix"},{"floor":47,"key":"Meat on the Bone"},{"floor":48,"key":"Bag of Marbles"}],"event_choices":[{"damage_healed":0,"gold_gain":0,"player_choice":"Grow","damage_taken":0,"max_hp_gain":0,"max_hp_loss":0,"event_name":"Living Wall","floor":2,"gold_loss":0,"cards_upgraded":["Bash"]},{"damage_healed":0,"gold_gain":0,"player_choice":"Got Potions","damage_taken":0,"max_hp_gain":0,"max_hp_loss":0,"event_name":"Lab","floor":3,"gold_loss":0},{"damage_healed":20,"gold_gain":0,"player_choice":"Healed","damage_taken":0,"max_hp_gain":0,"max_hp_loss":0,"event_name":"The Cleric","floor":8,"gold_loss":35},{"damage_healed":0,"gold_gain":0,"player_choice":"Entered Light","damage_taken":16,"max_hp_gain":0,"max_hp_loss":0,"event_name":"Shining Light","floor":11,"gold_loss":0,"cards_upgraded":["Thunderclap","Defend_R"]},{"damage_healed":0,"gold_gain":0,"player_choice":"Box","damage_taken":0,"relics_obtained":["Girya"],"max_hp_gain":0,"max_hp_loss":0,"event_name":"Big Fish","floor":14,"gold_loss":0,"cards_obtained":["Regret"]},{"damage_healed":0,"gold_gain":0,"player_choice":"Became a vampire","damage_taken":0,"max_hp_gain":0,"max_hp_loss":24,"event_name":"Vampires","floor":20,"gold_loss":0,"cards_obtained":["Bite","Bite","Bite","Bite","Bite"]},{"damage_healed":0,"gold_gain":0,"player_choice":"Obtain J.A.X.","damage_taken":0,"max_hp_gain":0,"max_hp_loss":0,"event_name":"Drug Dealer","floor":22,"gold_loss":0,"cards_obtained":["J.A.X."]},{"damage_healed":0,"gold_gain":0,"player_choice":"Simplicity","damage_taken":0,"max_hp_gain":0,"max_hp_loss":0,"event_name":"Back to Basics","floor":29,"gold_loss":0,"cards_upgraded":["Defend_R","Defend_R","Defend_R"]},{"cards_removed":["Defend_R"],"damage_healed":0,"gold_gain":0,"player_choice":"Card Removal","damage_taken":0,"max_hp_gain":0,"max_hp_loss":0,"event_name":"Wheel of Change","floor":30,"gold_loss":0},{"cards_removed":["Bludgeon"],"damage_healed":21,"gold_gain":0,"player_choice":"Offered Rare","damage_taken":0,"max_hp_gain":10,"max_hp_loss":0,"event_name":"Bonfire Elementals","floor":41,"gold_loss":0},{"damage_healed":0,"gold_gain":0,"player_choice":"Fight","damage_taken":0,"max_hp_gain":0,"max_hp_loss":0,"event_name":"Mysterious Sphere","floor":45,"gold_loss":0}],"is_beta":false,"boss_relics":[{"not_picked":["Mark of Pain","Astrolabe"],"picked":"Snecko Eye"},{"not_picked":["Black Star","Eternal Feather"],"picked":"Sozu"}],"items_purged_floors":[19],"is_endless":false,"potions_floor_spawned":[1,4,5,6,23,40,42,45,46],"killed_by":"Awakened One","ascension_level":8}