{"path_per_floor":["M","M","M","?","?","M","R","M","T","M","M","M","M","M","R"],"character_chosen":"IRONCLAD","items_purchased":[],"gold_per_floor":[115,126,143,318,318,339,339,360,360,375,388,411,430,446,446],"floor_reached":16,"campfire_rested":1,"playtime":978,"current_hp_per_floor":[80,80,80,80,60,55,55,46,46,37,38,34,21,18,42],"items_purged":[],"gold":446,"score":100,"play_id":"e0356027-710a-45ee-bca7-bb746b3d667d","is_prod":false,"is_daily":false,"is_ascension_mode":false,"campfire_upgraded":1,"path_taken":["M","M","?","?","?","M","R","M","T","?","M","M","M","M","R","BOSS"],"build_version":"2018-02-22-PROD2","purchased_purges":0,"victory":false,"master_deck":["Strike_R","Strike_R","Strike_R","Strike_R","Strike_R","Defend_R","Defend_R","Defend_R","Bash","Pommel Strike","Headbutt","Pommel Strike","Doubt","Whirlwind+1","Warcry","Anger","Flex","Clothesline","Perfected Strike","Thunderclap"],"max_hp_per_floor":[80,80,80,80,80,80,80,80,80,80,80,80,80,80,80],"relics":["Burning Blood","Golden Idol","Magic Flower"],"card_choices":[{"not_picked":["Sword Boomerang","True Grit"],"picked":"Pommel Strike"},{"not_picked":["Sword Boomerang","True Grit"],"picked":"Headbutt"},{"not_picked":["Inflame","Rupture"],"picked":"Pommel Strike"},{"not_picked":["Berserk","Body Slam"],"picked":"Whirlwind"},{"not_picked":["Body Slam","Shrug It Off"],"picked":"Warcry"},{"not_picked":["Clash","Ghostly Armor"],"picked":"Anger"},{"not_picked":["Spot Weakness","Pummel"],"picked":"Flex"},{"not_picked":["Ghostly Armor","Flex"],"picked":"Clothesline"},{"not_picked":["Clothesline","Iron Wave"],"picked":"Perfected Strike"},{"not_picked":["Berserk","Clash"],"picked":"Thunderclap"}],"player_experience":11575,"potions_floor_usage":[13,13,13],"damage_taken":[{"damage":6,"enemies":"Cultist","floor":1,"turns":3},{"damage":1,"enemies":"Jaw Worm","floor":2,"turns":4},{"damage":1,"enemies":"2 Louse","floor":3,"turns":2},{"damage":11,"enemies":"Blue Slaver","floor":6,"turns":4},{"damage":15,"enemies":"Looter","floor":8,"turns":3},{"damage":18,"enemies":"Exordium Wildlife","floor":10,"turns":4},{"damage":8,"enemies":"Gremlin Gang","floor":11,"turns":3},{"damage":13,"enemies":"Red Slaver","floor":12,"turns":2},{"damage":22,"enemies":"Exordium Thugs","floor":13,"turns":3},{"damage":12,"enemies":"Blue Slaver","floor":14,"turns":2},{"damage":33,"enemies":"Hexaghost","floor":16,"turns":7}],"event_choices":[{"event_name":"Liars Game","player_choice":"agreed","floor":4,"damage_taken":0},{"event_name":"Golden Idol","player_choice":"Take Damage","floor":5,"damage_taken":0}],"boss_relics":[],"potions_floor_spawned":[8,10,11,12],"seed_played":"-556891640692410596","killed_by":"Hexaghost","ascension_level":0,"is_trial":false}