{"path_per_floor":["M","?","?","?","$","R","E","$","T","M","M","E","T","E","R","B",null,"M","?","?","M","M","E","R","E","T","$","M","?","M","$","R","B",null,"M","?","M","?","M","E","R","E","T","E","$","M","M","M","R","B"],"character_chosen":"IRONCLAD","items_purchased":["Battle Trance","Offering","Paper Frog","Feel No Pain","Bottled Lightning","Warcry"],"gold_per_floor":[119,119,119,119,44,44,69,0,0,18,38,66,113,147,147,218,218,233,158,158,168,184,218,218,252,321,321,332,332,343,22,22,97,97,113,0,15,60,76,102,102,437,437,493,32,47,62,73,73,73],"floor_reached":51,"campfire_rested":0,"playtime":5078,"current_hp_per_floor":[62,55,55,55,55,55,43,43,43,49,55,52,52,49,49,12,57,56,56,56,58,60,62,62,44,44,44,50,50,46,46,46,38,64,66,66,72,58,60,50,50,55,55,60,60,61,66,71,71,72],"items_purged":["Defend_R","Regret"],"gold":73,"score":1107,"play_id":"3b8fb30c-4341-4722-b8be-ec367d7b63bf","is_prod":false,"is_daily":false,"is_ascension_mode":true,"campfire_upgraded":3,"path_taken":["M","?","?","?","$","R","E","?","T","?","M","E","?","E","R","BOSS","M","?","?","M","M","E","R","E","T","$","M","?","M","$","R","BOSS","M","?","M","?","M","E","R","E","T","E","$","M","M","M","R","BOSS"],"build_version":"2018-02-23-BETA1","purchased_purges":2,"victory":true,"master_deck":["Defend_R","Bash","Wild Strike","Reckless Charge","Armaments+1","Iron Wave","Battle Trance","Shockwave","True Grit","Offering+1","Barricade+1","Disarm+1","Clash+1","Seeing Red","True Grit+1","Entrench","Body Slam+1","Offering","Exhume","Sentinel","Warcry","Battle Trance","Shrug It Off","Seeing Red","Feel No Pain+1","Warcry","Second Wind+1"],"max_hp_per_floor":[72,72,72,72,72,72,72,72,72,72,72,72,72,72,72,72,72,72,72,72,72,72,72,72,72,72,72,72,72,72,72,72,72,72,72,72,72,72,72,72,72,72,72,72,72,72,72,72,72,72],"relics":["Burning Blood","Bronze Scales","Girya","Charon\u0027s Ashes","Happy Flower","Self Forming Clay","Astrolabe","Dead Branch","Juzu Bracelet","Dodecahedron","Paper Frog","Cursed Key","Red Mask","Gambling Chip","Bag of Marbles","Old Coin","Magic Flower","Tiny Chest","Bottled Lightning"],"card_choices":[{"not_picked":["Warcry","Shrug It Off"],"picked":"Wild Strike"},{"not_picked":["Clothesline","Double Tap"],"picked":"Iron Wave"},{"not_picked":["Headbutt","Anger"],"picked":"Shockwave"},{"not_picked":["Feel No Pain","Heavy Blade"],"picked":"True Grit"},{"not_picked":["Barricade","Exhume"],"picked":"Offering"},{"not_picked":["Perfected Strike","Heavy Blade"],"picked":"Seeing Red"},{"not_picked":["Heavy Blade","Infernal Blade"],"picked":"True Grit"},{"not_picked":["Flex","Perfected Strike"],"picked":"Entrench"},{"not_picked":["Perfected Strike","Flame Barrier"],"picked":"Body Slam"},{"not_picked":["Demon Form","Bludgeon"],"picked":"Exhume"},{"not_picked":["Hemokinesis","Flex"],"picked":"Sentinel"},{"not_picked":["Power Through","Shrug It Off"],"picked":"Warcry"},{"not_picked":["Fire Breathing","Infernal Blade"],"picked":"Battle Trance"},{"not_picked":["Clothesline","Fire Breathing"],"picked":"Shrug It Off"},{"not_picked":["Havoc","Spot Weakness"],"picked":"Seeing Red"},{"not_picked":["Sword Boomerang","Blood for Blood"],"picked":"Second Wind"}],"player_experience":211130,"potions_floor_usage":[12,16,25,25,25,50,50],"damage_taken":[{"damage":12,"enemies":"Small Slimes","floor":1,"turns":4},{"damage":18,"enemies":"Gremlin Nob","floor":7,"turns":4},{"damage":0,"enemies":"Jaw Worm","floor":10,"turns":3},{"damage":0,"enemies":"Cultist","floor":11,"turns":2},{"damage":9,"enemies":"Lagavulin","floor":12,"turns":8},{"damage":9,"enemies":"3 Sentries","floor":14,"turns":4},{"damage":43,"enemies":"Hexaghost","floor":16,"turns":9},{"damage":7,"enemies":"Shell Parasite","floor":18,"turns":4},{"damage":4,"enemies":"3 Byrds","floor":21,"turns":2},{"damage":4,"enemies":"3 Cultists","floor":22,"turns":3},{"damage":4,"enemies":"Gremlin Leader","floor":23,"turns":9},{"damage":30,"enemies":"Slavers","floor":25,"turns":2},{"damage":0,"enemies":"Snake Plant","floor":28,"turns":4},{"damage":10,"enemies":"Slaver and Parasite","floor":30,"turns":5},{"damage":14,"enemies":"Collector","floor":33,"turns":7},{"damage":4,"enemies":"3 Darklings","floor":35,"turns":2},{"damage":0,"enemies":"Orb Walker","floor":37,"turns":2},{"damage":20,"enemies":"Mysterious Sphere","floor":38,"turns":2},{"damage":4,"enemies":"Maw","floor":39,"turns":5},{"damage":16,"enemies":"Nemesis","floor":40,"turns":3},{"damage":1,"enemies":"2 Orb Walkers","floor":42,"turns":2},{"damage":4,"enemies":"Giant Head","floor":44,"turns":5},{"damage":8,"enemies":"Sphere and 2 Shapes","floor":46,"turns":3},{"damage":4,"enemies":"Spire Growth","floor":47,"turns":6},{"damage":4,"enemies":"Maw","floor":48,"turns":5},{"damage":8,"enemies":"Donu and Deca","floor":50,"turns":2}],"event_choices":[{"event_name":"Golden Wing","player_choice":"Card Removal","floor":2,"damage_taken":0},{"event_name":"Transmorgrifier","player_choice":"Transform","floor":3,"damage_taken":0},{"event_name":"Match and Keep!","player_choice":"1 cards matched","floor":4,"damage_taken":0},{"event_name":"Beggar","player_choice":"Gave Gold","floor":19,"damage_taken":0},{"event_name":"The Mausoleum","player_choice":"No","floor":20,"damage_taken":0},{"event_name":"Purifier","player_choice":"One Purge","floor":29,"damage_taken":0},{"event_name":"Tomb of Lord Red Mask","player_choice":"Paid","floor":36,"damage_taken":0},{"event_name":"Mysterious Sphere","player_choice":"Fight","floor":38,"damage_taken":0}],"boss_relics":[{"not_picked":["Calling Bell","Lizard Tail"],"picked":"Astrolabe"},{"not_picked":["Snecko Eye","Black Blood"],"picked":"Cursed Key"}],"potions_floor_spawned":[11,14,16,18,21,28,33,38,40,42,46],"seed_played":"-2606138631826317384","ascension_level":15,"is_trial":false}