{"gold_per_floor":[114,114,64,64,83,83,8,8,8,28,44,63,63,63,63,187,187,167,69,69,33,57,57,57,57,57,78,78,96,96,111,111,240,240,259,272,285,285,285,285,329,65,65,88,111,132,132,156,156,156],"floor_reached":50,"playtime":4655,"items_purged":["Strike_G","Eviscerate","Strike_G"],"score":464,"play_id":"2c9d6a05-d6b3-48e9-8ef1-7a44049d3a05","local_time":"20181020154021","is_ascension_mode":false,"campfire_choices":[{"data":"Neutralize","floor":6,"key":"SMITH"},{"data":"Survivor","floor":8,"key":"SMITH"},{"data":"Flying Knee","floor":15,"key":"SMITH"},{"data":"Dagger Throw","floor":23,"key":"SMITH"},{"floor":25,"key":"REST"},{"data":"Noxious Fumes","floor":28,"key":"SMITH"},{"floor":30,"key":"REST"},{"data":"Bane","floor":32,"key":"SMITH"},{"floor":40,"key":"REST"},{"floor":47,"key":"REST"},{"floor":49,"key":"REST"}],"neow_cost":"NONE","seed_source_timestamp":585660521206117,"circlet_count":0,"master_deck":["Defend_G","Defend_G","Defend_G","Defend_G","Strike_G","Strike_G","Survivor+1","Neutralize+1","Flying Knee+1","Deflect+1","Cloak And Dagger+1","Blade Dance+1","Night Terror+1","Prepared+1","Dagger Throw+1","Deadly Poison+1","Backflip+1","Noxious Fumes+1","Bane+1","Corpse Explosion+1","Accuracy","Deflect+1","Escape Plan+1","Dodge and Roll+1","Prepared+1","Deflect+1","Footwork+1","Adrenaline+1","Parasite","Dodge and Roll+1"],"relics":["Ring of the Snake","Golden Idol","Toxic Egg 2","The Courier","White Beast Statue","Shuriken","Orrery","Oddly Smooth Stone","TwistedFunnel","Dodecahedron"],"potions_floor_usage":[16,16,18,29,29,33,33,35,36,36,37,41,44,45,50,50,50],"damage_taken":[{"damage":0,"enemies":"Cultist","floor":1,"turns":4},{"damage":1,"enemies":"Jaw Worm","floor":5,"turns":4},{"damage":0,"enemies":"Small Slimes","floor":10,"turns":5},{"damage":0,"enemies":"Looter","floor":11,"turns":3},{"damage":0,"enemies":"2 Fungi Beasts","floor":12,"turns":5},{"damage":56,"enemies":"Hexaghost","floor":16,"turns":13},{"damage":18,"enemies":"2 Thieves","floor":18,"turns":5},{"damage":7,"enemies":"Spheric Guardian","floor":22,"turns":4},{"damage":14,"enemies":"Snake Plant","floor":27,"turns":5},{"damage":3,"enemies":"Centurion and Healer","floor":29,"turns":6},{"damage":0,"enemies":"Cultist and Chosen","floor":31,"turns":5},{"damage":21,"enemies":"Automaton","floor":33,"turns":13},{"damage":6,"enemies":"3 Shapes","floor":35,"turns":5},{"damage":5,"enemies":"3 Darklings","floor":36,"turns":2},{"damage":15,"enemies":"Writhing Mass","floor":37,"turns":6},{"damage":52,"enemies":"Giant Head","floor":41,"turns":10},{"damage":12,"enemies":"Spire Growth","floor":44,"turns":7},{"damage":0,"enemies":"Jaw Worm Horde","floor":45,"turns":6},{"damage":0,"enemies":"3 Darklings","floor":46,"turns":2},{"damage":0,"enemies":"Writhing Mass","floor":48,"turns":7},{"damage":48,"enemies":"Time Eater","floor":50,"turns":12}],"seed_played":"-5100931916536877010","potions_obtained":[{"floor":5,"key":"Regen Potion"},{"floor":10,"key":"SkillPotion"},{"floor":12,"key":"SteroidPotion"},{"floor":18,"key":"Dexterity Potion"},{"floor":22,"key":"Fire Potion"},{"floor":27,"key":"Dexterity Potion"},{"floor":29,"key":"Block Potion"},{"floor":31,"key":"EssenceOfSteel"},{"floor":33,"key":"Energy Potion"},{"floor":35,"key":"Fire Potion"},{"floor":36,"key":"Weak Potion"},{"floor":37,"key":"Energy Potion"},{"floor":41,"key":"Poison Potion"},{"floor":44,"key":"Energy Potion"},{"floor":45,"key":"Weak Potion"},{"floor":46,"key":"LiquidBronze"},{"floor":48,"key":"EssenceOfSteel"}],"is_trial":false,"path_per_floor":["M","?","?","$","M","R","$","R","T","M","M","M","?","T","R","B",null,"M","$","?","$","M","R","?","R","T","M","R","M","R","M","R","B",null,"M","M","M","?","?","R","E","$","T","M","M","M","R","M","R"],"character_chosen":"THE_SILENT","items_purchased":["Dagger Throw","Backflip+1","TwistedFunnel"],"campfire_rested":5,"item_purchase_floors":[19,21,42],"current_hp_per_floor":[70,65,65,65,64,64,64,64,64,64,64,64,69,69,69,22,70,52,52,52,52,45,45,45,66,66,52,52,49,70,70,70,49,70,64,59,44,44,44,65,13,13,13,1,1,1,22,22,43,0],"gold":156,"neow_bonus":"TRANSFORM_CARD","is_prod":false,"is_daily":false,"chose_seed":false,"campfire_upgraded":6,"win_rate":0,"timestamp":1540046421,"path_taken":["M","?","?","$","M","R","?","R","T","M","M","?","?","?","R","BOSS","M","$","?","$","M","R","?","R","T","?","R","M","R","M","R","BOSS","M","M","M","?","?","R","E","$","T","M","?","M","R","M","R","BOSS"],"build_version":"2018-10-18","purchased_purges":3,"victory":false,"max_hp_per_floor":[70,65,65,65,65,65,65,65,65,65,65,65,70,70,70,70,70,70,70,70,70,70,70,70,70,70,70,70,70,70,70,70,70,70,70,70,70,70,70,70,70,70,70,70,70,70,70,70,70,70],"card_choices":[{"not_picked":["Deflect","Tactician"],"picked":"Flying Knee","floor":1},{"not_picked":["Underhanded Strike","Acrobatics","Bane"],"picked":"SKIP","floor":5},{"not_picked":["Distraction+1","Dagger Throw"],"picked":"Deflect+1","floor":10},{"not_picked":["Predator","Outmaneuver+1"],"picked":"Cloak And Dagger+1","floor":11},{"not_picked":["Reflex+1","Outmaneuver+1"],"picked":"Blade Dance+1","floor":12},{"not_picked":["Malaise+1","Glass Knife"],"picked":"Night Terror+1","floor":16},{"not_picked":["Acrobatics+1","All Out Attack"],"picked":"Prepared+1","floor":18},{"not_picked":["Flechettes+1","Dagger Spray","Underhanded Strike"],"picked":"SKIP","floor":22},{"not_picked":["Deflect+1","Quick Slash+1"],"picked":"Noxious Fumes","floor":27},{"not_picked":["Cloak And Dagger+1","Deadly Poison+1","Acrobatics+1"],"picked":"SKIP","floor":29},{"not_picked":["Sucker Punch","Glass Knife"],"picked":"Bane","floor":31},{"not_picked":["Tools of the Trade","After Image"],"picked":"Corpse Explosion+1","floor":33},{"not_picked":["Bane","Poisoned Stab"],"picked":"Accuracy","floor":34},{"not_picked":["Blade Dance+1","Choke"],"picked":"Deflect+1","floor":34},{"not_picked":["Concentrate+1","Bane"],"picked":"Escape Plan+1","floor":34},{"not_picked":["Choke","Malaise+1"],"picked":"Dodge and Roll+1","floor":34},{"not_picked":["Outmaneuver+1","Cloak And Dagger+1"],"picked":"Prepared+1","floor":34},{"not_picked":["Dagger Throw+1","Flying Knee+1"],"picked":"Deflect+1","floor":35},{"not_picked":["Prepared+1","Underhanded Strike+1","Poisoned Stab"],"picked":"SKIP","floor":36},{"not_picked":["Bane+1","Acrobatics+1","Dagger Spray"],"picked":"SKIP","floor":37},{"not_picked":["Poisoned Stab+1","Sucker Punch+1"],"picked":"Footwork+1","floor":41},{"not_picked":["Poisoned Stab+1","Slice+1"],"picked":"Adrenaline+1","floor":44},{"not_picked":["Calculated Gamble+1","Sucker Punch+1","Infinite Blades+1"],"picked":"SKIP","floor":45},{"not_picked":["PiercingWail+1","Flying Knee+1","Outmaneuver+1"],"picked":"SKIP","floor":46},{"not_picked":["Blade Dance+1","Bane+1"],"picked":"Dodge and Roll+1","floor":48}],"player_experience":225170,"relics_obtained":[{"floor":9,"key":"Toxic Egg 2"},{"floor":14,"key":"The Courier"},{"floor":26,"key":"Shuriken"},{"floor":41,"key":"Oddly Smooth Stone"},{"floor":43,"key":"Dodecahedron"}],"event_choices":[{"damage_healed":0,"gold_gain":0,"player_choice":"Lose Max HP","damage_taken":0,"relics_obtained":["Golden Idol"],"max_hp_gain":0,"max_hp_loss":5,"event_name":"Golden Idol","floor":2,"gold_loss":0},{"cards_removed":["Defend_G"],"damage_healed":0,"gold_gain":0,"player_choice":"Card Removal","damage_taken":0,"max_hp_gain":0,"max_hp_loss":0,"event_name":"The Cleric","floor":3,"gold_loss":50},{"damage_healed":0,"gold_gain":0,"player_choice":"Donut","damage_taken":0,"max_hp_gain":5,"max_hp_loss":0,"event_name":"Big Fish","floor":13,"gold_loss":0},{"damage_healed":0,"gold_gain":0,"player_choice":"Read","damage_taken":0,"max_hp_gain":0,"max_hp_loss":0,"event_name":"The Library","floor":20,"gold_loss":0,"cards_obtained":["Deadly Poison"]},{"damage_healed":0,"gold_gain":0,"player_choice":"Ignored","damage_taken":0,"max_hp_gain":0,"max_hp_loss":0,"event_name":"Beggar","floor":24,"gold_loss":0},{"damage_healed":0,"gold_gain":0,"player_choice":"Ignored","damage_taken":0,"max_hp_gain":0,"max_hp_loss":0,"event_name":"SecretPortal","floor":38,"gold_loss":0},{"damage_healed":0,"gold_gain":0,"player_choice":"Ignored","damage_taken":0,"max_hp_gain":0,"max_hp_loss":0,"event_name":"Tomb of Lord Red Mask","floor":39,"gold_loss":0}],"is_beta":false,"boss_relics":[{"not_picked":["Lizard Tail","HoveringKite"],"picked":"White Beast Statue"},{"not_picked":["Philosopher\u0027s Stone","Tiny House"],"picked":"Orrery"}],"items_purged_floors":[7,19,42],"is_endless":false,"potions_floor_spawned":[5,10,12,18,22,27,29,31,33,35,36,37,41,44,45,46,48],"killed_by":"Time Eater","ascension_level":0}