{"gold_per_floor":[116,129,304,304,14,14,42,54,54,66],"floor_reached":10,"playtime":393,"items_purged":[],"score":73,"play_id":"555fb584-40df-4c1e-89da-f87008500428","local_time":"20181106223942","is_ascension_mode":true,"campfire_choices":[{"data":"Body Slam","floor":6,"key":"SMITH"}],"neow_cost":"NONE","seed_source_timestamp":270638474641793,"circlet_count":0,"master_deck":["Strike_R","Strike_R","Strike_R","Strike_R","Strike_R","Defend_R","Defend_R","Defend_R","Defend_R","Bash","Seeing Red","Body Slam","Doubt","Metallicize","Body Slam+1"],"relics":["Burning Blood","The Courier","Singing Bowl","Dream Catcher","MawBank"],"potions_floor_usage":[10],"damage_taken":[{"damage":6,"enemies":"Cultist","floor":1,"turns":3},{"damage":15,"enemies":"Small Slimes","floor":2,"turns":4},{"damage":52,"enemies":"Gremlin Nob","floor":7,"turns":7},{"damage":7,"enemies":"2 Louse","floor":8,"turns":3},{"damage":37,"enemies":"Lagavulin","floor":10,"turns":8}],"seed_played":"6925902619633963146","potions_obtained":[{"floor":2,"key":"Poison Potion"},{"floor":8,"key":"EssenceOfSteel"}],"is_trial":false,"path_per_floor":["M","M","?","?","$","R","E","M","T","E"],"character_chosen":"IRONCLAD","items_purchased":["Metallicize","Body Slam","Singing Bowl"],"campfire_rested":0,"item_purchase_floors":[5,5,5],"current_hp_per_floor":[80,71,71,71,71,71,27,28,28,0],"gold":66,"neow_bonus":"THREE_CARDS","is_prod":false,"is_daily":false,"chose_seed":false,"campfire_upgraded":1,"win_rate":0,"timestamp":1541561982,"path_taken":["M","?","?","?","$","R","E","?","T","E"],"build_version":"2018-11-01","purchased_purges":0,"victory":false,"max_hp_per_floor":[80,80,80,80,80,80,82,84,84,84],"card_choices":[{"not_picked":["Clash","Iron Wave"],"picked":"Seeing Red","floor":0},{"not_picked":["Fire Breathing","Battle Trance"],"picked":"Body Slam","floor":1},{"not_picked":["Iron Wave","Heavy Blade","Rupture"],"picked":"SKIP","floor":2},{"not_picked":["Fiend Fire","Dropkick","Anger"],"picked":"Singing Bowl","floor":7},{"not_picked":["Blood for Blood","Flex","Intimidate"],"picked":"Singing Bowl","floor":8}],"player_experience":762611,"relics_obtained":[{"floor":7,"key":"Dream Catcher"},{"floor":9,"key":"MawBank"}],"event_choices":[{"damage_healed":0,"gold_gain":175,"player_choice":"AGREE","damage_taken":0,"max_hp_gain":0,"max_hp_loss":0,"event_name":"Liars Game","floor":3,"gold_loss":0,"cards_obtained":["Doubt"]},{"damage_healed":0,"gold_gain":0,"player_choice":"Gave Potion","damage_taken":0,"relics_obtained":["The Courier"],"max_hp_gain":0,"max_hp_loss":0,"event_name":"WeMeetAgain","floor":4,"gold_loss":0}],"is_beta":false,"boss_relics":[],"items_purged_floors":[],"is_endless":false,"potions_floor_spawned":[2,8],"killed_by":"Lagavulin","ascension_level":2}