{"gold_per_floor":[114,128,144,144,144,176,176,207,281,281,292,217,217,117,117,117],"floor_reached":16,"playtime":399,"items_purged":["Strike_R","Defend_R"],"score":211,"play_id":"8aaef1aa-9b8b-4f10-888e-683ede9b8628","local_time":"20190302153445","is_ascension_mode":true,"campfire_choices":[{"data":"Bash","floor":7,"key":"SMITH"},{"data":"Cleave","floor":10,"key":"SMITH"},{"data":"Ghostly Armor","floor":13,"key":"SMITH"},{"data":"Intimidate","floor":15,"key":"SMITH"}],"neow_cost":"NONE","seed_source_timestamp":65881035431164,"circlet_count":0,"master_deck":["AscendersBane","Strike_R","Strike_R+1","Strike_R","Strike_R","Defend_R","Defend_R+1","Defend_R+1","Bash+1","Sword Boomerang+1","Intimidate+1","Cleave+1","Ghostly Armor+1"],"relics":["Burning Blood","NeowsBlessing","Prayer Wheel","War Paint","Shuriken"],"potions_floor_usage":[6,8,16],"damage_taken":[{"damage":0,"enemies":"Cultist","floor":1,"turns":1},{"damage":0,"enemies":"Jaw Worm","floor":2,"turns":1},{"damage":0,"enemies":"Small Slimes","floor":3,"turns":1},{"damage":20,"enemies":"3 Sentries","floor":6,"turns":6},{"damage":32,"enemies":"Gremlin Nob","floor":8,"turns":4},{"damage":13,"enemies":"Blue Slaver","floor":11,"turns":2},{"damage":17,"enemies":"The Guardian","floor":16,"turns":6}],"seed_played":"7050035884275951684","potions_obtained":[{"floor":3,"key":"Fire Potion"},{"floor":6,"key":"Regen Potion"},{"floor":8,"key":"SteroidPotion"}],"is_trial":false,"path_per_floor":["M","M","M","?","?","E","R","E","T","R","M","$","R","$","R","B"],"character_chosen":"IRONCLAD","items_purchased":[],"campfire_rested":0,"item_purchase_floors":[],"current_hp_per_floor":[74,75,75,52,52,38,38,24,24,24,17,17,17,17,17,0],"gold":117,"neow_bonus":"THREE_ENEMY_KILL","is_prod":false,"is_daily":false,"chose_seed":false,"campfire_upgraded":4,"win_rate":0,"timestamp":1551508485,"path_taken":["M","M","?","?","?","E","R","E","T","R","M","?","R","$","R","BOSS"],"build_version":"2019-01-23","purchased_purges":2,"victory":false,"max_hp_per_floor":[75,75,75,75,75,75,75,75,75,75,75,75,75,75,75,75],"card_choices":[{"not_picked":["Wild Strike","Warcry"],"picked":"Sword Boomerang","floor":1},{"not_picked":["Hemokinesis","Armaments"],"picked":"Intimidate","floor":2},{"not_picked":["Havoc","Warcry"],"picked":"Cleave","floor":3},{"not_picked":["Immolate","Armaments","Impervious"],"picked":"SKIP","floor":6},{"not_picked":["Heavy Blade","Sever Soul","Bloodletting"],"picked":"SKIP","floor":8},{"not_picked":["Corruption","Combust"],"picked":"Ghostly Armor","floor":11},{"not_picked":["Carnage","Body Slam","Armaments"],"picked":"SKIP","floor":11}],"player_experience":987171,"relics_obtained":[{"floor":6,"key":"Prayer Wheel"},{"floor":8,"key":"War Paint"},{"floor":9,"key":"Shuriken"}],"event_choices":[{"damage_healed":0,"gold_gain":0,"player_choice":"Entered Light","damage_taken":23,"max_hp_gain":0,"max_hp_loss":0,"event_name":"Shining Light","floor":4,"gold_loss":0,"cards_upgraded":["Sword Boomerang","Strike_R"]},{"damage_healed":0,"gold_gain":0,"player_choice":"Ignored","damage_taken":0,"max_hp_gain":0,"max_hp_loss":0,"event_name":"Golden Idol","floor":5,"gold_loss":0}],"is_beta":false,"boss_relics":[],"items_purged_floors":[12,14],"is_endless":false,"potions_floor_spawned":[3,6,8],"killed_by":"The Guardian","ascension_level":19}