{"gold_per_floor":[117,132,21,21,34,34,54,65,92,105,105,116,133,191,191,295,295,311,226,81,13,13,13,13,13,13,23,34,34,63,63],"floor_reached":31,"playtime":1400,"items_purged":["Strike_G","Strike_G"],"score":321,"play_id":"f4077327-140d-4a61-a4ce-1a225630569b","local_time":"20181029223555","is_ascension_mode":true,"campfire_choices":[{"data":"Dagger Spray","floor":6,"key":"SMITH"},{"data":"Infinite Blades","floor":11,"key":"SMITH"},{"floor":15,"key":"REST"},{"data":"Choke","floor":23,"key":"SMITH"},{"floor":25,"key":"REST"}],"neow_cost":"NONE","seed_source_timestamp":1710178066848290,"circlet_count":0,"master_deck":["Defend_G","Defend_G","Defend_G","Defend_G","Strike_G","Strike_G","Strike_G","Survivor","Neutralize","Dagger Spray+1","Accuracy","Accuracy","Dodge and Roll","Infinite Blades+1","After Image","Choke+1","Terror","Tools of the Trade","Footwork","Dramatic Entrance","Blade Dance","Cloak And Dagger","Envenom","Neutralize","Dodge and Roll"],"relics":["Ring of the Snake","Bronze Scales","Smiling Mask","Art of War","Ancient Tea Set","Bottled Flame","WingedGreaves"],"potions_floor_usage":[16,16,30,30],"damage_taken":[{"damage":0,"enemies":"Small Slimes","floor":1,"turns":3},{"damage":0,"enemies":"Cultist","floor":2,"turns":4},{"damage":0,"enemies":"Jaw Worm","floor":5,"turns":4},{"damage":12,"enemies":"Large Slime","floor":7,"turns":6},{"damage":4,"enemies":"Blue Slaver","floor":8,"turns":5},{"damage":0,"enemies":"Lots of Slimes","floor":10,"turns":1},{"damage":7,"enemies":"Large Slime","floor":12,"turns":7},{"damage":3,"enemies":"3 Louse","floor":13,"turns":2},{"damage":20,"enemies":"Gremlin Nob","floor":14,"turns":4},{"damage":13,"enemies":"Hexaghost","floor":16,"turns":8},{"damage":24,"enemies":"Spheric Guardian","floor":18,"turns":5},{"damage":9,"enemies":"Chosen","floor":27,"turns":4},{"damage":21,"enemies":"Centurion and Healer","floor":28,"turns":6},{"damage":23,"enemies":"Slavers","floor":30,"turns":6},{"damage":16,"enemies":"3 Cultists","floor":31,"turns":4}],"seed_played":"-3571056548818679283","potions_obtained":[{"floor":2,"key":"Regen Potion"},{"floor":8,"key":"GhostInAJar"},{"floor":12,"key":"Fire Potion"},{"floor":13,"key":"PowerPotion"},{"floor":16,"key":"Fire Potion"},{"floor":27,"key":"FairyPotion"}],"is_trial":false,"path_per_floor":["M","M","$","?","M","R","M","M","T","M","R","M","M","?","R","B",null,"M","?","$","?","?","R","?","R","T","M","M","?","E"],"character_chosen":"THE_SILENT","items_purchased":["Accuracy","Dramatic Entrance"],"campfire_rested":2,"item_purchase_floors":[3,20],"current_hp_per_floor":[63,63,63,63,63,63,51,47,47,47,47,40,37,17,38,40,63,39,39,39,39,39,39,39,60,60,51,30,30,7,0],"gold":63,"neow_bonus":"THREE_CARDS","is_prod":false,"is_daily":false,"chose_seed":false,"campfire_upgraded":3,"win_rate":0,"timestamp":1540866955,"path_taken":["M","M","$","?","M","R","M","M","T","M","R","M","M","?","R","BOSS","M","?","$","?","?","R","?","R","T","M","M","?","E","?"],"build_version":"2018-10-25v2","purchased_purges":2,"victory":false,"max_hp_per_floor":[70,70,70,70,70,70,70,70,70,70,70,70,70,70,70,70,70,70,70,70,70,70,70,70,70,70,70,70,70,70,70],"card_choices":[{"not_picked":["Blur","Dagger Throw"],"picked":"Dagger Spray","floor":0},{"not_picked":["Deflect","Flying Knee","Dagger Spray"],"picked":"SKIP","floor":1},{"not_picked":["Dagger Spray","Bane","Flying Knee"],"picked":"SKIP","floor":2},{"not_picked":["Dash","PiercingWail"],"picked":"Accuracy","floor":5},{"not_picked":["Backflip","Blur"],"picked":"Dodge and Roll","floor":7},{"not_picked":["Tactician","Quick Slash"],"picked":"Infinite Blades","floor":8},{"not_picked":["Dodge and Roll","Prepared"],"picked":"After Image","floor":10},{"not_picked":["Underhanded Strike","Deflect","Eviscerate"],"picked":"SKIP","floor":12},{"not_picked":["Heel Hook","All Out Attack"],"picked":"Choke","floor":13},{"not_picked":["Flying Knee","Underhanded Strike"],"picked":"Terror","floor":14},{"not_picked":["Grand Finale","Wraith Form v2"],"picked":"Tools of the Trade","floor":16},{"not_picked":["Dagger Throw","PiercingWail+1"],"picked":"Footwork","floor":18},{"not_picked":["Endless Agony","Outmaneuver+1","Dagger Throw"],"picked":"SKIP","floor":27},{"not_picked":["Masterful Stab","Deadly Poison+1"],"picked":"Cloak And Dagger","floor":28},{"not_picked":["Quick Slash","Flying Knee"],"picked":"Dodge and Roll","floor":30}],"player_experience":701948,"relics_obtained":[{"floor":9,"key":"Bronze Scales"},{"floor":14,"key":"Smiling Mask"},{"floor":26,"key":"Bottled Flame"},{"floor":30,"key":"WingedGreaves"}],"event_choices":[{"cards_removed":["Defend_G"],"damage_healed":0,"gold_gain":0,"player_choice":"Purged","damage_taken":0,"max_hp_gain":0,"max_hp_loss":0,"event_name":"Purifier","floor":4,"gold_loss":0},{"damage_healed":0,"gold_gain":0,"player_choice":"Searched \u00271\u0027 times","damage_taken":0,"max_hp_gain":0,"max_hp_loss":0,"event_name":"Dead Adventurer","floor":14,"gold_loss":0},{"damage_healed":0,"gold_gain":0,"player_choice":"Obtained Relic","damage_taken":0,"relics_obtained":["Art of War"],"max_hp_gain":0,"max_hp_loss":0,"event_name":"Addict","floor":19,"gold_loss":85},{"damage_healed":0,"gold_gain":0,"player_choice":"Paid Gold","damage_taken":0,"relics_obtained":["Ancient Tea Set"],"max_hp_gain":0,"max_hp_loss":0,"event_name":"WeMeetAgain","floor":21,"gold_loss":68},{"damage_healed":0,"gold_gain":0,"player_choice":"Read","damage_taken":0,"max_hp_gain":0,"max_hp_loss":0,"event_name":"The Library","floor":22,"gold_loss":0,"cards_obtained":["Blade Dance"]},{"damage_healed":0,"gold_gain":0,"player_choice":"Ignored","damage_taken":0,"max_hp_gain":0,"max_hp_loss":0,"event_name":"Cursed Tome","floor":24,"gold_loss":0},{"damage_healed":0,"gold_gain":0,"player_choice":"2 cards matched","damage_taken":0,"max_hp_gain":0,"max_hp_loss":0,"event_name":"Match and Keep!","floor":29,"gold_loss":0,"cards_obtained":["Envenom","Neutralize"]}],"is_beta":false,"boss_relics":[{"not_picked":["Calling Bell","HoveringKite","Coffee Dripper"]}],"items_purged_floors":[3,20],"is_endless":false,"potions_floor_spawned":[2,8,12,13,16,27],"killed_by":"3 Cultists","ascension_level":6}