{"path_per_floor":["M","?","M","$","?","R","M","R","T","R","M","M","T","?","R","B",null,"M","$","M","M","?","R","M","R","T","R","M","$","?","M","R"],"character_chosen":"DEFECT","items_purchased":["Capacitor","Ball Lightning","Self Repair","Self Repair"],"gold_per_floor":[119,119,130,7,7,7,21,21,44,44,64,77,146,146,146,245,245,256,23,36,50,50,50,70,70,97,97,115,47,47,62,62,62],"floor_reached":33,"campfire_rested":1,"playtime":1736,"current_hp_per_floor":[75,75,75,75,75,75,75,75,75,75,72,72,72,79,79,36,82,54,54,59,58,58,58,47,47,47,47,22,22,22,20,44,0],"items_purged":["Normality","Strike_B"],"gold":62,"score":237,"play_id":"da9fe646-89b0-418c-b324-ed71299483bc","local_time":"20180510163728","is_prod":false,"is_daily":false,"chose_seed":false,"is_ascension_mode":false,"campfire_upgraded":7,"timestamp":1525984648,"path_taken":["M","?","M","$","?","R","M","R","T","R","M","M","?","?","R","BOSS","M","$","M","M","?","R","M","R","T","R","M","$","?","?","R","BOSS"],"build_version":"2018-05-09","seed_source_timestamp":130397816418240,"purchased_purges":2,"victory":false,"master_deck":["Strike_B","Strike_B","Strike_B","Defend_B","Defend_B+1","Defend_B","Defend_B","Zap+1","Dualcast","Barrage","Chill+1","Capacitor+1","Barrage","Double Energy+1","Machine Learning+1","Ball Lightning","Self Repair+1","Skim+1","Loop+1","Self Repair","Chaos"],"max_hp_per_floor":[75,75,75,75,75,75,75,75,75,75,75,75,75,82,82,82,82,82,82,82,82,82,82,82,82,82,82,82,82,82,82,82,82],"relics":["Cracked Core","NeowsBlessing","Orichalcum","Bronze Scales","Darkstone Periapt","Strawberry","Velvet Choker","War Paint"],"card_choices":[{"not_picked":["Gash","Coolheaded"],"picked":"Barrage","floor":1},{"not_picked":["Leap","Sunder"],"picked":"Chill","floor":3},{"not_picked":["Go for the Eyes","Sunder"],"picked":"Barrage","floor":7},{"not_picked":["Thunder Strike","Blizzard"],"picked":"Double Energy","floor":11},{"not_picked":["Fusion","Nova"],"picked":"Machine Learning","floor":16},{"not_picked":["Axe Kick","Leap"],"picked":"Skim","floor":20},{"not_picked":["Sweeping Beam","Rebound"],"picked":"Loop","floor":24},{"not_picked":["Streamline","Double Energy"],"picked":"Chaos","floor":31}],"player_experience":32516,"potions_floor_usage":[31,31,31,33],"damage_taken":[{"damage":0,"enemies":"Jaw Worm","floor":1,"turns":1},{"damage":0,"enemies":"Cultist","floor":3,"turns":1},{"damage":0,"enemies":"2 Louse","floor":7,"turns":2},{"damage":3,"enemies":"Looter","floor":11,"turns":3},{"damage":0,"enemies":"Exordium Wildlife","floor":12,"turns":2},{"damage":43,"enemies":"Hexaghost","floor":16,"turns":9},{"damage":28,"enemies":"3 Byrds","floor":18,"turns":5},{"damage":2,"enemies":"Spheric Guardian","floor":20,"turns":3},{"damage":8,"enemies":"Snecko","floor":21,"turns":5},{"damage":21,"enemies":"Chosen and Byrds","floor":24,"turns":6},{"damage":35,"enemies":"Snake Plant","floor":28,"turns":5},{"damage":19,"enemies":"3 Cultists","floor":31,"turns":5},{"damage":67,"enemies":"Collector","floor":33,"turns":5}],"event_choices":[{"event_name":"Accursed Blacksmith","player_choice":"Rummage","floor":2,"damage_taken":0},{"event_name":"The Cleric","player_choice":"Leave","floor":5,"damage_taken":0},{"event_name":"Dead Adventurer","player_choice":"Searched \u00272\u0027 times","floor":14,"damage_taken":0},{"event_name":"Addict","player_choice":"Ignored","floor":22,"damage_taken":0},{"event_name":"Ghosts","player_choice":"Ignored","floor":30,"damage_taken":0}],"boss_relics":[{"not_picked":["Runic Dome","Snecko Eye"],"picked":"Velvet Choker"}],"potions_floor_spawned":[1,7,11,16,20,24,28,31],"seed_played":"-1163683168093899284","killed_by":"Collector","ascension_level":0,"is_trial":false}