{"gold_per_floor":[110,185,185,255,265,299,299,102,129,141,153,165,202,234,246,356,368,393,680,709,721],"floor_reached":21,"playtime":768,"items_purged":[],"score":233,"play_id":"a7f625cf-6c92-4ebb-a5bf-22e3502a748e","local_time":"20190120113142","is_ascension_mode":false,"campfire_choices":[{"data":"Zap","floor":7,"key":"SMITH"},{"data":"Dualcast","floor":10,"key":"SMITH"},{"data":"Rip and Tear","floor":12,"key":"SMITH"},{"data":"Redo","floor":15,"key":"SMITH"}],"neow_cost":"NONE","seed_source_timestamp":753874518133037,"circlet_count":0,"master_deck":["Strike_B","Strike_B","Strike_B","Defend_B","Defend_B","Defend_B","Defend_B","Zap+1","Dualcast+1","Go for the Eyes","Rip and Tear+1","Rebound","Zap+1","Redo+1","Echo Form+1","Streamline+1","Regret"],"relics":["Cracked Core","NeowsBlessing","Frozen Egg 2","Gambling Chip","DollysMirror","MawBank","Boot","Odd Mushroom","Black Star"],"potions_floor_usage":[13],"damage_taken":[{"damage":0,"enemies":"Small Slimes","floor":1,"turns":1},{"damage":0,"enemies":"Jaw Worm","floor":5,"turns":1},{"damage":0,"enemies":"3 Sentries","floor":6,"turns":1},{"damage":0,"enemies":"Gremlin Nob","floor":13,"turns":3},{"damage":13,"enemies":"The Mushroom Lair","floor":14,"turns":3},{"damage":13,"enemies":"Slime Boss","floor":16,"turns":7},{"damage":29,"enemies":"Shell Parasite","floor":18,"turns":5},{"damage":25,"enemies":"2 Thieves","floor":20,"turns":3},{"damage":21,"enemies":"Snake Plant","floor":21,"turns":1}],"seed_played":"-9025110842100104395","potions_obtained":[{"floor":6,"key":"AttackPotion"},{"floor":14,"key":"SmokeBomb"},{"floor":18,"key":"SpeedPotion"}],"is_trial":false,"path_per_floor":["M","?","?","T","M","E","R","$","T","R","$","R","E","?","R","B",null,"M","?","M","M"],"character_chosen":"DEFECT","items_purchased":["DollysMirror"],"campfire_rested":0,"item_purchase_floors":[8],"current_hp_per_floor":[75,64,64,64,64,64,64,64,64,64,64,64,64,51,51,38,75,46,46,21,0],"gold":721,"neow_bonus":"THREE_ENEMY_KILL","is_prod":false,"is_daily":false,"chose_seed":false,"campfire_upgraded":4,"win_rate":0,"timestamp":1547951502,"path_taken":["M","?","?","?","?","E","R","$","T","R","$","R","E","?","R","BOSS","M","?","M","M"],"build_version":"2019-01-17v2","purchased_purges":0,"victory":false,"max_hp_per_floor":[75,75,75,75,75,75,75,75,75,75,75,75,75,75,75,75,75,75,75,75,75],"card_choices":[{"not_picked":["Streamline","Blizzard"],"picked":"Go for the Eyes","floor":1},{"not_picked":["Go for the Eyes","Genetic Algorithm"],"picked":"Rip and Tear","floor":5},{"not_picked":["Capacitor+1","Hologram"],"picked":"Rebound","floor":6},{"not_picked":["Cold Snap","Ball Lightning"],"picked":"Redo","floor":13},{"not_picked":["Reboot","Hyperbeam"],"picked":"Echo Form+1","floor":16},{"not_picked":["Ball Lightning+1","Skim"],"picked":"Streamline+1","floor":18},{"not_picked":["Gash","Barrage","Compile Driver"],"picked":"SKIP","floor":20}],"player_experience":841024,"relics_obtained":[{"floor":4,"key":"Frozen Egg 2"},{"floor":6,"key":"Gambling Chip"},{"floor":9,"key":"MawBank"},{"floor":13,"key":"Boot"},{"floor":14,"key":"Odd Mushroom"}],"event_choices":[{"damage_healed":0,"gold_gain":75,"player_choice":"Gather Gold","damage_taken":11,"max_hp_gain":0,"max_hp_loss":0,"event_name":"World of Goop","floor":2,"gold_loss":0},{"cards_removed":["Strike_B"],"damage_healed":0,"gold_gain":0,"player_choice":"Forget","damage_taken":0,"max_hp_gain":0,"max_hp_loss":0,"event_name":"Living Wall","floor":3,"gold_loss":0},{"damage_healed":0,"gold_gain":0,"player_choice":"Fought Mushrooms","damage_taken":0,"max_hp_gain":0,"max_hp_loss":0,"event_name":"Mushrooms","floor":14,"gold_loss":0},{"damage_healed":0,"gold_gain":275,"player_choice":"Desecrate","damage_taken":0,"max_hp_gain":0,"max_hp_loss":0,"event_name":"Golden Shrine","floor":19,"gold_loss":0,"cards_obtained":["Regret"]}],"is_beta":false,"boss_relics":[{"not_picked":["Calling Bell","FrozenCore"],"picked":"Black Star"}],"items_purged_floors":[],"is_endless":false,"potions_floor_spawned":[6,14,18],"killed_by":"Snake Plant","ascension_level":0}