{"gold_per_floor":[211,211,211,225,150,150,164,164,243,243,264,264,264,164,164,238,238,248,248,262,277,292,292,120,120,191,204,154,170,170,170,170,170],"floor_reached":33,"playtime":1026,"items_purged":["Strike_R","Strike_R"],"score":453,"play_id":"c93d0bc0-6519-4796-ad10-70df3995f7cb","local_time":"20190302204934","is_ascension_mode":true,"campfire_choices":[{"data":"Searing Blow","floor":6.0,"key":"SMITH"},{"data":"Searing Blow+1","floor":8.0,"key":"SMITH"},{"data":"Searing Blow+2","floor":12.0,"key":"SMITH"},{"data":"Searing Blow+3","floor":13.0,"key":"SMITH"},{"data":"Searing Blow+4","floor":15.0,"key":"SMITH"},{"data":"Searing Blow+5","floor":23.0,"key":"SMITH"},{"data":"Searing Blow+6","floor":25.0,"key":"SMITH"},{"data":"Searing Blow+8","floor":32.0,"key":"SMITH"}],"neow_cost":"NONE","seed_source_timestamp":0,"circlet_count":0,"master_deck":["AscendersBane","Strike_R","Strike_R","Strike_R","Defend_R+1","Defend_R","Defend_R","Defend_R","Bash","Havoc","Searing Blow+9","Warcry+1","Shrug It Off+1","Headbutt"],"special_seed":0,"relics":["Burning Blood","WingedGreaves","Bottled Lightning","Odd Mushroom","Philosopher\u0027s Stone","War Paint","Mummified Hand","Spirit Poop"],"potions_floor_usage":[33,33],"damage_taken":[{"damage":5.0,"enemies":"2 Louse","floor":1.0,"turns":4.0},{"damage":9.0,"enemies":"Jaw Worm","floor":4.0,"turns":4.0},{"damage":5.0,"enemies":"Small Slimes","floor":7.0,"turns":3.0},{"damage":29.0,"enemies":"The Mushroom Lair","floor":11.0,"turns":5.0},{"damage":56.0,"enemies":"Hexaghost","floor":16.0,"turns":8.0},{"damage":20.0,"enemies":"Spheric Guardian","floor":18.0,"turns":4.0},{"damage":27.0,"enemies":"3 Byrds","floor":20.0,"turns":5.0},{"damage":4.0,"enemies":"Centurion and Healer","floor":21.0,"turns":4.0},{"damage":35.0,"enemies":"Cultist and Chosen","floor":22.0,"turns":7.0},{"damage":15.0,"enemies":"Shelled Parasite and Fungi","floor":27.0,"turns":4.0},{"damage":8.0,"enemies":"3 Cultists","floor":29.0,"turns":4.0},{"damage":21,"enemies":"Collector","floor":33,"turns":3}],"seed_played":"-8988957542258418660","potions_obtained":[{"floor":1.0,"key":"Regen Potion"},{"floor":11.0,"key":"GamblersBrew"},{"floor":20.0,"key":"SteroidPotion"},{"floor":21.0,"key":"Regen Potion"},{"floor":29.0,"key":"AttackPotion"}],"is_trial":false,"path_per_floor":["M","?","?","M","$","R","M","R","T","?","?","R","R","$","R","B",null,"M","?","M","M","M","R","$","R","T","M","?","M","?","?","R","B"],"character_chosen":"IRONCLAD","items_purchased":["War Paint"],"campfire_rested":0,"item_purchase_floors":[24],"current_hp_per_floor":[69,64,64,61,61,61,62,62,62,67,44,44,44,44,44,9,62,48,64,43,45,31,31,31,31,31,22,22,20,20,20,20,0],"gold":170,"neow_bonus":"HUNDRED_GOLD","is_prod":false,"is_daily":false,"chose_seed":false,"campfire_upgraded":8,"win_rate":0,"timestamp":1551527374,"path_taken":["M","?","?","?","$","R","M","R","T","?","?","R","R","$","R","BOSS","M","?","M","M","M","R","$","R","T","M","?","?","?","?","R","BOSS"],"build_version":"2019-01-23","purchased_purges":2,"victory":false,"max_hp_per_floor":[75,75,75,75,75,75,75,75,75,80,80,80,80,80,80,80,80,80,80,80,80,80,80,80,80,80,80,80,80,80,80,80,80],"card_choices":[{"not_picked":["Pummel","Spot Weakness"],"picked":"Havoc","floor":1.0},{"not_picked":["Carnage","Pommel Strike"],"picked":"Searing Blow","floor":4.0},{"not_picked":["Fire Breathing","Armaments","Twin Strike"],"picked":"SKIP","floor":7.0},{"not_picked":["Shrug It Off","Headbutt"],"picked":"Warcry","floor":11.0},{"not_picked":["Clothesline+1","Whirlwind"],"picked":"Shrug It Off+1","floor":18.0},{"not_picked":["Whirlwind","Cleave","Havoc"],"picked":"SKIP","floor":20.0},{"not_picked":["Whirlwind","Rupture","Cleave"],"picked":"SKIP","floor":21.0},{"not_picked":["Wild Strike","Anger+1","True Grit"],"picked":"SKIP","floor":22.0},{"not_picked":["Evolve","Havoc","Anger+1"],"picked":"SKIP","floor":27.0},{"not_picked":["Iron Wave","Cleave","Headbutt"],"picked":"SKIP","floor":29.0},{"not_picked":["Iron Wave","Cleave"],"picked":"Headbutt","floor":29.0}],"player_experience":1003355,"relics_obtained":[{"floor":9.0,"key":"Bottled Lightning"},{"floor":11.0,"key":"Odd Mushroom"},{"floor":26.0,"key":"Mummified Hand"}],"event_choices":[{"damage_healed":0.0,"max_hp_gain":0.0,"max_hp_loss":0.0,"gold_gain":0.0,"event_name":"Scrap Ooze","player_choice":"Success","floor":2.0,"gold_loss":0.0,"damage_taken":5.0,"relics_obtained":["WingedGreaves"]},{"damage_healed":0.0,"max_hp_gain":0.0,"max_hp_loss":0.0,"gold_gain":0.0,"event_name":"Golden Idol","player_choice":"Ignored","floor":3.0,"gold_loss":0.0,"damage_taken":0.0},{"damage_healed":0.0,"max_hp_gain":5.0,"max_hp_loss":0.0,"gold_gain":0.0,"event_name":"Big Fish","player_choice":"Donut","floor":10.0,"gold_loss":0.0,"damage_taken":0.0},{"damage_healed":0.0,"max_hp_gain":0.0,"max_hp_loss":0.0,"gold_gain":0.0,"event_name":"Mushrooms","player_choice":"Fought Mushrooms","floor":11.0,"gold_loss":0.0,"damage_taken":0.0},{"damage_healed":16.0,"max_hp_gain":0.0,"max_hp_loss":0.0,"gold_gain":0.0,"event_name":"The Library","player_choice":"Heal","floor":19.0,"gold_loss":0.0,"damage_taken":0.0},{"damage_healed":0.0,"max_hp_gain":0.0,"max_hp_loss":0.0,"gold_gain":0.0,"event_name":"Designer","player_choice":"Upgrade","floor":28.0,"gold_loss":50.0,"damage_taken":0.0,"cards_upgraded":["Searing Blow"]},{"damage_healed":0.0,"max_hp_gain":0.0,"max_hp_loss":0.0,"gold_gain":0.0,"event_name":"Forgotten Altar","player_choice":"Smashed Altar","floor":30.0,"gold_loss":0.0,"damage_taken":0.0,"cards_obtained":["Decay"]},{"cards_removed":["Decay"],"damage_healed":0.0,"max_hp_gain":0.0,"max_hp_loss":0.0,"gold_gain":0.0,"event_name":"Bonfire Elementals","player_choice":"Offered Curse","floor":31.0,"gold_loss":0.0,"damage_taken":0.0,"relics_obtained":["Spirit Poop"]}],"is_beta":false,"boss_relics":[{"not_picked":["Calling Bell","Tiny House"],"picked":"Philosopher\u0027s Stone"}],"items_purged_floors":[5,14],"is_endless":false,"potions_floor_spawned":[1,11,20,21,29],"killed_by":"Collector","ascension_level":19}