{"gold_per_floor":[113,129,139,154,154,192,192,208,289,325,172,210,210,249,249,377,377,393,493,509,523,64,64,64,64,115,115,139,139,177,126,126,256,256,275,25,38,38],"floor_reached":38,"playtime":2056,"items_purged":[],"score":641,"play_id":"d2f20276-2134-4f60-861d-c112d6cf30eb","local_time":"20190301154245","is_ascension_mode":true,"campfire_choices":[{"floor":7,"key":"REST"},{"floor":13,"key":"REST"},{"floor":15,"key":"REST"},{"floor":23,"key":"REST"},{"data":"Defragment","floor":27,"key":"SMITH"},{"data":"Defragment","floor":32,"key":"SMITH"}],"neow_cost":"NONE","seed_source_timestamp":1288483297264600,"circlet_count":0,"master_deck":["Strike_B","Defend_B","Defend_B","Defend_B","Defend_B","Zap","Dualcast","Redo","BootSequence","Hologram","Lockon","Go for the Eyes","Defragment+1","Ball Lightning","FTL","Reinforced Body","Aggregate","Rainbow","Genetic Algorithm+1","Consume","Static Discharge+1","Rainbow","Cold Snap+1","Ghostly","Ghostly","Ghostly","Ghostly","Ghostly","Ball Lightning","Defragment+1","Coolheaded","Core Surge","Force Field+1","Static Discharge+1","Barrage+1","Darkness+1","Tempest"],"relics":["Cracked Core","Golden Idol","Bag of Marbles","Sundial","Ice Cream","PreservedInsect","Dream Catcher","StoneCalendar","Sozu","Mango","Potion Belt","Ginger","Astrolabe","Symbiotic Virus"],"potions_floor_usage":[4,6,6,6,12,12],"damage_taken":[{"damage":1,"enemies":"Cultist","floor":1,"turns":3},{"damage":9,"enemies":"Jaw Worm","floor":2,"turns":3},{"damage":0,"enemies":"Small Slimes","floor":3,"turns":3},{"damage":18,"enemies":"Gremlin Gang","floor":4,"turns":6},{"damage":32,"enemies":"3 Sentries","floor":6,"turns":8},{"damage":1,"enemies":"Looter","floor":8,"turns":3},{"damage":26,"enemies":"Lagavulin","floor":10,"turns":8},{"damage":15,"enemies":"Gremlin Nob","floor":12,"turns":4},{"damage":4,"enemies":"Lagavulin","floor":14,"turns":4},{"damage":29,"enemies":"The Guardian","floor":16,"turns":8},{"damage":4,"enemies":"Shell Parasite","floor":18,"turns":4},{"damage":17,"enemies":"2 Thieves","floor":20,"turns":4},{"damage":22,"enemies":"Sentry and Sphere","floor":21,"turns":6},{"damage":4,"enemies":"Chosen and Byrds","floor":28,"turns":6},{"damage":4,"enemies":"Slavers","floor":30,"turns":5},{"damage":7,"enemies":"Collector","floor":33,"turns":10},{"damage":5,"enemies":"3 Shapes","floor":35,"turns":6},{"damage":10,"enemies":"Orb Walker","floor":37,"turns":4},{"damage":23,"enemies":"Writhing Mass","floor":38,"turns":4}],"seed_played":"-435051018212792056","potions_obtained":[{"floor":0,"key":"FairyPotion"},{"floor":0,"key":"SneckoOil"},{"floor":0,"key":"EntropicBrew"},{"floor":2,"key":"Swift Potion"},{"floor":6,"key":"FearPotion"},{"floor":8,"key":"Block Potion"}],"is_trial":false,"path_per_floor":["M","M","M","M","?","E","R","M","T","E","$","E","R","E","R","B",null,"M","?","M","M","$","R","?","$","T","R","M","$","E","$","R","B",null,"M","$","M","M"],"character_chosen":"DEFECT","items_purchased":["PreservedInsect","Mango","Rainbow","Coolheaded","Symbiotic Virus"],"campfire_rested":4,"item_purchase_floors":[11,22,22,31,36],"current_hp_per_floor":[67,58,58,40,40,8,28,27,27,1,1,6,26,22,42,13,55,51,51,34,12,26,50,41,41,41,41,37,37,33,33,33,26,37,32,32,22,0],"gold":38,"neow_bonus":"THREE_SMALL_POTIONS","is_prod":false,"is_daily":false,"chose_seed":false,"campfire_upgraded":2,"win_rate":0,"timestamp":1551472965,"path_taken":["M","?","M","?","?","E","R","M","T","E","$","E","R","E","R","BOSS","M","?","?","M","$","R","?","?","T","R","M","?","E","$","R","BOSS","M","$","M","M"],"build_version":"2019-01-23","purchased_purges":0,"victory":false,"max_hp_per_floor":[75,75,75,75,69,69,69,69,69,69,69,69,69,69,69,69,69,69,69,69,69,83,83,41,41,41,41,41,41,41,41,41,41,41,41,41,41,41],"card_choices":[{"not_picked":["Turbo","Rip and Tear"],"picked":"Redo","floor":1},{"not_picked":["Steam Power","Streamline"],"picked":"BootSequence","floor":2},{"not_picked":["Beam Cell","Stack"],"picked":"Hologram","floor":3},{"not_picked":["Reprogram","Redo"],"picked":"Lockon","floor":4},{"not_picked":["All For One","Recycle","Streamline"],"picked":"SKIP","floor":6},{"not_picked":["Sweeping Beam","Hello World"],"picked":"Go for the Eyes","floor":8},{"not_picked":["Sweeping Beam","Storm"],"picked":"Defragment","floor":10},{"not_picked":["Cold Snap","Streamline"],"picked":"Ball Lightning","floor":12},{"not_picked":["Leap","Gash"],"picked":"FTL","floor":13},{"not_picked":["Meteor Strike","Static Discharge"],"picked":"Reinforced Body","floor":14},{"not_picked":["Compile Driver","Doom and Gloom"],"picked":"Aggregate","floor":15},{"not_picked":["Thunder Strike","Reboot"],"picked":"Rainbow","floor":16},{"not_picked":["Barrage","Beam Cell"],"picked":"Genetic Algorithm+1","floor":18},{"not_picked":["Ball Lightning","Steam"],"picked":"Consume","floor":20},{"not_picked":["Go for the Eyes+1","Gash"],"picked":"Static Discharge+1","floor":21},{"not_picked":["Streamline","Stack"],"picked":"Cold Snap+1","floor":23},{"not_picked":["Sunder+1","Barrage+1"],"picked":"Ball Lightning","floor":28},{"not_picked":["Go for the Eyes","Ball Lightning"],"picked":"Defragment","floor":30},{"not_picked":["Amplify","Thunder Strike"],"picked":"Core Surge","floor":33},{"not_picked":["Rebound+1","Barrage+1"],"picked":"Darkness+1","floor":35},{"not_picked":["Sweeping Beam+1","Storm+1"],"picked":"Tempest","floor":37}],"player_experience":565257,"relics_obtained":[{"floor":6,"key":"Bag of Marbles"},{"floor":9,"key":"Sundial"},{"floor":10,"key":"Ice Cream"},{"floor":12,"key":"Dream Catcher"},{"floor":14,"key":"StoneCalendar"},{"floor":26,"key":"Potion Belt"},{"floor":30,"key":"Ginger"}],"event_choices":[{"damage_healed":0,"gold_gain":0,"player_choice":"Lose Max HP","damage_taken":0,"relics_obtained":["Golden Idol"],"max_hp_gain":0,"max_hp_loss":6,"event_name":"Golden Idol","floor":5,"gold_loss":0},{"damage_healed":0,"gold_gain":100,"player_choice":"Pray","damage_taken":0,"max_hp_gain":0,"max_hp_loss":0,"event_name":"Golden Shrine","floor":19,"gold_loss":0},{"damage_healed":0,"gold_gain":0,"player_choice":"Became a Ghost","damage_taken":0,"max_hp_gain":0,"max_hp_loss":42,"event_name":"Ghosts","floor":24,"gold_loss":0,"cards_obtained":["Ghostly","Ghostly","Ghostly","Ghostly","Ghostly"]}],"is_beta":false,"boss_relics":[{"not_picked":["Lizard Tail","Tiny House"],"picked":"Sozu"},{"not_picked":["Black Star","White Beast Statue"],"picked":"Astrolabe"}],"items_purged_floors":[],"is_endless":false,"potions_floor_spawned":[2,6,8,20,28,37],"killed_by":"Writhing Mass","ascension_level":8}