{"gold_per_floor":[119,44,44,57,70,70,70,70,94,105,115,115,135,148,148,148],"floor_reached":16,"playtime":526,"items_purged":["Defend_R"],"score":188,"play_id":"52ffb437-e2b9-4858-82fe-8daa4a29e3ce","local_time":"20190303122327","is_ascension_mode":true,"campfire_choices":[{"data":"Inflame","floor":6,"key":"SMITH"},{"data":"Bash","floor":8,"key":"SMITH"},{"data":"Sword Boomerang","floor":15,"key":"SMITH"}],"neow_cost":"NONE","seed_source_timestamp":140678632541142,"circlet_count":0,"master_deck":["AscendersBane","Strike_R","Strike_R","Strike_R","Defend_R","Defend_R","Defend_R","Bash+1","Thunderclap","Inflame+1","Sword Boomerang+1"],"relics":["Burning Blood","Smiling Mask"],"potions_floor_usage":[10,16],"damage_taken":[{"damage":4,"enemies":"Small Slimes","floor":1,"turns":5},{"damage":2,"enemies":"2 Louse","floor":4,"turns":3},{"damage":16,"enemies":"Jaw Worm","floor":5,"turns":5},{"damage":8,"enemies":"Blue Slaver","floor":10,"turns":3},{"damage":11,"enemies":"Exordium Wildlife","floor":11,"turns":3},{"damage":2,"enemies":"2 Fungi Beasts","floor":13,"turns":3},{"damage":6,"enemies":"Looter","floor":14,"turns":2},{"damage":62,"enemies":"Hexaghost","floor":16,"turns":8}],"seed_played":"-5263786253453807796","potions_obtained":[{"floor":1,"key":"AttackPotion"},{"floor":5,"key":"AttackPotion"},{"floor":10,"key":"SpeedPotion"}],"is_trial":false,"path_per_floor":["M","$","?","M","M","R","?","R","T","M","M","?","M","M","R","B"],"character_chosen":"IRONCLAD","items_purchased":[],"campfire_rested":0,"item_purchase_floors":[],"current_hp_per_floor":[70,70,70,74,64,64,57,57,57,55,50,55,59,59,59,0],"gold":148,"neow_bonus":"REMOVE_CARD","is_prod":false,"is_daily":false,"chose_seed":false,"campfire_upgraded":3,"win_rate":0,"timestamp":1551583407,"path_taken":["M","$","?","M","M","R","?","R","T","M","M","?","?","M","R","BOSS"],"build_version":"2019-01-23","purchased_purges":1,"victory":false,"max_hp_per_floor":[75,75,75,75,75,75,75,75,75,75,75,80,80,80,80,80],"card_choices":[{"not_picked":["Ghostly Armor","Flex"],"picked":"Thunderclap","floor":1},{"not_picked":["Perfected Strike","Iron Wave","True Grit"],"picked":"SKIP","floor":4},{"not_picked":["Burning Pact","Intimidate"],"picked":"Inflame","floor":5},{"not_picked":["Searing Blow","Disarm"],"picked":"Sword Boomerang","floor":10},{"not_picked":["Sentinel","Havoc","Rampage"],"picked":"SKIP","floor":11},{"not_picked":["Sentinel","Entrench","Flex"],"picked":"SKIP","floor":13},{"not_picked":["True Grit","Blood for Blood","Rampage"],"picked":"SKIP","floor":14}],"player_experience":1029607,"relics_obtained":[{"floor":9,"key":"Smiling Mask"}],"event_choices":[{"damage_healed":0,"gold_gain":0,"player_choice":"Leave","damage_taken":0,"max_hp_gain":0,"max_hp_loss":0,"event_name":"The Cleric","floor":3,"gold_loss":0},{"cards_removed":["Strike_R"],"damage_healed":0,"gold_gain":0,"player_choice":"Card Removal","damage_taken":7,"max_hp_gain":0,"max_hp_loss":0,"event_name":"Golden Wing","floor":7,"gold_loss":0},{"damage_healed":0,"gold_gain":0,"player_choice":"Donut","damage_taken":0,"max_hp_gain":5,"max_hp_loss":0,"event_name":"Big Fish","floor":12,"gold_loss":0}],"is_beta":false,"boss_relics":[],"items_purged_floors":[2],"is_endless":false,"potions_floor_spawned":[1,5,10],"killed_by":"Hexaghost","ascension_level":20}