{"path_per_floor":["M","M","?","$","M","R","E","R","T","R","M","?","?","?","R","B",null,"M","M","M"],"character_chosen":"IRONCLAD","items_purchased":[],"gold_per_floor":[115,131,131,131,141,141,170,170,170,170,190,190,155,155,155,255,255,269,289,306],"floor_reached":21,"campfire_rested":1,"playtime":665,"current_hp_per_floor":[71,71,71,71,67,67,31,54,54,54,42,67,77,77,77,40,68,51,31,11],"items_purged":[],"gold":306,"score":277,"play_id":"4ef7a7c7-d2eb-4e9b-bf04-5e545c29bcd7","local_time":"20180321021254","is_prod":false,"is_daily":false,"is_ascension_mode":true,"campfire_upgraded":3,"timestamp":1521616374,"path_taken":["M","M","?","$","M","R","E","R","T","R","?","?","?","?","R","BOSS","M","M","M","M"],"build_version":"2018-03-15v3","purchased_purges":1,"victory":false,"master_deck":["Strike_R","Strike_R","Strike_R","Strike_R","Strike_R","Defend_R","Defend_R","Defend_R","Defend_R+1","Bash+1","Flex+1","Limit Break+1","Sword Boomerang+1","Shrug It Off+1","Reaper+1","Pommel Strike+1","Ghostly Armor"],"max_hp_per_floor":[77,77,77,77,77,77,77,77,77,77,77,77,77,77,77,77,77,77,77,77],"relics":["Burning Blood","Molten Egg 2","Darkstone Periapt","White Beast Statue"],"card_choices":[{"not_picked":["Wild Strike","Warcry"],"picked":"Flex"},{"not_picked":["Spot Weakness","Body Slam"],"picked":"Limit Break"},{"not_picked":["Perfected Strike","Anger"],"picked":"Sword Boomerang"},{"not_picked":["Burning Pact","True Grit"],"picked":"Shrug It Off"},{"not_picked":["Demon Form","Exhume"],"picked":"Reaper"},{"not_picked":["True Grit","Perfected Strike"],"picked":"Pommel Strike"},{"not_picked":["Pommel Strike","Clothesline"],"picked":"Ghostly Armor"}],"player_experience":330978,"potions_floor_usage":[7,7,16,19,20,21],"damage_taken":[{"damage":7,"enemies":"Jaw Worm","floor":1,"turns":3},{"damage":6,"enemies":"Cultist","floor":2,"turns":3},{"damage":10,"enemies":"Small Slimes","floor":5,"turns":2},{"damage":42,"enemies":"3 Sentries","floor":7,"turns":10},{"damage":18,"enemies":"Exordium Thugs","floor":11,"turns":3},{"damage":43,"enemies":"Slime Boss","floor":16,"turns":11},{"damage":23,"enemies":"Chosen","floor":18,"turns":4},{"damage":36,"enemies":"2 Thieves","floor":19,"turns":5},{"damage":48,"enemies":"Centurion and Healer","floor":20,"turns":8},{"damage":11,"enemies":"Snake Plant","floor":21,"turns":2}],"event_choices":[{"event_name":"Accursed Blacksmith","player_choice":"Forge","floor":3,"damage_taken":0},{"event_name":"Big Fish","player_choice":"Banana","floor":12,"damage_taken":0},{"event_name":"The Cleric","player_choice":"Healed","floor":13,"damage_taken":0},{"event_name":"Upgrade Shrine","player_choice":"Upgraded","floor":14,"damage_taken":0}],"boss_relics":[{"not_picked":["Pandora\u0027s Box","Snecko Eye"],"picked":"White Beast Statue"}],"potions_floor_spawned":[2,5,11,18,19,20],"seed_played":"-7110146944816599455","killed_by":"Snake Plant","ascension_level":11,"is_trial":false}