{"gold_per_floor":[109,125,125,136,152,18,18,36,87,111,111,111,36,65,65,65],"floor_reached":16,"playtime":767,"items_purged":["Reflex"],"score":100,"play_id":"acf9423f-52b1-4c9f-b449-546e67bb1710","local_time":"20190226173924","is_ascension_mode":false,"campfire_choices":[{"data":"Choke","floor":7,"key":"SMITH"},{"data":"Prepared","floor":12,"key":"SMITH"},{"data":"Outmaneuver","floor":15,"key":"SMITH"}],"neow_cost":"NONE","seed_source_timestamp":1027092673811278,"circlet_count":0,"master_deck":["Defend_G","Defend_G","Defend_G","Defend_G","Defend_G","Strike_G","Strike_G","Strike_G","Strike_G","Survivor","Neutralize+1","Backstab+1","Choke+1","Skewer","Escape Plan","Finesse","Prepared+1","Outmaneuver+1","Slice","Flying Knee"],"relics":["Ring of the Snake","Orichalcum","Odd Mushroom","Meat on the Bone"],"potions_floor_usage":[16],"damage_taken":[{"damage":0,"enemies":"2 Louse","floor":1,"turns":3},{"damage":0,"enemies":"Cultist","floor":2,"turns":5},{"damage":0,"enemies":"Jaw Worm","floor":4,"turns":1},{"damage":0,"enemies":"3 Louse","floor":5,"turns":2},{"damage":8,"enemies":"Exordium Thugs","floor":8,"turns":5},{"damage":6,"enemies":"The Mushroom Lair","floor":10,"turns":4},{"damage":17,"enemies":"Gremlin Nob","floor":14,"turns":4},{"damage":39,"enemies":"Hexaghost","floor":16,"turns":12}],"seed_played":"1205480455667714174","potions_obtained":[{"floor":1,"key":"Explosive Potion"},{"floor":4,"key":"Regen Potion"},{"floor":5,"key":"PowerPotion"}],"is_trial":false,"path_per_floor":["M","M","?","M","M","$","R","M","T","?","?","R","$","E","R","B"],"character_chosen":"THE_SILENT","items_purchased":["Finesse","Prepared"],"campfire_rested":0,"item_purchase_floors":[6,6],"current_hp_per_floor":[70,70,70,70,70,70,70,62,62,56,56,56,56,39,39,0],"gold":65,"neow_bonus":"UPGRADE_CARD","is_prod":false,"is_daily":false,"chose_seed":false,"campfire_upgraded":3,"win_rate":0,"timestamp":1551220764,"path_taken":["M","M","?","M","M","$","R","?","T","?","?","R","$","E","R","BOSS"],"build_version":"2019-01-23","purchased_purges":1,"victory":false,"max_hp_per_floor":[70,70,70,70,70,70,70,70,70,70,70,70,70,70,70,70],"card_choices":[{"not_picked":["Accuracy","Poisoned Stab"],"picked":"Backstab","floor":1},{"not_picked":["Noxious Fumes","PiercingWail"],"picked":"Choke","floor":2},{"not_picked":["Crippling Poison","Deadly Poison"],"picked":"Skewer","floor":4},{"not_picked":["Predator","Prepared"],"picked":"Escape Plan","floor":5},{"not_picked":["Noxious Fumes","Flechettes"],"picked":"Outmaneuver","floor":8},{"not_picked":["Quick Slash","Masterful Stab"],"picked":"Slice","floor":10},{"not_picked":["Leg Sweep","Bullet Time"],"picked":"Flying Knee","floor":14}],"player_experience":1096024,"relics_obtained":[{"floor":9,"key":"Orichalcum"},{"floor":10,"key":"Odd Mushroom"},{"floor":14,"key":"Meat on the Bone"}],"event_choices":[{"damage_healed":0,"gold_gain":0,"player_choice":"Upgraded","damage_taken":0,"max_hp_gain":0,"max_hp_loss":0,"event_name":"Upgrade Shrine","floor":3,"gold_loss":0,"cards_upgraded":["Backstab"]},{"damage_healed":0,"gold_gain":0,"player_choice":"Fought Mushrooms","damage_taken":0,"max_hp_gain":0,"max_hp_loss":0,"event_name":"Mushrooms","floor":10,"gold_loss":0},{"damage_healed":0,"gold_gain":0,"cards_transformed":["Strike_G"],"player_choice":"Transformed","damage_taken":0,"max_hp_gain":0,"max_hp_loss":0,"event_name":"Transmorgrifier","floor":11,"gold_loss":0,"cards_obtained":["Reflex"]}],"is_beta":false,"boss_relics":[],"items_purged_floors":[13],"is_endless":false,"potions_floor_spawned":[1,4,5,8],"killed_by":"Hexaghost","ascension_level":0}