{"gold_per_floor":[110,110,75,150,168,195,212,223,291,323,337,337,372,384,384,489,489,509,528,234,250,43,75,75,103,126,126,138,138,151,186,186,286,336,347,359,359,370,350,350,385,385,385,413,431,461,42,58,58,58],"floor_reached":51,"playtime":3439,"items_purged":[],"score":1198,"play_id":"77cdce9d-daa3-4c03-9160-9ff887b78a3d","local_time":"20181228203800","is_ascension_mode":true,"campfire_choices":[{"floor":12.0,"key":"REST"},{"data":"Backstab","floor":15,"key":"SMITH"},{"floor":27,"key":"REST"},{"floor":32,"key":"REST"},{"floor":40,"key":"REST"},{"floor":42,"key":"REST"},{"floor":49,"key":"REST"}],"neow_cost":"NONE","seed_source_timestamp":190270501106286,"circlet_count":0,"master_deck":["Defend_G+1","Defend_G+1","Defend_G+1","Defend_G+1","Defend_G+1","Strike_G+1","Strike_G+1","Strike_G+1","Strike_G+1","Strike_G+1","Survivor","Neutralize","Cloak And Dagger","Riddle With Holes","Backstab+1","Quick Slash","Escape Plan","Infinite Blades","Flying Knee","Phantasmal Killer","Prepared","A Thousand Cuts","Accuracy","Dodge and Roll","Dash+1","Deflect","Cloak And Dagger","Quick Slash+1","Flying Knee+1","Envenom","Infinite Blades","Blade Dance+1","Infinite Blades+1","Backstab+1","Flash of Steel+1","Master of Strategy","Prepared+1"],"special_seed":0,"relics":["Ring of the Snake","Regal Pillow","Gambling Chip","Shuriken","Ancient Tea Set","Ninja Scroll","Fusion Hammer","Oddly Smooth Stone","Happy Flower","TwistedFunnel","Molten Egg 2","Anchor","Dodecahedron","Bag of Marbles","Dream Catcher","Tiny House","Smiling Mask","Calipers","Paper Crane","Gremlin Horn","Bronze Scales"],"potions_floor_usage":[16,18,25,25,33,45,46,50,50,50],"damage_taken":[{"damage":2.0,"enemies":"Small Slimes","floor":1.0,"turns":6.0},{"damage":0.0,"enemies":"2 Louse","floor":5.0,"turns":4.0},{"damage":17.0,"enemies":"Gremlin Nob","floor":6.0,"turns":4.0},{"damage":0.0,"enemies":"Cultist","floor":7.0,"turns":3.0},{"damage":0.0,"enemies":"Blue Slaver","floor":8.0,"turns":4.0},{"damage":16.0,"enemies":"Lagavulin","floor":10.0,"turns":6.0},{"damage":0.0,"enemies":"Large Slime","floor":11.0,"turns":4.0},{"damage":7.0,"enemies":"3 Sentries","floor":13.0,"turns":5.0},{"damage":4,"enemies":"Exordium Wildlife","floor":14,"turns":2},{"damage":10,"enemies":"Hexaghost","floor":16,"turns":10},{"damage":2,"enemies":"Shell Parasite","floor":18,"turns":3},{"damage":8,"enemies":"Spheric Guardian","floor":19,"turns":4},{"damage":3,"enemies":"Cultist and Chosen","floor":21,"turns":4},{"damage":14,"enemies":"Slavers","floor":23,"turns":6},{"damage":0,"enemies":"Book of Stabbing","floor":25,"turns":3},{"damage":2,"enemies":"Snecko","floor":28,"turns":3},{"damage":5,"enemies":"Centurion and Healer","floor":30,"turns":3},{"damage":18,"enemies":"Gremlin Leader","floor":31,"turns":6},{"damage":50,"enemies":"Champ","floor":33,"turns":7},{"damage":0,"enemies":"Orb Walker","floor":35,"turns":2},{"damage":0,"enemies":"3 Darklings","floor":36,"turns":3},{"damage":2,"enemies":"Transient","floor":38,"turns":5},{"damage":2,"enemies":"Reptomancer","floor":41,"turns":4},{"damage":13,"enemies":"Giant Head","floor":44,"turns":5},{"damage":21,"enemies":"Maw","floor":45,"turns":5},{"damage":1,"enemies":"Reptomancer","floor":46,"turns":5},{"damage":18,"enemies":"Spire Growth","floor":48,"turns":4},{"damage":36,"enemies":"Donu and Deca","floor":50,"turns":5}],"seed_played":"-6233551909450439388","potions_obtained":[{"floor":5.0,"key":"GhostInAJar"},{"floor":8.0,"key":"GhostInAJar"},{"floor":10.0,"key":"GhostInAJar"},{"floor":11.0,"key":"SpeedPotion"},{"floor":14,"key":"GhostInAJar"},{"floor":16,"key":"SpeedPotion"},{"floor":19,"key":"Poison Potion"},{"floor":23,"key":"SteroidPotion"},{"floor":25,"key":"SkillPotion"},{"floor":34,"key":"SkillPotion"},{"floor":38,"key":"SmokeBomb"},{"floor":39,"key":"LiquidBronze"},{"floor":45,"key":"Strength Potion"},{"floor":46,"key":"Ancient Potion"},{"floor":48,"key":"AttackPotion"}],"is_trial":false,"path_per_floor":["M","?","?","?","M","E","M","M","T","E","M","R","E","M","R","B",null,"M","M","$","M","$","E","?","E","T","R","M","?","M","E","R","B",null,"M","M","?","M","?","R","E","R","T","E","M","E","$","M","R","B",null],"character_chosen":"THE_SILENT","items_purchased":["Oddly Smooth Stone","Happy Flower","TwistedFunnel","Flash of Steel+1","Master of Strategy","Bronze Scales"],"campfire_rested":6,"item_purchase_floors":[20,20,22,47,47,47],"current_hp_per_floor":[61,47,64,57,57,40,40,40,40,24,24,60,53,49,49,39,62,60,52,52,49,49,35,35,35,35,70,68,68,63,45,70,20,63,63,63,63,61,61,75,73,75,75,62,41,40,40,22,59,23],"gold":58,"neow_bonus":"RANDOM_COMMON_RELIC","is_prod":false,"is_daily":false,"chose_seed":false,"campfire_upgraded":1,"win_rate":0,"timestamp":1546022280,"path_taken":["M","?","?","?","M","E","?","M","T","E","M","R","E","M","R","BOSS","M","M","$","M","$","E","?","E","T","R","M","?","M","E","R","BOSS","M","M","?","?","?","R","E","R","T","E","M","E","$","M","R","BOSS"],"build_version":"2018-12-20","purchased_purges":0,"victory":true,"max_hp_per_floor":[70,70,70,70,70,70,70,70,70,70,70,70,70,70,70,70,70,70,70,70,70,70,70,70,70,70,70,70,70,70,70,70,70,75,75,75,75,75,75,75,75,75,75,75,75,75,75,75,75,75],"card_choices":[{"not_picked":["Dodge and Roll","Backflip"],"picked":"Cloak And Dagger","floor":1.0},{"not_picked":["Eviscerate","Dagger Throw"],"picked":"Riddle With Holes","floor":5.0},{"not_picked":["Bane","Catalyst"],"picked":"Backstab","floor":6.0},{"not_picked":["Masterful Stab","Acrobatics"],"picked":"Quick Slash","floor":7.0},{"not_picked":["Cloak And Dagger","Flying Knee"],"picked":"Escape Plan","floor":8.0},{"not_picked":["Finisher","Bane"],"picked":"Infinite Blades","floor":10.0},{"not_picked":["Blade Dance","Dodge and Roll"],"picked":"Flying Knee","floor":11.0},{"not_picked":["Quick Slash","Distraction"],"picked":"Phantasmal Killer","floor":13.0},{"not_picked":["Sucker Punch","PiercingWail"],"picked":"Prepared","floor":14},{"not_picked":["Wraith Form v2","Grand Finale"],"picked":"A Thousand Cuts","floor":16},{"not_picked":["Calculated Gamble","Flechettes"],"picked":"Accuracy","floor":18},{"not_picked":["Terror","Acrobatics"],"picked":"Dodge and Roll","floor":19},{"not_picked":["All Out Attack+1","PiercingWail"],"picked":"Dash","floor":21},{"not_picked":["Eviscerate","Bane"],"picked":"Deflect","floor":23},{"not_picked":["PiercingWail+1","Distraction","Dodge and Roll"],"picked":"SKIP","floor":25},{"not_picked":["Deadly Poison","Noxious Fumes"],"picked":"Cloak And Dagger","floor":28},{"not_picked":["Tactician","Eviscerate+1"],"picked":"Quick Slash+1","floor":30},{"not_picked":["Deadly Poison+1","Underhanded Strike+1"],"picked":"Flying Knee+1","floor":31},{"not_picked":["Die Die Die+1","Doppelganger"],"picked":"Envenom","floor":33},{"not_picked":["Sucker Punch+1","PiercingWail","Flechettes+1"],"picked":"SKIP","floor":35},{"not_picked":["PiercingWail","Quick Slash+1","Skewer+1"],"picked":"SKIP","floor":36},{"not_picked":["Sucker Punch+1","Deadly Poison+1","Distraction"],"picked":"SKIP","floor":38},{"not_picked":["Heel Hook+1","Cloak And Dagger"],"picked":"Infinite Blades","floor":40},{"not_picked":["Infinite Blades+1","Outmaneuver+1"],"picked":"Blade Dance+1","floor":41},{"not_picked":["Deflect","Bane+1","Prepared"],"picked":"SKIP","floor":44},{"not_picked":["Masterful Stab+1","Eviscerate+1"],"picked":"Infinite Blades+1","floor":45},{"not_picked":["Underhanded Strike+1","Quick Slash+1"],"picked":"Backstab+1","floor":46},{"not_picked":["Flying Knee+1","Reflex"],"picked":"Prepared+1","floor":48}],"player_experience":225192,"relics_obtained":[{"floor":6.0,"key":"Gambling Chip"},{"floor":9.0,"key":"Shuriken"},{"floor":10.0,"key":"Ancient Tea Set"},{"floor":13.0,"key":"Ninja Scroll"},{"floor":23,"key":"Molten Egg 2"},{"floor":25,"key":"Dodecahedron"},{"floor":26,"key":"Bag of Marbles"},{"floor":31,"key":"Dream Catcher"},{"floor":41,"key":"Smiling Mask"},{"floor":43,"key":"Calipers"},{"floor":44,"key":"Paper Crane"},{"floor":46,"key":"Gremlin Horn"}],"event_choices":[{"damage_healed":0.0,"max_hp_gain":0.0,"max_hp_loss":0.0,"gold_gain":0.0,"event_name":"Shining Light","player_choice":"Entered Light","floor":2.0,"gold_loss":0.0,"damage_taken":14.0,"cards_upgraded":["Strike_G","Defend_G"]},{"damage_healed":17.0,"max_hp_gain":0.0,"max_hp_loss":0.0,"gold_gain":0.0,"event_name":"The Cleric","player_choice":"Healed","floor":3.0,"gold_loss":35.0,"damage_taken":0.0},{"damage_healed":0.0,"max_hp_gain":0.0,"max_hp_loss":0.0,"gold_gain":75.0,"event_name":"FaceTrader","player_choice":"Touch","floor":4.0,"gold_loss":0.0,"damage_taken":7.0},{"damage_healed":0,"gold_gain":0,"player_choice":"Stole Relic","damage_taken":0,"relics_obtained":["Anchor"],"max_hp_gain":0,"max_hp_loss":0,"event_name":"Addict","floor":24,"gold_loss":0,"cards_obtained":["Shame"]},{"damage_healed":0,"gold_gain":0,"player_choice":"Simplicity","damage_taken":0,"max_hp_gain":0,"max_hp_loss":0,"event_name":"Back to Basics","floor":29,"gold_loss":0,"cards_upgraded":["Defend_G","Defend_G","Defend_G","Defend_G","Strike_G","Strike_G","Strike_G","Strike_G"]},{"cards_removed":["Shame"],"damage_healed":0,"gold_gain":0,"player_choice":"Purged","damage_taken":0,"max_hp_gain":0,"max_hp_loss":0,"event_name":"Purifier","floor":37,"gold_loss":0},{"damage_healed":0,"gold_gain":0,"player_choice":"Bought 1 Potion","damage_taken":0,"max_hp_gain":0,"max_hp_loss":0,"event_name":"The Woman in Blue","floor":39,"gold_loss":0}],"is_beta":false,"boss_relics":[{"not_picked":["Runic Dome","Runic Pyramid"],"picked":"Fusion Hammer"},{"not_picked":["Snecko Eye","Cursed Key"],"picked":"Tiny House"}],"items_purged_floors":[],"is_endless":false,"potions_floor_spawned":[5,8,10,11,14,16,19,23,25,38,41,45,46,48],"ascension_level":9}