{"gold_per_floor":[112,112,128,144,104,130,130,164,219,219,229,229,258,258,258,330,330,345,395,415,428,41,41,41,41,41,41,41,41,60,77,77,156,156,173,173,173,183,163,163,182,182,209,235,235,270,282,394,406,418,430],"floor_reached":51,"playtime":4240,"items_purged":[],"score":1403,"play_id":"b7196689-0bc4-45d9-8c57-e41ef51ba989","local_time":"20181223155653","is_ascension_mode":true,"campfire_choices":[{"data":"Neutralize","floor":7,"key":"SMITH"},{"data":"Noxious Fumes","floor":10,"key":"SMITH"},{"floor":12,"key":"REST"},{"floor":15,"key":"REST"},{"floor":24,"key":"REST"},{"floor":29,"key":"REST"},{"data":"Catalyst","floor":32,"key":"SMITH"},{"data":"Wraith Form v2","floor":40,"key":"SMITH"},{"floor":42,"key":"REST"},{"floor":45,"key":"REST"},{"floor":47,"key":"RECALL"},{"floor":49,"key":"REST"}],"neow_cost":"NONE","seed_source_timestamp":158104094467639,"circlet_count":0,"master_deck":["AscendersBane","Defend_G","Defend_G","Defend_G","Defend_G","Defend_G","Strike_G","Survivor","Neutralize+1","Poisoned Stab","Slice","Noxious Fumes+1","Predator","Deflect","Catalyst+1","Wraith Form v2+1","Escape Plan+1","Backstab+1","Riddle With Holes+1","Dodge and Roll","Well Laid Plans","Adrenaline","Dodge and Roll+1","Dodge and Roll+1","Malaise+1","Deadly Poison+1","Bouncing Flask+1","Prepared+1","Footwork","Burst+1"],"relics":["Ring of the Snake","Pear","Juzu Bracelet","Oddly Smooth Stone","Strawberry","Astrolabe","Mummified Hand","Toxic Egg 2","Sozu","Question Card","MawBank","Mango"],"potions_floor_usage":[16,16,18,20,23,51],"damage_taken":[{"damage":0,"enemies":"2 Louse","floor":1,"turns":5},{"damage":0,"enemies":"Cultist","floor":3,"turns":4},{"damage":0,"enemies":"Small Slimes","floor":4,"turns":3},{"damage":0,"enemies":"Looter","floor":5,"turns":4},{"damage":32,"enemies":"3 Sentries","floor":6,"turns":10},{"damage":16,"enemies":"Lagavulin","floor":8,"turns":9},{"damage":17,"enemies":"Large Slime","floor":11,"turns":6},{"damage":27,"enemies":"3 Sentries","floor":13,"turns":8},{"damage":16,"enemies":"Slime Boss","floor":16,"turns":8},{"damage":12,"enemies":"3 Byrds","floor":18,"turns":5},{"damage":13,"enemies":"Chosen","floor":20,"turns":5},{"damage":41,"enemies":"Snecko","floor":21,"turns":9},{"damage":0,"enemies":"Gremlin Leader","floor":23,"turns":1},{"damage":18,"enemies":"Colosseum Slavers","floor":28,"turns":7},{"damage":2,"enemies":"Shelled Parasite and Fungi","floor":30,"turns":6},{"damage":0,"enemies":"Centurion and Healer","floor":31,"turns":8},{"damage":31,"enemies":"Champ","floor":33,"turns":20},{"damage":14,"enemies":"3 Darklings","floor":35,"turns":7},{"damage":15,"enemies":"Orb Walker","floor":38,"turns":5},{"damage":27,"enemies":"Jaw Worm Horde","floor":41,"turns":7},{"damage":26,"enemies":"Nemesis","floor":44,"turns":7},{"damage":7,"enemies":"Reptomancer","floor":46,"turns":8},{"damage":0,"enemies":"Mind Bloom Boss Battle","floor":48,"turns":7},{"damage":33,"enemies":"Awakened One","floor":50,"turns":18},{"damage":41,"enemies":"Donu and Deca","floor":51,"turns":10}],"seed_played":"-1190678256521011163","potions_obtained":[{"floor":6,"key":"SteroidPotion"},{"floor":8,"key":"PowerPotion"},{"floor":16,"key":"GhostInAJar"},{"floor":18,"key":"Fire Potion"},{"floor":33,"key":"PowerPotion"}],"is_trial":false,"path_per_floor":["M","?","M","M","M","E","R","E","T","R","M","R","E","?","R","B",null,"M","?","M","M","$","E","R","$","T","?","?","R","M","M","R","B",null,"M","?","?","M","?","R","M","R","T","E","R","E","R","?","R","B","B"],"character_chosen":"THE_SILENT","items_purchased":["SmokeBomb","Mummified Hand"],"campfire_rested":7,"item_purchase_floors":[22,22],"current_hp_per_floor":[65,65,65,65,65,43,43,27,27,27,10,34,14,3,29,13,70,58,58,45,4,4,4,30,30,30,30,12,38,36,36,36,5,68,54,54,54,39,39,39,12,37,37,11,36,29,29,43,72,39,0],"gold":430,"neow_bonus":"TEN_PERCENT_HP_BONUS","is_prod":false,"is_daily":false,"chose_seed":false,"campfire_upgraded":4,"win_rate":0,"timestamp":1545609413,"path_taken":["M","?","?","M","M","E","R","E","T","R","M","R","E","?","R","BOSS","M","?","M","M","$","E","R","$","T","?","?","R","M","M","R","BOSS","M","?","?","M","?","R","M","R","T","E","R","E","R","?","R","BOSS","BOSS"],"build_version":"2018-12-20","purchased_purges":0,"victory":false,"max_hp_per_floor":[72,72,72,72,72,82,82,82,82,82,82,82,89,89,89,89,89,89,89,89,89,89,89,89,89,89,89,89,89,89,89,89,89,89,89,89,85,85,85,85,85,85,85,85,85,85,85,99,99,99,99],"card_choices":[{"not_picked":["Outmaneuver","Blade Dance"],"picked":"Poisoned Stab","floor":1},{"not_picked":["Tactician","Blade Dance"],"picked":"Slice","floor":3},{"not_picked":["Underhanded Strike","Heel Hook"],"picked":"Noxious Fumes","floor":4},{"not_picked":["Skewer","Distraction"],"picked":"Predator","floor":5},{"not_picked":["Reflex","Distraction"],"picked":"Deflect","floor":6},{"not_picked":["Caltrops","Flying Knee"],"picked":"Catalyst","floor":8},{"not_picked":["Sucker Punch","Setup","Expertise"],"picked":"SKIP","floor":11},{"not_picked":["Prepared","Envenom","Sucker Punch"],"picked":"SKIP","floor":13},{"not_picked":["Burst","Unload"],"picked":"Wraith Form v2","floor":16},{"not_picked":["Underhanded Strike","Slice+1"],"picked":"Dodge and Roll","floor":18},{"not_picked":["Blade Dance","Acrobatics"],"picked":"Well Laid Plans","floor":20},{"not_picked":["Prepared","Setup"],"picked":"Adrenaline","floor":21},{"not_picked":["Poisoned Stab","Expertise+1"],"picked":"Dodge and Roll+1","floor":30},{"not_picked":["Acrobatics+1","Quick Slash"],"picked":"Dodge and Roll+1","floor":31},{"not_picked":["Envenom","Unload"],"picked":"Malaise+1","floor":33},{"not_picked":["Blade Dance+1","Backstab+1","Heel Hook+1"],"picked":"SKIP","floor":35},{"not_picked":["Skewer","Prepared+1"],"picked":"Deadly Poison+1","floor":38},{"not_picked":["Cloak And Dagger+1","Heel Hook"],"picked":"Bouncing Flask+1","floor":41},{"not_picked":["Cloak And Dagger+1","Outmaneuver+1"],"picked":"Prepared+1","floor":44},{"not_picked":["Dodge and Roll+1","Quick Slash","Flying Knee"],"picked":"Footwork","floor":46},{"not_picked":["Underhanded Strike","Bane+1","Dagger Spray+1"],"picked":"Burst+1","floor":48}],"player_experience":4005100,"relics_obtained":[{"floor":6,"key":"Pear"},{"floor":8,"key":"Juzu Bracelet"},{"floor":9,"key":"Oddly Smooth Stone"},{"floor":13,"key":"Strawberry"},{"floor":26,"key":"Toxic Egg 2"},{"floor":44,"key":"Question Card"},{"floor":46,"key":"MawBank"},{"floor":48,"key":"Mango"}],"event_choices":[{"cards_removed":["Strike_G"],"damage_healed":0,"gold_gain":0,"player_choice":"Purged","damage_taken":0,"max_hp_gain":0,"max_hp_loss":0,"event_name":"Purifier","floor":2,"gold_loss":0},{"damage_healed":0,"gold_gain":0,"player_choice":"Fled","damage_taken":11,"max_hp_gain":0,"max_hp_loss":0,"event_name":"Scrap Ooze","floor":14,"gold_loss":0},{"damage_healed":0,"gold_gain":50,"player_choice":"Stole From Cult","damage_taken":0,"max_hp_gain":0,"max_hp_loss":0,"event_name":"Nest","floor":19,"gold_loss":0},{"damage_healed":0,"gold_gain":0,"player_choice":"Ignored","damage_taken":0,"max_hp_gain":0,"max_hp_loss":0,"event_name":"The Mausoleum","floor":27,"gold_loss":0},{"damage_healed":0,"gold_gain":0,"player_choice":"Fight","damage_taken":0,"max_hp_gain":0,"max_hp_loss":0,"event_name":"Colosseum","floor":28,"gold_loss":0},{"damage_healed":0,"gold_gain":0,"player_choice":"Fled From Nobs","damage_taken":0,"max_hp_gain":0,"max_hp_loss":0,"event_name":"Colosseum","floor":28,"gold_loss":0},{"damage_healed":0,"gold_gain":0,"player_choice":"Ignored","damage_taken":0,"max_hp_gain":0,"max_hp_loss":0,"event_name":"Mysterious Sphere","floor":36,"gold_loss":0},{"damage_healed":0,"gold_gain":0,"player_choice":"Max HP","damage_taken":0,"max_hp_gain":0,"max_hp_loss":4,"event_name":"Winding Halls","floor":37,"gold_loss":0},{"damage_healed":0,"gold_gain":0,"player_choice":"Bought 1 Potion","damage_taken":0,"max_hp_gain":0,"max_hp_loss":0,"event_name":"The Woman in Blue","floor":39,"gold_loss":0},{"damage_healed":0,"gold_gain":0,"player_choice":"Fight","damage_taken":0,"max_hp_gain":0,"max_hp_loss":0,"event_name":"MindBloom","floor":48,"gold_loss":0}],"is_beta":true,"boss_relics":[{"not_picked":["Eternal Feather","Fusion Hammer"],"picked":"Astrolabe"},{"not_picked":["Lizard Tail","Philosopher\u0027s Stone"],"picked":"Sozu"}],"items_purged_floors":[],"is_endless":false,"potions_floor_spawned":[6,8,11,16,18,33,35],"killed_by":"Donu and Deca","ascension_level":20}