{"path_per_floor":["M","M","M","M","$","R","?","?","T","R","?","M","R","M","R","B",null,"M","M","M","$","M","R"],"character_chosen":"THE_SILENT","items_purchased":[],"gold_per_floor":[115,134,146,163,88,88,88,88,88,88,88,102,102,116,116,213,213,213,213,213,213,213,213,213],"floor_reached":24,"campfire_rested":0,"playtime":1249,"item_purchase_floors":[],"current_hp_per_floor":[62,59,59,53,53,53,53,46,46,46,46,41,41,39,39,12,56,51,38,13,13,11,11,0],"items_purged":["Defend_G"],"gold":213,"score":285,"play_id":"24fb9862-f3c6-4beb-8a56-bab43a3852b0","local_time":"20180601015030","is_prod":false,"is_daily":false,"chose_seed":false,"is_ascension_mode":true,"campfire_upgraded":1,"win_rate":0,"timestamp":1527785430,"campfire_choices":[{"data":"Dagger Spray","floor":6.0,"key":"SMITH"},{"data":"Strike_G","floor":10.0,"key":"PURGE"},{"data":"Strike_G","floor":13.0,"key":"PURGE"},{"data":"Defend_G","floor":15.0,"key":"PURGE"},{"data":"Strike_G","floor":23,"key":"PURGE"}],"path_taken":["M","M","M","M","?","R","?","?","T","R","?","?","R","M","R","BOSS","M","?","M","$","M","R","E"],"build_version":"2018-05-24","seed_source_timestamp":0,"purchased_purges":1,"victory":false,"master_deck":["Defend_G+1","Defend_G+1","Strike_G","Survivor","Neutralize","AscendersBane","Dagger Throw","Dagger Spray+1","Caltrops","Backstab","A Thousand Cuts","Acrobatics","Infinite Blades+1"],"max_hp_per_floor":[70,70,70,70,70,70,70,70,70,70,70,70,70,70,70,70,70,70,70,70,70,70,70,70],"relics":["Ring of the Snake","War Paint","Peace Pipe","Ectoplasm"],"card_choices":[{"not_picked":["Flying Knee","Prepared"],"picked":"Dagger Throw","floor":1.0},{"not_picked":["Masterful Stab","Quick Slash"],"picked":"Dagger Spray","floor":2.0},{"not_picked":["Prepared","Acrobatics"],"picked":"Caltrops","floor":3.0},{"not_picked":["Flying Knee","Acrobatics","Slice"],"picked":"SKIP","floor":4.0},{"not_picked":["All Out Attack","PiercingWail","Crippling Poison"],"picked":"SKIP","floor":12.0},{"not_picked":["Dagger Spray","Slice"],"picked":"Backstab","floor":14.0},{"not_picked":["Wraith Form v2","Bullet Time"],"picked":"A Thousand Cuts","floor":16},{"not_picked":["Outmaneuver+1","Deflect"],"picked":"Acrobatics","floor":18},{"not_picked":["Reflex+1","Flying Knee","All Out Attack"],"picked":"SKIP","floor":19},{"not_picked":["Masterful Stab","Slice+1","PiercingWail+1"],"picked":"SKIP","floor":20},{"not_picked":["Bouncing Flask","Deflect+1"],"picked":"Infinite Blades+1","floor":22}],"player_experience":724308,"potions_floor_usage":[16,22,24],"damage_taken":[{"damage":1.0,"enemies":"Cultist","floor":1.0,"turns":5.0},{"damage":3.0,"enemies":"Jaw Worm","floor":2.0,"turns":5.0},{"damage":0.0,"enemies":"2 Louse","floor":3.0,"turns":2.0},{"damage":6.0,"enemies":"Blue Slaver","floor":4.0,"turns":4.0},{"damage":5.0,"enemies":"Exordium Wildlife","floor":12.0,"turns":5.0},{"damage":2.0,"enemies":"2 Fungi Beasts","floor":14.0,"turns":3.0},{"damage":27,"enemies":"Slime Boss","floor":16,"turns":11},{"damage":5,"enemies":"Shell Parasite","floor":18,"turns":5},{"damage":13,"enemies":"Spheric Guardian","floor":19,"turns":4},{"damage":25,"enemies":"Cultist and Chosen","floor":20,"turns":6},{"damage":24,"enemies":"Snake Plant","floor":22,"turns":4},{"damage":18,"enemies":"Slavers","floor":24,"turns":1}],"relics_obtained":[{"floor":9.0,"key":"Peace Pipe"}],"event_choices":[{"event_name":"The Lab","player_choice":"Got Potions","floor":7.0,"damage_taken":0.0},{"event_name":"Golden Wing","player_choice":"Card Removal","floor":8.0,"damage_taken":0.0},{"event_name":"Living Wall","player_choice":"Forget","floor":11.0,"damage_taken":0.0}],"boss_relics":[{"not_picked":["Philosopher\u0027s Stone","Calling Bell"],"picked":"Ectoplasm"}],"items_purged_floors":[],"potions_floor_spawned":[2,14,19],"seed_played":"-5164675293693079802","killed_by":"Slavers","ascension_level":10,"potions_obtained":[{"floor":2.0,"key":"Weak Potion"},{"floor":7.0,"key":"GhostInAJar"},{"floor":7.0,"key":"FairyPotion"},{"floor":7.0,"key":"Regen Potion"},{"floor":19,"key":"LiquidBronze"}],"is_trial":false}