{"path_per_floor":["M","?","M","?","?","E","M","M","T","E","M","$","R","?","R","B",null,"M","?","?","$","?","R","M","M","T","?","R","?","$","T","R"],"character_chosen":"IRONCLAD","items_purchased":["Shrug It Off","Bronze Scales"],"gold_per_floor":[119,219,235,235,185,219,231,247,247,273,285,9,9,0,0,103,103,117,42,42,42,42,42,58,71,71,71,71,71,71,125,125,125],"floor_reached":33,"campfire_rested":3,"playtime":1139,"current_hp_per_floor":[80,80,80,80,80,82,82,79,79,45,45,45,45,45,70,55,86,63,63,63,63,63,63,45,17,17,17,42,42,42,42,67,2],"items_purged":["Strike_R"],"gold":125,"score":331,"play_id":"bf5d1598-89c5-4d4b-a1ee-5dc29f8180ed","local_time":"20180326001442","is_prod":false,"is_daily":false,"is_ascension_mode":true,"campfire_upgraded":2,"timestamp":1522037682,"path_taken":["M","?","M","?","?","E","?","M","T","E","M","$","R","?","R","BOSS","M","?","?","$","?","R","?","M","T","?","R","?","?","?","R","BOSS"],"build_version":"2018-03-22v2","purchased_purges":1,"victory":false,"master_deck":["Strike_R","Strike_R","Strike_R+1","Defend_R","Defend_R","Defend_R","Bash","Sentinel","Whirlwind+1","Spot Weakness+1","Fiend Fire+1","Shrug It Off","Offering","Burning Pact+1","Spot Weakness+1","Battle Trance","Sentinel"],"max_hp_per_floor":[80,80,80,80,80,82,82,84,84,84,86,86,86,86,86,86,86,86,86,86,86,86,86,86,86,86,86,86,86,86,86,86,86],"relics":["Black Blood","NeowsBlessing","Singing Bowl","Whetstone","Du-Vu Doll","Self Forming Clay","Bronze Scales","Gambling Chip","Tiny Chest"],"card_choices":[{"not_picked":["Twin Strike","Feel No Pain"],"picked":"Sentinel","floor":1},{"not_picked":["Warcry","Wild Strike"],"picked":"Whirlwind","floor":3},{"not_picked":["Inflame","Clothesline"],"picked":"Spot Weakness","floor":7},{"not_picked":["Pommel Strike","Shrug It Off"],"picked":"Fiend Fire","floor":10},{"not_picked":["Dark Embrace","Feed"],"picked":"Offering","floor":16},{"not_picked":["Dual Wield","Headbutt"],"picked":"Burning Pact","floor":18},{"not_picked":["Warcry","Disarm"],"picked":"Battle Trance","floor":24},{"not_picked":["Cleave","Body Slam"],"picked":"Sentinel","floor":25}],"player_experience":346064,"potions_floor_usage":[16,16,16,25,33],"damage_taken":[{"damage":0,"enemies":"Jaw Worm","floor":1,"turns":1},{"damage":0,"enemies":"Cultist","floor":3,"turns":1},{"damage":0,"enemies":"Gremlin Nob","floor":6,"turns":1},{"damage":0,"enemies":"2 Louse","floor":7,"turns":2},{"damage":11,"enemies":"Looter","floor":8,"turns":2},{"damage":40,"enemies":"Lagavulin","floor":10,"turns":5},{"damage":8,"enemies":"Lots of Slimes","floor":11,"turns":2},{"damage":33,"enemies":"Slime Boss","floor":16,"turns":9},{"damage":33,"enemies":"Shell Parasite","floor":18,"turns":4},{"damage":28,"enemies":"Chosen","floor":24,"turns":4},{"damage":38,"enemies":"Slaver and Parasite","floor":25,"turns":5},{"damage":65,"enemies":"Collector","floor":33,"turns":7}],"event_choices":[{"event_name":"Golden Shrine","player_choice":"Pray","floor":2,"damage_taken":0},{"event_name":"Accursed Blacksmith","player_choice":"Rummage","floor":4,"damage_taken":0},{"event_name":"The Cleric","player_choice":"Card Removal","floor":5,"damage_taken":0},{"event_name":"World of Goop","player_choice":"Left","floor":14,"damage_taken":0},{"event_name":"Beggar","player_choice":"Gave Gold","floor":19,"damage_taken":0},{"event_name":"Wheel of Change","player_choice":"Card Removal","floor":20,"damage_taken":0},{"event_name":"Duplicator","player_choice":"One dupe","floor":22,"damage_taken":0},{"event_name":"Cursed Tome","player_choice":"Ignored","floor":27,"damage_taken":0},{"event_name":"Drug Dealer","player_choice":"Ignored","floor":29,"damage_taken":0}],"boss_relics":[{"not_picked":["White Beast Statue","Runic Pyramid"],"picked":"Black Blood"}],"potions_floor_spawned":[6,7,11,24,25],"seed_played":"3077897319666015110","killed_by":"Collector","ascension_level":4,"is_trial":false}