{"path_per_floor":["M","?","?","$","?","R","M","M","T","M","E","R","E","M","R","B",null,"M","$","M","$","M","R","E","R","T","E","?","E","M","M","R","B",null,"M","?","$","M","M","?","R","E","T","M","E","R","?","M","R","B"],"character_chosen":"IRONCLAD","items_purchased":["Brutality","Orichalcum","Unceasing Top"],"gold_per_floor":[110,110,110,35,35,35,53,69,95,109,147,147,178,193,193,312,312,335,8,31,31,49,49,80,80,104,139,54,89,114,134,134,265,265,286,286,52,75,98,98,98,137,137,156,194,194,194,213,213,213],"floor_reached":51,"campfire_rested":0,"playtime":5088,"current_hp_per_floor":[80,60,60,60,53,53,57,63,63,71,43,43,25,30,30,23,80,80,80,80,80,71,71,53,53,53,54,64,68,72,72,72,35,90,90,90,90,90,90,90,90,90,90,90,90,90,90,90,90,77],"items_purged":["Defend_R","Anger"],"gold":213,"play_id":"7037e75c-4343-468f-a6ee-e02fca2a3c85","is_prod":false,"is_daily":false,"is_ascension_mode":true,"campfire_upgraded":9,"path_taken":["M","?","?","$","?","R","M","M","T","?","E","R","E","M","R","BOSS","M","$","?","?","M","R","E","R","T","E","?","E","?","M","R","BOSS","M","?","$","?","M","?","R","E","T","M","E","R","?","?","R","BOSS"],"build_version":"2018-01-25-PROD3","purchased_purges":2,"victory":true,"master_deck":["Headbutt","Flame Barrier+1","Dual Wield","Sentinel+1","Pommel Strike+1","Body Slam+1","Offering+1","Armaments","Headbutt","Iron Wave","Infernal Blade","Havoc+1","True Grit+1","Spot Weakness+1","Impervious+1","Barricade","Burning Pact+1","Havoc+1","Pommel Strike+1","Burning Pact+1","Offering+1","Exhume+1"],"max_hp_per_floor":[80,80,80,80,80,80,80,80,80,80,80,80,80,80,80,80,80,80,80,80,80,80,80,80,80,80,80,90,90,90,90,90,90,90,90,90,90,90,90,90,90,90,90,90,90,90,90,90,90,90],"relics":["Burning Blood","Golden Idol","The Courier","Blood Vial","Pen Nib","Oddly Smooth Stone","Pandora\u0027s Box","Orichalcum","Ancient Tea Set","War Paint","Magic Flower","Pear","Omamori","Cursed Key","Unceasing Top","Vajra","Lantern","Pantograph"],"card_choices":[{"not_picked":["Infernal Blade","Corruption"],"picked":"Flame Barrier"},{"not_picked":["Anger","Body Slam"],"picked":"Sentinel"},{"not_picked":["Perfected Strike","Heavy Blade"],"picked":"Pommel Strike"},{"not_picked":["Clothesline","Feed"],"picked":"Body Slam"},{"not_picked":["Dark Embrace","Juggernaut"],"picked":"Offering"},{"not_picked":["Clash","Iron Wave"],"picked":"True Grit"},{"not_picked":["Heavy Blade","Clothesline"],"picked":"Spot Weakness"},{"not_picked":["Clothesline","Sword Boomerang"],"picked":"Impervious"},{"not_picked":["Reaper","Juggernaut"],"picked":"Barricade"},{"not_picked":["Sword Boomerang","Corruption"],"picked":"Burning Pact"},{"not_picked":["Thunderclap","Armaments"],"picked":"Havoc"},{"not_picked":["Shrug It Off","Sword Boomerang"],"picked":"Pommel Strike"},{"not_picked":["Perfected Strike","Whirlwind"],"picked":"Burning Pact"},{"not_picked":["Fire Breathing","Clash"],"picked":"Offering"}],"player_experience":435229,"potions_floor_usage":[11,16,16,27],"damage_taken":[{"damage":6,"enemies":"Blue Slaver","floor":1,"turns":6},{"damage":2,"enemies":"Small Slimes","floor":7,"turns":4},{"damage":0,"enemies":"Cultist","floor":8,"turns":3},{"damage":0,"enemies":"2 Fungi Beasts","floor":10,"turns":5},{"damage":36,"enemies":"Lagavulin","floor":11,"turns":9},{"damage":26,"enemies":"Gremlin Nob","floor":13,"turns":4},{"damage":3,"enemies":"Red Slaver","floor":14,"turns":3},{"damage":15,"enemies":"Slime Boss","floor":16,"turns":9},{"damage":4,"enemies":"Spheric Guardian","floor":18,"turns":2},{"damage":6,"enemies":"Chosen","floor":20,"turns":3},{"damage":15,"enemies":"Snake Plant","floor":22,"turns":3},{"damage":26,"enemies":"Gremlin Leader","floor":24,"turns":4},{"damage":7,"enemies":"Slavers","floor":27,"turns":4},{"damage":8,"enemies":"Book of Stabbing","floor":29,"turns":4},{"damage":8,"enemies":"Snecko","floor":30,"turns":4},{"damage":12,"enemies":"Centurion and Healer","floor":31,"turns":4},{"damage":49,"enemies":"Champ","floor":33,"turns":6},{"damage":4,"enemies":"3 Darklings","floor":35,"turns":3},{"damage":4,"enemies":"3 Shapes","floor":38,"turns":4},{"damage":4,"enemies":"Maw","floor":39,"turns":4},{"damage":4,"enemies":"2 Orb Walkers","floor":42,"turns":2},{"damage":4,"enemies":"3 Darklings","floor":44,"turns":2},{"damage":4,"enemies":"Giant Head","floor":45,"turns":5},{"damage":8,"enemies":"4 Shapes","floor":48,"turns":1},{"damage":22,"enemies":"Awakened One","floor":50,"turns":6}],"event_choices":[{"event_name":"Golden Idol","player_choice":"Take Damage","floor":2,"damage_taken":0},{"event_name":"Transmorgrifier","player_choice":"Transform","floor":3,"damage_taken":0},{"event_name":"Scrap Ooze","player_choice":"success","floor":5,"damage_taken":7},{"event_name":"Addict","player_choice":"Obtained Relic","floor":28,"damage_taken":0},{"event_name":"Winding Halls","player_choice":"Writhe","floor":40,"damage_taken":0},{"event_name":"Transmorgrifier","player_choice":"Transform","floor":47,"damage_taken":0}],"boss_relics":[{"not_picked":["Philosopher\u0027s Stone","Runic Dome"],"picked":"Pandora\u0027s Box"},{"not_picked":["Calling Bell","Velvet Choker"],"picked":"Cursed Key"}],"potions_floor_spawned":[1,8,10,14,18,22,29,33,38,39,44,45],"seed_played":"-4829890100287402034","ascension_level":3,"is_trial":false}