{"gold_per_floor":[114,139,139,158,158,158,174,200,200,211,211,1,26,26,26,104,104,114,114,128,128,128,128],"floor_reached":23,"playtime":1284,"items_purged":[],"score":355,"play_id":"375e9660-dd53-4173-bdeb-e8d1b9c932e3","local_time":"20190227202216","is_ascension_mode":true,"campfire_choices":[{"data":"Hologram","floor":6,"key":"SMITH"},{"floor":11,"key":"REST"},{"data":"Capacitor","floor":15,"key":"SMITH"}],"neow_cost":"NONE","seed_source_timestamp":10319024812900,"circlet_count":0,"master_deck":["AscendersBane","Strike_B","Strike_B","Defend_B","Defend_B","Defend_B","Defend_B","Zap+1","Dualcast","Capacitor+1","Hologram+1","Coolheaded","Loop","Go for the Eyes","Compile Driver","Rainbow","Defragment","Glacier","Steam+1","Amplify","Fusion"],"relics":["Cracked Core","Potion Belt","Ginger","Lantern","ClockworkSouvenir","Mercury Hourglass","White Beast Statue"],"potions_floor_usage":[13,13,16,23,23],"damage_taken":[{"damage":1,"enemies":"Cultist","floor":1,"turns":3},{"damage":6,"enemies":"Jaw Worm","floor":4,"turns":4},{"damage":0,"enemies":"2 Louse","floor":7,"turns":2},{"damage":23,"enemies":"3 Sentries","floor":8,"turns":11},{"damage":12,"enemies":"Looter","floor":10,"turns":4},{"damage":24,"enemies":"Gremlin Nob","floor":13,"turns":6},{"damage":2,"enemies":"Hexaghost","floor":16,"turns":10},{"damage":2,"enemies":"Chosen","floor":18,"turns":4},{"damage":0,"enemies":"Shell Parasite","floor":20,"turns":6},{"damage":70,"enemies":"Gremlin Leader","floor":23,"turns":11}],"seed_played":"-4405824422843437991","potions_obtained":[{"floor":1,"key":"FearPotion"},{"floor":4,"key":"FearPotion"},{"floor":8,"key":"SpeedPotion"},{"floor":13,"key":"FocusPotion"},{"floor":16,"key":"Strength Potion"},{"floor":18,"key":"Weak Potion"},{"floor":20,"key":"Strength Potion"}],"is_trial":false,"path_per_floor":["M","T","?","M","?","R","M","E","T","M","R","$","E","?","R","B",null,"M","?","M","?","?","E"],"character_chosen":"DEFECT","items_purchased":["ClockworkSouvenir"],"campfire_rested":1,"item_purchase_floors":[12],"current_hp_per_floor":[63,63,63,57,62,62,62,39,39,27,49,49,25,25,25,23,63,61,61,61,61,61,0],"gold":128,"neow_bonus":"UPGRADE_CARD","is_prod":false,"is_daily":false,"chose_seed":false,"campfire_upgraded":2,"win_rate":0,"timestamp":1551295336,"path_taken":["M","?","?","M","?","R","M","E","T","M","R","$","E","?","R","BOSS","M","?","M","?","?","E"],"build_version":"2019-01-23","purchased_purges":0,"victory":false,"max_hp_per_floor":[71,71,71,71,76,76,76,76,76,76,76,76,76,76,76,76,76,76,76,76,76,76,76],"card_choices":[{"not_picked":["Chill","Turbo"],"picked":"Capacitor","floor":1},{"not_picked":["Double Energy","Redo"],"picked":"Hologram","floor":4},{"not_picked":["Gash","Genetic Algorithm"],"picked":"Coolheaded","floor":7},{"not_picked":["Streamline","BootSequence"],"picked":"Loop","floor":8},{"not_picked":["Redo","Auto Shields"],"picked":"Go for the Eyes","floor":10},{"not_picked":["Turbo","Fusion"],"picked":"Compile Driver","floor":13},{"not_picked":["Multi-Cast","Fission"],"picked":"Rainbow","floor":16},{"not_picked":["Reprogram","Beam Cell"],"picked":"Defragment","floor":18},{"not_picked":["Heatsinks","Redo"],"picked":"Steam+1","floor":20}],"player_experience":596155,"relics_obtained":[{"floor":2,"key":"Potion Belt"},{"floor":8,"key":"Ginger"},{"floor":9,"key":"Lantern"},{"floor":13,"key":"Mercury Hourglass"}],"event_choices":[{"damage_healed":0,"gold_gain":0,"player_choice":"Ignored","damage_taken":0,"max_hp_gain":0,"max_hp_loss":0,"event_name":"Liars Game","floor":3,"gold_loss":0},{"damage_healed":0,"gold_gain":0,"player_choice":"Donut","damage_taken":0,"max_hp_gain":5,"max_hp_loss":0,"event_name":"Big Fish","floor":5,"gold_loss":0},{"damage_healed":0,"gold_gain":0,"player_choice":"Searched \u00271\u0027 times","damage_taken":0,"max_hp_gain":0,"max_hp_loss":0,"event_name":"Dead Adventurer","floor":14,"gold_loss":0},{"damage_healed":0,"gold_gain":0,"player_choice":"Read","damage_taken":0,"max_hp_gain":0,"max_hp_loss":0,"event_name":"The Library","floor":19,"gold_loss":0,"cards_obtained":["Glacier"]},{"damage_healed":0,"gold_gain":0,"player_choice":"Ignored","damage_taken":0,"max_hp_gain":0,"max_hp_loss":0,"event_name":"Cursed Tome","floor":21,"gold_loss":0},{"damage_healed":0,"gold_gain":0,"cards_transformed":["Strike_B","Strike_B"],"player_choice":"Became Test Subject","damage_taken":0,"max_hp_gain":0,"max_hp_loss":0,"event_name":"Drug Dealer","floor":22,"gold_loss":0,"cards_obtained":["Amplify","Fusion"]}],"is_beta":false,"boss_relics":[{"not_picked":["Runic Pyramid","Snecko Eye"],"picked":"White Beast Statue"}],"items_purged_floors":[],"is_endless":false,"potions_floor_spawned":[1,4,8,13,16,18,20],"killed_by":"Gremlin Leader","ascension_level":16}