{"gold_per_floor":[111,111,76,76,94,94,128,128,128,139,139,64,95,113,113,185,185,205,205,205,215,215,215,115,115],"floor_reached":25,"playtime":697,"items_purged":["Strike_R","Strike_R"],"score":452,"play_id":"0e205744-62cb-4197-bb6c-5334fbc148ed","local_time":"20190303000452","is_ascension_mode":true,"campfire_choices":[{"data":"Searing Blow","floor":6,"key":"SMITH"},{"data":"Searing Blow+1","floor":8,"key":"SMITH"},{"data":"Searing Blow+2","floor":15,"key":"SMITH"},{"data":"Searing Blow+3","floor":23,"key":"SMITH"}],"neow_cost":"NONE","seed_source_timestamp":96189258084788,"circlet_count":0,"master_deck":["AscendersBane","Strike_R","Strike_R","Strike_R","Defend_R","Defend_R","Defend_R","Defend_R","Bash","Searing Blow+4","Cleave+1"],"relics":["Black Blood","NeowsBlessing","Happy Flower","Thread and Needle","Molten Egg 2","StoneCalendar","Bag of Preparation","Darkstone Periapt","MutagenicStrength"],"potions_floor_usage":[13,16,25],"damage_taken":[{"damage":0,"enemies":"Small Slimes","floor":1,"turns":1},{"damage":0,"enemies":"Jaw Worm","floor":5,"turns":1},{"damage":0,"enemies":"Gremlin Nob","floor":7,"turns":1},{"damage":2,"enemies":"2 Louse","floor":10,"turns":3},{"damage":13,"enemies":"Lagavulin","floor":13,"turns":5},{"damage":9,"enemies":"Large Slime","floor":14,"turns":5},{"damage":57,"enemies":"The Guardian","floor":16,"turns":10},{"damage":38,"enemies":"Shell Parasite","floor":18,"turns":4},{"damage":0,"enemies":"Chosen","floor":21,"turns":3},{"damage":45,"enemies":"Slavers","floor":25,"turns":4}],"seed_played":"2788402778323826241","potions_obtained":[{"floor":1,"key":"Fire Potion"},{"floor":10,"key":"LiquidBronze"},{"floor":21,"key":"Block Potion"}],"is_trial":false,"path_per_floor":["M","?","?","?","M","R","E","R","T","M","?","$","E","M","R","B",null,"M","?","?","M","?","R","$","E"],"character_chosen":"IRONCLAD","items_purchased":[],"campfire_rested":0,"item_purchase_floors":[],"current_hp_per_floor":[74,48,66,66,72,72,75,75,75,75,75,75,68,65,65,14,60,32,32,32,42,42,42,42,0],"gold":115,"neow_bonus":"THREE_ENEMY_KILL","is_prod":false,"is_daily":false,"chose_seed":false,"campfire_upgraded":4,"win_rate":0,"timestamp":1551539092,"path_taken":["M","?","?","?","M","R","E","R","T","M","?","$","E","?","R","BOSS","M","?","?","?","?","R","$","E"],"build_version":"2019-01-23","purchased_purges":2,"victory":false,"max_hp_per_floor":[75,75,75,75,75,75,75,75,75,75,75,75,75,75,75,75,75,75,75,75,75,75,75,75,75],"card_choices":[{"not_picked":["Flame Barrier","Cleave"],"picked":"Searing Blow","floor":1},{"not_picked":["Cleave","Second Wind","Wild Strike"],"picked":"SKIP","floor":5},{"not_picked":["Twin Strike","Anger","Headbutt"],"picked":"SKIP","floor":7},{"not_picked":["Body Slam+1","Heavy Blade+1"],"picked":"Cleave+1","floor":10},{"not_picked":["Sentinel","Blood for Blood+1","Clothesline+1"],"picked":"SKIP","floor":13},{"not_picked":["Battle Trance","Rupture","Iron Wave+1"],"picked":"SKIP","floor":14},{"not_picked":["Feel No Pain+1","Body Slam+1"],"picked":"Warcry+1","floor":18},{"not_picked":["Dropkick+1","Feel No Pain+1","Flex"],"picked":"SKIP","floor":21}],"player_experience":1014383,"relics_obtained":[{"floor":7,"key":"Thread and Needle"},{"floor":9,"key":"Molten Egg 2"},{"floor":11,"key":"StoneCalendar"},{"floor":13,"key":"Bag of Preparation"}],"event_choices":[{"damage_healed":0,"gold_gain":0,"player_choice":"Success","damage_taken":26,"relics_obtained":["Happy Flower"],"max_hp_gain":0,"max_hp_loss":0,"event_name":"Scrap Ooze","floor":2,"gold_loss":0},{"damage_healed":18,"gold_gain":0,"player_choice":"Healed","damage_taken":0,"max_hp_gain":0,"max_hp_loss":0,"event_name":"The Cleric","floor":3,"gold_loss":35},{"damage_healed":0,"gold_gain":0,"player_choice":"Ignored","damage_taken":0,"max_hp_gain":0,"max_hp_loss":0,"event_name":"Liars Game","floor":4,"gold_loss":0},{"damage_healed":0,"gold_gain":0,"player_choice":"Relic","damage_taken":0,"max_hp_gain":0,"max_hp_loss":0,"event_name":"Wheel of Change","floor":11,"gold_loss":0},{"damage_healed":0,"gold_gain":0,"player_choice":"Ignored","damage_taken":0,"max_hp_gain":0,"max_hp_loss":0,"event_name":"Ghosts","floor":19,"gold_loss":0},{"cards_removed":["Warcry"],"damage_healed":0,"gold_gain":0,"player_choice":"Gave Card","damage_taken":0,"relics_obtained":["Darkstone Periapt"],"max_hp_gain":0,"max_hp_loss":0,"event_name":"WeMeetAgain","floor":20,"gold_loss":0},{"damage_healed":0,"gold_gain":0,"player_choice":"Inject Mutagens","damage_taken":0,"relics_obtained":["MutagenicStrength"],"max_hp_gain":0,"max_hp_loss":0,"event_name":"Drug Dealer","floor":22,"gold_loss":0}],"is_beta":false,"boss_relics":[{"not_picked":["Eternal Feather","Snecko Eye"],"picked":"Black Blood"}],"items_purged_floors":[12,24],"is_endless":false,"potions_floor_spawned":[1,10,21],"killed_by":"Slavers","ascension_level":19}