{"path_per_floor":["M","M","M","T","M","R","E","?","T","M","?","M","R","M","R"],"character_chosen":"IRONCLAD","items_purchased":[],"gold_per_floor":[115,127,137,137,149,149,178,178,178,202,167,180,180,196,196],"floor_reached":16,"campfire_rested":0,"playtime":913,"current_hp_per_floor":[80,78,79,79,67,67,51,51,51,30,50,43,43,39,39],"items_purged":[],"gold":196,"score":104,"play_id":"02ec02b8-ba0b-4556-802e-c81264bb03ab","is_prod":false,"is_daily":false,"is_ascension_mode":false,"campfire_upgraded":2,"path_taken":["M","M","M","?","M","R","E","?","T","?","?","?","R","M","R","BOSS"],"build_version":"2018-02-22-PROD2","purchased_purges":0,"victory":false,"master_deck":["Strike_R","Strike_R","Strike_R","Strike_R","Strike_R","Defend_R","Defend_R","Defend_R","Defend_R","Bash","Rampage+1","Whirlwind+1","Clothesline","Fire Breathing","Perfected Strike","Sword Boomerang","Thunderclap","Heavy Blade"],"max_hp_per_floor":[80,80,80,80,80,80,80,80,80,80,80,80,80,80,80],"relics":["Burning Blood","Frozen Eye","Peace Pipe","Golden Idol","Ice Cream"],"card_choices":[{"not_picked":["Shrug It Off","Hemokinesis"],"picked":"Rampage"},{"not_picked":["Armaments","Brutality"],"picked":"Whirlwind"},{"not_picked":["Bloodletting","Warcry"],"picked":"Clothesline"},{"not_picked":["Shrug It Off","Burning Pact"],"picked":"Fire Breathing"},{"not_picked":["Wild Strike","Warcry"],"picked":"Perfected Strike"},{"not_picked":["Dark Embrace","True Grit"],"picked":"Sword Boomerang"},{"not_picked":["Sword Boomerang","Power Through"],"picked":"Thunderclap"},{"not_picked":["Burning Pact","Shrug It Off"],"picked":"Heavy Blade"}],"player_experience":24701,"potions_floor_usage":[7,16,16],"damage_taken":[{"damage":1,"enemies":"Cultist","floor":1,"turns":3},{"damage":8,"enemies":"Small Slimes","floor":2,"turns":3},{"damage":5,"enemies":"2 Louse","floor":3,"turns":2},{"damage":18,"enemies":"2 Fungi Beasts","floor":5,"turns":5},{"damage":22,"enemies":"3 Sentries","floor":7,"turns":5},{"damage":27,"enemies":"Gremlin Gang","floor":10,"turns":6},{"damage":13,"enemies":"3 Louse","floor":12,"turns":3},{"damage":10,"enemies":"2 Fungi Beasts","floor":14,"turns":3},{"damage":51,"enemies":"Hexaghost","floor":16,"turns":11}],"event_choices":[{"event_name":"Golden Idol","player_choice":"Take Wound","floor":8,"damage_taken":0},{"event_name":"The Cleric","player_choice":"Healed","floor":11,"damage_taken":0}],"boss_relics":[],"potions_floor_spawned":[3,5,10,14],"seed_played":"5553031974891749910","killed_by":"Hexaghost","ascension_level":0,"is_trial":false}