{"path_per_floor":["M","?","M","M","M","R","T","R","T","M","M","?","$","?","R","B",null,"M","?","?","?","?","R","M","M","T","$","M","T","M","$","R","B",null,"M","?","?","$","T","R","M"],"character_chosen":"IRONCLAD","items_purchased":["Shuriken","Swift Potion","Swift Potion","Swift Potion"],"gold_per_floor":[119,194,213,232,252,252,252,252,252,265,278,278,25,25,25,127,127,144,144,144,144,59,59,78,95,95,15,35,62,81,3,3,98,98,118,118,118,78,103,103,123,123],"floor_reached":42,"campfire_rested":3,"playtime":1930,"current_hp_per_floor":[79,68,74,74,58,58,58,58,58,52,45,42,42,42,66,7,80,41,26,26,54,54,54,10,16,16,16,48,48,31,31,56,45,85,53,42,42,42,42,67,11,11],"items_purged":["Strike_R","Strike_R"],"gold":123,"score":518,"play_id":"e388ad86-6211-403b-96f9-60d7b6b6fd3e","local_time":"20180326225739","is_prod":false,"is_daily":false,"is_ascension_mode":true,"campfire_upgraded":2,"timestamp":1522119459,"path_taken":["M","?","M","M","M","R","?","R","T","M","?","?","$","?","R","BOSS","M","?","?","?","?","R","M","?","T","?","?","?","M","$","R","BOSS","M","?","?","?","?","R","M","M"],"build_version":"2018-03-22v2","purchased_purges":3,"victory":false,"master_deck":["Defend_R+1","Defend_R","Defend_R","Defend_R+1","Bash+1","Twin Strike","Dropkick","Corruption+1","Dual Wield+1","Uppercut+1","Burning Pact","Brutality","Madness"],"max_hp_per_floor":[80,80,80,80,80,80,80,80,80,80,80,80,80,80,80,80,80,80,85,85,85,85,85,85,85,85,85,85,85,85,85,85,85,85,85,85,85,85,85,85,85,85],"relics":["Burning Blood","Girya","War Paint","The Courier","Shuriken","Lizard Tail","Vajra","Bird Faced Urn","Bag of Preparation","Runic Cube","Ancient Tea Set"],"card_choices":[{"not_picked":["Havoc","Clothesline"],"picked":"Dropkick","floor":1.0},{"not_picked":["Dual Wield","True Grit"],"picked":"Corruption","floor":11.0},{"not_picked":["True Grit","Second Wind"],"picked":"Dual Wield","floor":18.0},{"not_picked":["Wild Strike","Blood for Blood"],"picked":"Uppercut","floor":24.0},{"not_picked":["Heavy Blade","Seeing Red"],"picked":"Burning Pact","floor":30.0},{"not_picked":["Immolate","Impervious"],"picked":"Brutality","floor":33}],"player_experience":357277,"potions_floor_usage":[33,41],"damage_taken":[{"damage":7.0,"enemies":"Jaw Worm","floor":1.0,"turns":3.0},{"damage":0.0,"enemies":"Small Slimes","floor":3.0,"turns":2.0},{"damage":6.0,"enemies":"Cultist","floor":4.0,"turns":3.0},{"damage":22.0,"enemies":"Looter","floor":5.0,"turns":3.0},{"damage":12.0,"enemies":"Exordium Wildlife","floor":10.0,"turns":4.0},{"damage":13.0,"enemies":"Large Slime","floor":11.0,"turns":4.0},{"damage":65.0,"enemies":"Slime Boss","floor":16.0,"turns":13.0},{"damage":45.0,"enemies":"3 Byrds","floor":18.0,"turns":7.0},{"damage":50.0,"enemies":"Spheric Guardian","floor":24.0,"turns":6.0},{"damage":0.0,"enemies":"Cultist and Chosen","floor":25.0,"turns":3.0},{"damage":19.0,"enemies":"Sentry and Sphere","floor":28.0,"turns":5.0},{"damage":25.0,"enemies":"3 Cultists","floor":30.0,"turns":4.0},{"damage":19,"enemies":"Automaton","floor":33,"turns":4},{"damage":38,"enemies":"3 Darklings","floor":35,"turns":5},{"damage":66,"enemies":"3 Shapes","floor":41,"turns":5},{"damage":0,"enemies":"Sphere and 2 Shapes","floor":42,"turns":1}],"event_choices":[{"event_name":"World of Goop","player_choice":"Gather Gold","floor":2.0,"damage_taken":0.0},{"event_name":"Scrap Ooze","player_choice":"success","floor":12.0,"damage_taken":3.0},{"event_name":"Purifier","player_choice":"One Purge","floor":14.0,"damage_taken":0.0},{"event_name":"Forgotten Altar","player_choice":"Shed Blood","floor":19.0,"damage_taken":0.0},{"event_name":"Purifier","player_choice":"One Purge","floor":20.0,"damage_taken":0.0},{"event_name":"The Library","player_choice":"Heal","floor":21.0,"damage_taken":0.0},{"event_name":"Addict","player_choice":"Obtained Relic","floor":22.0,"damage_taken":0.0},{"event_name":"Winding Halls","player_choice":"Embrace Madness","floor":36,"damage_taken":0}],"boss_relics":[{"not_picked":["Pandora\u0027s Box","Black Star"],"picked":"Runic Cube"}],"potions_floor_spawned":[4,11,16,24,25,30],"seed_played":"1733281474160180665","killed_by":"Sphere and 2 Shapes","ascension_level":4,"is_trial":false}