{"gold_per_floor":[109,109,109,126,14,14,32,32,80,80,100,100,100,175,175,175],"floor_reached":16,"playtime":2525,"items_purged":["Strike_B"],"score":88,"play_id":"56ec982d-31d9-4816-b64c-23afb2b416eb","local_time":"20180912221836","is_ascension_mode":false,"campfire_choices":[{"data":"Dualcast","floor":6,"key":"SMITH"},{"data":"Reboot","floor":8,"key":"SMITH"},{"data":"Reprogram","floor":10,"key":"SMITH"},{"data":"Glacier","floor":12,"key":"SMITH"},{"floor":15,"key":"REST"}],"neow_cost":"NONE","seed_source_timestamp":0,"circlet_count":0,"master_deck":["Strike_B","Strike_B","Defend_B+1","Defend_B","Defend_B+1","Defend_B","Zap","Dualcast+1","Reboot+1","Go for the Eyes","Glacier+1","Auto Shields","Reprogram+1","FTL"],"special_seed":0,"relics":["Cracked Core","Juzu Bracelet","Smiling Mask"],"potions_floor_usage":[16],"damage_taken":[{"damage":5.0,"enemies":"Small Slimes","floor":1.0,"turns":2.0},{"damage":0,"enemies":"2 Louse","floor":4,"turns":2},{"damage":0,"enemies":"Jaw Worm","floor":7,"turns":3},{"damage":0,"enemies":"Exordium Wildlife","floor":11,"turns":10},{"damage":62,"enemies":"Hexaghost","floor":16,"turns":21}],"seed_played":"-6429690297804987764","potions_obtained":[{"floor":7,"key":"FearPotion"},{"floor":11,"key":"FocusPotion"}],"is_trial":false,"path_per_floor":["M","?","?","M","$","R","M","R","T","R","M","R","?","?","R"],"character_chosen":"DEFECT","items_purchased":["Auto Shields"],"campfire_rested":1,"item_purchase_floors":[5],"current_hp_per_floor":[70,70,55,55,55,55,55,55,55,55,55,55,43,32,54,0],"gold":175,"neow_bonus":"ONE_RANDOM_RARE_CARD","is_prod":false,"is_daily":false,"chose_seed":false,"campfire_upgraded":4,"win_rate":0,"timestamp":1536787116,"path_taken":["M","?","?","M","?","R","M","R","T","R","M","R","?","?","R","BOSS"],"build_version":"2018-09-06","purchased_purges":1,"victory":false,"max_hp_per_floor":[75,75,75,75,75,75,75,75,75,75,75,75,75,75,75,75],"card_choices":[{"not_picked":["Steam","Tempest"],"picked":"Go for the Eyes","floor":1},{"not_picked":["Melter","Ball Lightning"],"picked":"Glacier","floor":4},{"not_picked":["Beam Cell","Hello World"],"picked":"Reprogram","floor":7},{"not_picked":["Storm","Beam Cell"],"picked":"FTL","floor":11}],"player_experience":132457,"relics_obtained":[{"floor":9,"key":"Juzu Bracelet"}],"event_choices":[{"event_name":"Living Wall","player_choice":"Forget","floor":2,"damage_taken":0},{"event_name":"Shining Light","player_choice":"Entered Light","floor":3,"damage_taken":0},{"event_name":"Scrap Ooze","player_choice":"success","floor":13,"damage_taken":12},{"event_name":"World of Goop","player_choice":"Gather Gold","floor":14,"damage_taken":0}],"is_beta":false,"boss_relics":[],"items_purged_floors":[5],"is_endless":false,"potions_floor_spawned":[7,11],"killed_by":"Hexaghost","ascension_level":0}