{"path_per_floor":["M","M","M","M","M","R","E","R","T","E","R","M","M","?","R","B",null,"M","M","M","M","?"],"character_chosen":"IRONCLAD","items_purchased":[],"gold_per_floor":[112,128,147,161,181,181,216,216,268,296,296,313,323,323,323,396,396,407,420,440,457,457],"floor_reached":23,"campfire_rested":2,"playtime":2162,"current_hp_per_floor":[67,72,75,70,37,37,16,38,38,28,28,26,26,26,62,32,62,50,33,25,13,13],"items_purged":[],"gold":457,"score":362,"play_id":"2861bca9-5ac6-4b3d-b8e5-2858f142056a","is_prod":false,"is_daily":false,"is_ascension_mode":true,"campfire_upgraded":2,"path_taken":["M","M","M","M","M","R","E","R","T","E","R","M","M","?","R","BOSS","M","M","?","M","?","E"],"build_version":"2018-02-23-BETA1","purchased_purges":0,"victory":false,"master_deck":["Strike_R","Strike_R","Strike_R","Strike_R","Strike_R","Defend_R","Defend_R","Defend_R","Defend_R+1","Bash","Flex","Heavy Blade","Inflame","Spot Weakness","Cleave","Battle Trance","True Grit+1","True Grit+1","Feel No Pain","Offering","Cleave+1","Flex+1","Double Tap","Heavy Blade+1"],"max_hp_per_floor":[75,75,75,75,75,75,75,75,75,75,75,75,75,72,72,72,72,72,72,72,72,72],"relics":["Burning Blood","Dodecahedron","Orichalcum","Regal Pillow","Runic Dome"],"card_choices":[{"not_picked":["Havoc","Clothesline"],"picked":"Flex"},{"not_picked":["Warcry","Body Slam"],"picked":"Heavy Blade"},{"not_picked":["Pummel","Twin Strike"],"picked":"Inflame"},{"not_picked":["Flex","Pommel Strike"],"picked":"Spot Weakness"},{"not_picked":["Feel No Pain","Searing Blow"],"picked":"Cleave"},{"not_picked":["Warcry","Sword Boomerang"],"picked":"Battle Trance"},{"not_picked":["Cleave","Reckless Charge"],"picked":"True Grit"},{"not_picked":["Searing Blow","Barricade"],"picked":"True Grit"},{"not_picked":["Clothesline","Perfected Strike"],"picked":"Feel No Pain"},{"not_picked":["Reaper","Immolate"],"picked":"Offering"},{"not_picked":["Anger","Clash"],"picked":"Cleave"},{"not_picked":["Warcry","Armaments"],"picked":"Flex"},{"not_picked":["Armaments","Clothesline"],"picked":"Double Tap"},{"not_picked":["Headbutt","True Grit"],"picked":"Heavy Blade"}],"player_experience":202336,"potions_floor_usage":[4,5,7,16,21,21,21],"damage_taken":[{"damage":7,"enemies":"Small Slimes","floor":1,"turns":3},{"damage":1,"enemies":"2 Louse","floor":2,"turns":4},{"damage":0,"enemies":"Cultist","floor":3,"turns":2},{"damage":11,"enemies":"Lots of Slimes","floor":4,"turns":4},{"damage":51,"enemies":"Exordium Thugs","floor":5,"turns":5},{"damage":27,"enemies":"3 Sentries","floor":7,"turns":7},{"damage":16,"enemies":"Gremlin Nob","floor":10,"turns":4},{"damage":8,"enemies":"3 Louse","floor":12,"turns":3},{"damage":6,"enemies":"Exordium Wildlife","floor":13,"turns":5},{"damage":36,"enemies":"Slime Boss","floor":16,"turns":9},{"damage":18,"enemies":"3 Byrds","floor":18,"turns":8},{"damage":23,"enemies":"Chosen","floor":19,"turns":6},{"damage":14,"enemies":"3 Cultists","floor":20,"turns":4},{"damage":18,"enemies":"Snake Plant","floor":21,"turns":5},{"damage":26,"enemies":"Book of Stabbing","floor":23,"turns":2}],"event_choices":[{"event_name":"Living Wall","player_choice":"Forget","floor":14,"damage_taken":0},{"event_name":"Upgrade Shrine","player_choice":"Upgraded","floor":22,"damage_taken":0}],"boss_relics":[{"not_picked":["Tiny House","Eternal Feather"],"picked":"Runic Dome"}],"potions_floor_spawned":[2,3,5,12,13,18,20],"seed_played":"7071805052271419537","killed_by":"Book of Stabbing","ascension_level":15,"is_trial":false}