{"gold_per_floor":[116,0,0,75,131,162,162,172,172,172,192,192,192,241,241,341,341,358,358,135,165,190,215,178,198,251,251,280,280,309,309],"floor_reached":31,"playtime":1539,"items_purged":[],"score":289,"play_id":"d633fbf7-c3de-409d-aafe-a75e0556f2d8","local_time":"20181029010557","is_ascension_mode":true,"campfire_choices":[{"data":"Defragment","floor":7,"key":"SMITH"},{"floor":10,"key":"REST"},{"data":"Capacitor","floor":12,"key":"SMITH"},{"floor":15,"key":"REST"},{"floor":27,"key":"REST"},{"data":"Redo","floor":29,"key":"SMITH"}],"neow_cost":"NONE","seed_source_timestamp":1632640502078209,"circlet_count":0,"master_deck":["Zap","Dualcast","Deep Breath","Darkness+1","Doom and Gloom","Capacitor+1","Defragment+1","Hologram","Steam","Sweeping Beam","Sunder","Coolheaded","Conserve Battery","Conserve Battery","Steam","BootSequence","Loop","Redo+1","Redo","Hologram+1","Redo"],"relics":["Cracked Core","Tiny Chest","Bird Faced Urn","Ornamental Fan","Ginger","Oddly Smooth Stone","Pandora\u0027s Box","MawBank","Blood Vial","Sundial","Red Mask"],"potions_floor_usage":[16,16,16,23,28,30],"damage_taken":[{"damage":1,"enemies":"Cultist","floor":1,"turns":4},{"damage":25,"enemies":"3 Sentries","floor":6,"turns":6},{"damage":10,"enemies":"2 Louse","floor":8,"turns":3},{"damage":8,"enemies":"Small Slimes","floor":11,"turns":3},{"damage":33,"enemies":"Slime Boss","floor":16,"turns":7},{"damage":37,"enemies":"2 Thieves","floor":18,"turns":3},{"damage":1,"enemies":"Shell Parasite","floor":21,"turns":4},{"damage":3,"enemies":"Centurion and Healer","floor":22,"turns":5},{"damage":25,"enemies":"Cultist and Chosen","floor":23,"turns":7},{"damage":9,"enemies":"Snecko","floor":25,"turns":5},{"damage":14,"enemies":"Gremlin Leader","floor":28,"turns":8},{"damage":38,"enemies":"Masked Bandits","floor":30,"turns":4},{"damage":16,"enemies":"Snake Plant","floor":31,"turns":2}],"seed_played":"-7989837216198389920","potions_obtained":[{"floor":6,"key":"Block Potion"},{"floor":8,"key":"SkillPotion"},{"floor":11,"key":"Block Potion"},{"floor":21,"key":"SkillPotion"},{"floor":25,"key":"SkillPotion"},{"floor":28,"key":"EssenceOfSteel"}],"is_trial":false,"path_per_floor":["M","$","?","?","T","E","R","M","T","R","M","R","?","T","R","B",null,"M","?","$","M","M","M","$","M","T","R","E","R","?"],"character_chosen":"DEFECT","items_purchased":["Doom and Gloom","Capacitor","Loop","MawBank","Redo"],"campfire_rested":3,"item_purchase_floors":[2,2,20,20,24],"current_hp_per_floor":[74,74,74,63,63,38,38,30,30,52,46,46,13,13,35,6,75,38,38,38,41,44,25,25,22,22,44,38,38,4,0],"gold":309,"neow_bonus":"RANDOM_COLORLESS","is_prod":false,"is_daily":false,"chose_seed":false,"campfire_upgraded":3,"win_rate":0,"timestamp":1540789557,"path_taken":["M","$","?","?","?","E","R","M","T","R","M","R","?","?","R","BOSS","M","?","$","M","M","M","$","M","T","R","E","R","?","?"],"build_version":"2018-10-25v2","purchased_purges":0,"victory":false,"max_hp_per_floor":[75,75,75,75,75,75,75,75,75,75,75,75,75,75,75,75,75,75,75,75,75,75,75,75,75,75,75,75,75,75,75],"card_choices":[{"not_picked":["Stack","Redo"],"picked":"Darkness","floor":1},{"not_picked":["Recycle","Hologram"],"picked":"Defragment","floor":6},{"not_picked":["Beam Cell","Reprogram","Go for the Eyes"],"picked":"SKIP","floor":8},{"not_picked":["Glacier","Compile Driver","Streamline"],"picked":"SKIP","floor":11},{"not_picked":["Rebound","Go for the Eyes+1"],"picked":"Conserve Battery","floor":18},{"not_picked":["Barrage","Storm"],"picked":"Redo","floor":21},{"not_picked":["Steam","Skim","Recycle"],"picked":"SKIP","floor":22},{"not_picked":["Amplify","Recycle","Steam+1"],"picked":"SKIP","floor":23},{"not_picked":["Streamline","Coolheaded"],"picked":"Hologram+1","floor":25},{"not_picked":["Amplify","FTL"],"picked":"Redo","floor":28}],"player_experience":692532,"relics_obtained":[{"floor":5,"key":"Tiny Chest"},{"floor":6,"key":"Bird Faced Urn"},{"floor":9,"key":"Ornamental Fan"},{"floor":14,"key":"Oddly Smooth Stone"},{"floor":26,"key":"Blood Vial"},{"floor":28,"key":"Sundial"},{"floor":30,"key":"Red Mask"}],"event_choices":[{"damage_healed":0,"gold_gain":0,"player_choice":"Grow","damage_taken":0,"max_hp_gain":0,"max_hp_loss":0,"event_name":"Living Wall","floor":3,"gold_loss":0,"cards_upgraded":["Darkness"]},{"damage_healed":0,"gold_gain":75,"player_choice":"Gather Gold","damage_taken":11,"max_hp_gain":0,"max_hp_loss":0,"event_name":"World of Goop","floor":4,"gold_loss":0},{"damage_healed":0,"gold_gain":0,"player_choice":"Success","damage_taken":33,"relics_obtained":["Ginger"],"max_hp_gain":0,"max_hp_loss":0,"event_name":"Scrap Ooze","floor":13,"gold_loss":0},{"damage_healed":0,"gold_gain":0,"cards_transformed":["Static Discharge","Go for the Eyes"],"player_choice":"Became Test Subject","damage_taken":0,"max_hp_gain":0,"max_hp_loss":0,"event_name":"Drug Dealer","floor":19,"gold_loss":0,"cards_obtained":["Steam","BootSequence"]},{"damage_healed":0,"gold_gain":0,"player_choice":"Fought Bandits","damage_taken":0,"max_hp_gain":0,"max_hp_loss":0,"event_name":"Masked Bandits","floor":30,"gold_loss":0}],"is_beta":false,"boss_relics":[{"not_picked":["Runic Dome","White Beast Statue"],"picked":"Pandora\u0027s Box"}],"items_purged_floors":[],"is_endless":false,"potions_floor_spawned":[6,8,11,21,25,28],"killed_by":"Snake Plant","ascension_level":3}