{"gold_per_floor":[113,113,132,307,321,321,321,321,321,352,367,379,379,247,247,352,352,370,370,370,116,131,151,151,181,181,212,230,45,80,110,122,231,243,266,298,310,333,445,457,14,14,14,114,125,139,156,190,190,190],"floor_reached":51,"playtime":5163,"items_purged":[],"score":1028,"play_id":"bcb34f1b-c315-42c2-8805-121d7616d127","local_time":"20190224083233","is_ascension_mode":true,"campfire_choices":[{"floor":6,"key":"REST"},{"floor":15,"key":"REST"},{"data":"Echo Form","floor":32,"key":"SMITH"},{"data":"Tempest","floor":40,"key":"SMITH"},{"data":"Electrodynamics","floor":42,"key":"SMITH"},{"data":"Buffer","floor":49,"key":"SMITH"}],"neow_cost":"PERCENT_DAMAGE","seed_source_timestamp":827547073621200,"circlet_count":0,"master_deck":["Strike_B+1","Strike_B","Strike_B+1","Defend_B+1","Defend_B","Defend_B","Defend_B","Zap+1","Dualcast+1","Hologram","Chill","Hologram+1","Go for the Eyes+1","White Noise","Steam","Coolheaded","Self Repair","Beam Cell+1","Chill","Echo Form+1","Static Discharge","Defragment","Defragment","Heatsinks","Ball Lightning+1","White Noise","Ball Lightning+1","Capacitor+1","Static Discharge+1","Machine Learning","Conserve Battery","Barrage+1","Glacier","Thunder Strike+1","Chaos+1","Meteor Strike+1","Consume+1","Aggregate+1","Tempest+1","Chill+1","The Bomb","BootSequence+1","Capacitor+1","Electrodynamics+1","Parasite","Coolheaded+1","Ball Lightning+1","Conserve Battery+1","Lockon+1","Double Energy","Buffer+1","Chaos"],"relics":["Cracked Core","Dead Branch","Regal Pillow","Prayer Wheel","Matryoshka","Molten Egg 2","Snecko Eye","Meat on the Bone","Mummified Hand","War Paint","Cables","Whetstone","Bag of Marbles","PreservedInsect","MawBank","Cursed Key","Calipers","Thread and Needle","Dream Catcher","Boot","Ancient Tea Set"],"potions_floor_usage":[11,11,25,28,30,33,50,50,50],"damage_taken":[{"damage":0,"enemies":"Small Slimes","floor":1,"turns":2},{"damage":8,"enemies":"2 Louse","floor":3,"turns":3},{"damage":4,"enemies":"Jaw Worm","floor":5,"turns":4},{"damage":18,"enemies":"Lagavulin","floor":10,"turns":5},{"damage":14,"enemies":"Exordium Thugs","floor":11,"turns":5},{"damage":0,"enemies":"3 Louse","floor":12,"turns":2},{"damage":40,"enemies":"Hexaghost","floor":16,"turns":12},{"damage":7,"enemies":"Shell Parasite","floor":18,"turns":8},{"damage":7,"enemies":"Spheric Guardian","floor":22,"turns":4},{"damage":13,"enemies":"Cultist and Chosen","floor":23,"turns":6},{"damage":14,"enemies":"Slavers","floor":25,"turns":4},{"damage":0,"enemies":"Gremlin Leader","floor":27,"turns":6},{"damage":0,"enemies":"Centurion and Healer","floor":28,"turns":4},{"damage":7,"enemies":"Slavers","floor":30,"turns":5},{"damage":0,"enemies":"3 Cultists","floor":31,"turns":3},{"damage":19,"enemies":"Collector","floor":33,"turns":4},{"damage":12,"enemies":"Orb Walker","floor":35,"turns":4},{"damage":0,"enemies":"3 Shapes","floor":36,"turns":4},{"damage":0,"enemies":"Spire Growth","floor":38,"turns":4},{"damage":0,"enemies":"Mind Bloom Boss Battle","floor":39,"turns":3},{"damage":0,"enemies":"3 Darklings","floor":45,"turns":3},{"damage":0,"enemies":"Transient","floor":46,"turns":5},{"damage":0,"enemies":"Jaw Worm Horde","floor":47,"turns":2},{"damage":0,"enemies":"Giant Head","floor":48,"turns":5},{"damage":32,"enemies":"Time Eater","floor":50,"turns":8}],"seed_played":"5211785440097908815","potions_obtained":[{"floor":3,"key":"LiquidBronze"},{"floor":5,"key":"Swift Potion"},{"floor":10,"key":"Energy Potion"},{"floor":16,"key":"Explosive Potion"},{"floor":23,"key":"Block Potion"},{"floor":25,"key":"Energy Potion"},{"floor":30,"key":"GamblersBrew"},{"floor":35,"key":"Block Potion"},{"floor":38,"key":"SpeedPotion"},{"floor":45,"key":"SpeedPotion"}],"is_trial":false,"path_per_floor":["M","?","M","?","M","R","?","T","T","E","M","M","?","$","R","B",null,"M","?","?","$","M","M","?","E","T","E","M","$","E","M","R","B",null,"M","M","?","M","?","R","$","R","T","?","M","M","M","E","R","B",null],"character_chosen":"DEFECT","items_purchased":["Beam Cell+1","Chill","Meat on the Bone","PreservedInsect","Glacier","Electrodynamics","Thread and Needle"],"campfire_rested":2,"item_purchase_floors":[14,14,21,29,29,41,41],"current_hp_per_floor":[54,42,34,34,30,67,52,52,52,34,20,20,13,13,50,17,61,61,61,61,61,54,48,48,53,53,53,53,53,53,60,60,48,68,56,63,58,58,58,58,58,58,58,58,65,72,75,75,75,43],"gold":190,"neow_bonus":"ONE_RARE_RELIC","is_prod":false,"is_daily":false,"chose_seed":false,"campfire_upgraded":4,"win_rate":0,"timestamp":1551015153,"path_taken":["M","?","M","?","M","R","?","?","T","E","M","M","?","$","R","BOSS","M","?","?","$","?","M","?","E","T","E","M","$","E","M","R","BOSS","M","M","?","M","?","R","$","R","T","?","?","M","M","E","R","BOSS"],"build_version":"2019-01-23","purchased_purges":0,"victory":true,"max_hp_per_floor":[75,75,75,75,75,75,75,75,75,75,75,75,75,75,75,75,75,75,75,75,75,75,75,75,75,75,75,75,75,75,75,75,75,75,75,75,75,75,75,75,75,75,75,75,75,75,75,75,75,75],"card_choices":[{"not_picked":["Stack","Sweeping Beam"],"picked":"Hologram","floor":1},{"not_picked":["Skim","Auto Shields"],"picked":"Chill","floor":3},{"not_picked":["Auto Shields","Steam"],"picked":"Hologram","floor":5},{"not_picked":["Hologram","Stack"],"picked":"Go for the Eyes","floor":10},{"not_picked":["Rebound+1","Leap"],"picked":"White Noise","floor":11},{"not_picked":["Fission","Skim"],"picked":"Steam","floor":11},{"not_picked":["Sweeping Beam+1","FTL+1"],"picked":"Coolheaded","floor":12},{"not_picked":["Static Discharge","Go for the Eyes+1"],"picked":"Self Repair","floor":12},{"not_picked":["Reboot","Thunder Strike+1"],"picked":"Echo Form","floor":16},{"not_picked":["Barrage+1","Coolheaded"],"picked":"Static Discharge","floor":18},{"not_picked":["Cold Snap+1","Compile Driver+1"],"picked":"Defragment","floor":18},{"not_picked":["Coolheaded","Cold Snap+1"],"picked":"Ball Lightning+1","floor":22},{"not_picked":["Stack","Gash+1"],"picked":"White Noise","floor":22},{"not_picked":["Streamline+1","Steam"],"picked":"Ball Lightning+1","floor":23},{"not_picked":["Conserve Battery","Fusion"],"picked":"Capacitor+1","floor":23},{"not_picked":["Redo","Ball Lightning+1"],"picked":"Static Discharge+1","floor":25},{"not_picked":["Ball Lightning+1","Steam Power"],"picked":"Machine Learning","floor":27},{"not_picked":["Melter+1","Leap"],"picked":"Conserve Battery","floor":28},{"not_picked":["Coolheaded","Go for the Eyes+1"],"picked":"Barrage+1","floor":28},{"not_picked":["Redo+1","Stack"],"picked":"Thunder Strike+1","floor":30},{"not_picked":["Steam Power","Coolheaded"],"picked":"Chaos+1","floor":31},{"not_picked":["Beam Cell+1","Turbo+1","Streamline+1"],"picked":"SKIP","floor":31},{"not_picked":["Multi-Cast","Creative AI"],"picked":"Meteor Strike+1","floor":33},{"not_picked":["Force Field","Rebound+1"],"picked":"Consume+1","floor":35},{"not_picked":["Sunder+1","Sweeping Beam+1"],"picked":"Aggregate+1","floor":35},{"not_picked":["Auto Shields+1","Coolheaded+1"],"picked":"Tempest","floor":36},{"not_picked":["Force Field+1","Recycle"],"picked":"Chill+1","floor":36},{"not_picked":["Transmutation","Sadistic Nature"],"picked":"The Bomb","floor":37},{"not_picked":["Reinforced Body","Leap+1"],"picked":"BootSequence+1","floor":38},{"not_picked":["Hologram","Rebound+1","Sunder+1"],"picked":"SKIP","floor":38},{"not_picked":["Self Repair","Redo"],"picked":"Capacitor+1","floor":39},{"not_picked":["Aggregate","Cold Snap+1"],"picked":"Coolheaded+1","floor":45},{"not_picked":["Melter+1","Capacitor"],"picked":"Ball Lightning+1","floor":45},{"not_picked":["Self Repair+1","Darkness"],"picked":"Conserve Battery+1","floor":46},{"not_picked":["Coolheaded","Reinforced Body+1"],"picked":"Lockon+1","floor":46},{"not_picked":["Sweeping Beam+1","Turbo+1"],"picked":"Double Energy","floor":47},{"not_picked":["Rebound+1","Stack"],"picked":"Buffer","floor":47},{"not_picked":["Steam+1","Rebound+1"],"picked":"Chaos","floor":48}],"player_experience":535472,"relics_obtained":[{"floor":8,"key":"Prayer Wheel"},{"floor":9,"key":"Matryoshka"},{"floor":10,"key":"Molten Egg 2"},{"floor":25,"key":"War Paint"},{"floor":26,"key":"Cables"},{"floor":26,"key":"Whetstone"},{"floor":27,"key":"Bag of Marbles"},{"floor":30,"key":"MawBank"},{"floor":39,"key":"Calipers"},{"floor":43,"key":"Dream Catcher"},{"floor":43,"key":"Boot"},{"floor":48,"key":"Ancient Tea Set"}],"event_choices":[{"damage_healed":0,"gold_gain":0,"player_choice":"Success","damage_taken":12,"relics_obtained":["Regal Pillow"],"max_hp_gain":0,"max_hp_loss":0,"event_name":"Scrap Ooze","floor":2,"gold_loss":0},{"damage_healed":0,"gold_gain":175,"player_choice":"AGREE","damage_taken":0,"max_hp_gain":0,"max_hp_loss":0,"event_name":"Liars Game","floor":4,"gold_loss":0,"cards_obtained":["Doubt"]},{"damage_healed":0,"gold_gain":0,"player_choice":"Entered Light","damage_taken":15,"max_hp_gain":0,"max_hp_loss":0,"event_name":"Shining Light","floor":7,"gold_loss":0,"cards_upgraded":["Hologram","Zap"]},{"cards_removed":["Doubt"],"damage_healed":0,"gold_gain":0,"player_choice":"Card Removal","damage_taken":7,"max_hp_gain":0,"max_hp_loss":0,"event_name":"Golden Wing","floor":13,"gold_loss":0},{"damage_healed":0,"gold_gain":0,"player_choice":"Read","damage_taken":0,"max_hp_gain":0,"max_hp_loss":0,"event_name":"The Library","floor":19,"gold_loss":0,"cards_obtained":["Defragment"]},{"damage_healed":0,"gold_gain":0,"cards_transformed":["Strike_B"],"player_choice":"Transformed","damage_taken":0,"max_hp_gain":0,"max_hp_loss":0,"event_name":"Transmorgrifier","floor":20,"gold_loss":0,"cards_obtained":["Heatsinks"]},{"damage_healed":0,"gold_gain":0,"player_choice":"Gave Potion","damage_taken":0,"relics_obtained":["Mummified Hand"],"max_hp_gain":0,"max_hp_loss":0,"event_name":"WeMeetAgain","floor":24,"gold_loss":0},{"damage_healed":0,"gold_gain":0,"player_choice":"Memory 2","damage_taken":5,"max_hp_gain":0,"max_hp_loss":0,"event_name":"SensoryStone","floor":37,"gold_loss":0},{"damage_healed":0,"gold_gain":0,"player_choice":"Fight","damage_taken":0,"max_hp_gain":0,"max_hp_loss":0,"event_name":"MindBloom","floor":39,"gold_loss":0},{"damage_healed":0,"gold_gain":100,"player_choice":"Pray","damage_taken":0,"max_hp_gain":0,"max_hp_loss":0,"event_name":"Golden Shrine","floor":44,"gold_loss":0}],"is_beta":false,"boss_relics":[{"not_picked":["Runic Pyramid","Black Star"],"picked":"Snecko Eye"},{"not_picked":["Astrolabe","Sozu"],"picked":"Cursed Key"}],"items_purged_floors":[],"is_endless":false,"potions_floor_spawned":[3,5,10,16,23,25,30,35,38,45],"ascension_level":5}