{"gold_per_floor":[116,129,140,140,150,150,167,90,113,139,152,152,168,196,196,294,294,305,305,305,24,34,34,50,68,68,84,96,109,58,58,58,58],"floor_reached":33,"playtime":3022,"items_purged":[],"score":329,"play_id":"ac1b4d49-34fd-4d4a-9c48-a060c3741d8a","local_time":"20190223195530","is_ascension_mode":true,"campfire_choices":[{"data":"Setup","floor":6,"key":"SMITH"},{"data":"Noxious Fumes","floor":12,"key":"SMITH"},{"floor":15,"key":"REST"},{"data":"Cloak And Dagger","floor":23,"key":"SMITH"},{"data":"Catalyst","floor":32,"key":"SMITH"}],"neow_cost":"NONE","seed_source_timestamp":10523389590375,"circlet_count":0,"master_deck":["Defend_G","Defend_G","Defend_G","Defend_G","Defend_G","Strike_G","Strike_G","Strike_G","Strike_G","Strike_G","Survivor","Neutralize+1","Flying Knee","Setup+1","Escape Plan","Noxious Fumes+1","Leg Sweep","Deflect","Noxious Fumes","Malaise","After Image","PiercingWail+1","Footwork+1","Cloak And Dagger+1","Footwork+1","After Image+1","Cloak And Dagger","Deflect+1","Catalyst+1","Backflip"],"relics":["Ring of the Snake","Vajra","Lantern","Regal Pillow","WristBlade","Frozen Egg 2","Blue Candle"],"potions_floor_usage":[10,14,14,19,33,33,33],"damage_taken":[{"damage":13,"enemies":"2 Louse","floor":1,"turns":3},{"damage":0,"enemies":"Jaw Worm","floor":2,"turns":4},{"damage":0,"enemies":"Cultist","floor":3,"turns":4},{"damage":3,"enemies":"Looter","floor":5,"turns":4},{"damage":11,"enemies":"Red Slaver","floor":7,"turns":5},{"damage":9,"enemies":"3 Sentries","floor":10,"turns":8},{"damage":1,"enemies":"Large Slime","floor":11,"turns":6},{"damage":7,"enemies":"Gremlin Gang","floor":13,"turns":5},{"damage":14,"enemies":"Gremlin Nob","floor":14,"turns":4},{"damage":11,"enemies":"The Guardian","floor":16,"turns":10},{"damage":11,"enemies":"3 Byrds","floor":18,"turns":4},{"damage":13,"enemies":"Colosseum Slavers","floor":19,"turns":6},{"damage":0,"enemies":"Spheric Guardian","floor":22,"turns":6},{"damage":1,"enemies":"Centurion and Healer","floor":24,"turns":8},{"damage":20,"enemies":"3 Cultists","floor":25,"turns":8},{"damage":0,"enemies":"Snake Plant","floor":27,"turns":7},{"damage":0,"enemies":"Snecko","floor":28,"turns":6},{"damage":1,"enemies":"Centurion and Healer","floor":29,"turns":10},{"damage":61,"enemies":"Collector","floor":33,"turns":6}],"seed_played":"515084968952451521","potions_obtained":[{"floor":2,"key":"Explosive Potion"},{"floor":3,"key":"GamblersBrew"},{"floor":5,"key":"Dexterity Potion"},{"floor":11,"key":"PowerPotion"},{"floor":18,"key":"Explosive Potion"},{"floor":25,"key":"SteroidPotion"},{"floor":28,"key":"SteroidPotion"}],"is_trial":false,"path_per_floor":["M","M","M","?","M","R","M","$","T","E","M","R","M","E","R","B",null,"M","?","?","$","M","R","M","M","T","M","M","M","$","?","R","B"],"character_chosen":"THE_SILENT","items_purchased":["Leg Sweep","Frozen Egg 2","Footwork+1","Backflip"],"campfire_rested":1,"item_purchase_floors":[8,21,21,30],"current_hp_per_floor":[57,57,57,62,59,59,48,48,48,39,38,38,31,17,54,43,67,56,43,75,75,75,75,74,54,54,54,54,53,53,53,53,0],"gold":58,"neow_bonus":"UPGRADE_CARD","is_prod":false,"is_daily":false,"chose_seed":false,"campfire_upgraded":4,"win_rate":0,"timestamp":1550951730,"path_taken":["M","M","M","?","M","R","M","$","T","E","M","R","M","E","R","BOSS","M","?","?","$","M","R","?","M","T","M","M","M","$","?","R","BOSS"],"build_version":"2019-01-23","purchased_purges":0,"victory":false,"max_hp_per_floor":[70,70,70,75,75,75,75,75,75,75,75,75,75,75,75,75,75,75,75,75,75,75,75,75,75,75,75,75,75,75,75,75,75],"card_choices":[{"not_picked":["Skewer","Deflect"],"picked":"Flying Knee","floor":1},{"not_picked":["Caltrops","Sucker Punch"],"picked":"Setup","floor":2},{"not_picked":["Poisoned Stab","Prepared"],"picked":"Escape Plan","floor":3},{"not_picked":["Predator","Dagger Throw"],"picked":"Noxious Fumes","floor":5},{"not_picked":["Night Terror","Prepared"],"picked":"Masterful Stab","floor":7},{"not_picked":["Concentrate","Slice"],"picked":"Deflect","floor":10},{"not_picked":["Blade Dance","Deflect"],"picked":"Noxious Fumes","floor":11},{"not_picked":["Outmaneuver","Reflex","Deadly Poison"],"picked":"SKIP","floor":13},{"not_picked":["Outmaneuver","Prepared"],"picked":"Malaise","floor":14},{"not_picked":["Adrenaline","Envenom"],"picked":"After Image","floor":16},{"not_picked":["Skewer","Cloak And Dagger"],"picked":"PiercingWail+1","floor":18},{"not_picked":["PiercingWail+1","Acrobatics+1"],"picked":"Cloak And Dagger","floor":22},{"not_picked":["Terror+1","Blur"],"picked":"Footwork+1","floor":24},{"not_picked":["Flechettes","Slice"],"picked":"After Image+1","floor":25},{"not_picked":["Backflip","PiercingWail"],"picked":"Cloak And Dagger","floor":27},{"not_picked":["Leg Sweep","Prepared"],"picked":"Deflect+1","floor":28},{"not_picked":["All Out Attack","Backflip"],"picked":"Catalyst","floor":29}],"player_experience":543020,"relics_obtained":[{"floor":9,"key":"Vajra"},{"floor":10,"key":"Lantern"},{"floor":14,"key":"Regal Pillow"},{"floor":26,"key":"Blue Candle"}],"event_choices":[{"damage_healed":0,"gold_gain":0,"player_choice":"Donut","damage_taken":0,"max_hp_gain":5,"max_hp_loss":0,"event_name":"Big Fish","floor":4,"gold_loss":0},{"damage_healed":0,"gold_gain":0,"player_choice":"Fight","damage_taken":0,"max_hp_gain":0,"max_hp_loss":0,"event_name":"Colosseum","floor":19,"gold_loss":0},{"damage_healed":0,"gold_gain":0,"player_choice":"Fled From Nobs","damage_taken":0,"max_hp_gain":0,"max_hp_loss":0,"event_name":"Colosseum","floor":19,"gold_loss":0},{"cards_removed":["Masterful Stab"],"damage_healed":32,"gold_gain":0,"player_choice":"Offered Uncommon","damage_taken":0,"max_hp_gain":0,"max_hp_loss":0,"event_name":"Bonfire Elementals","floor":20,"gold_loss":0},{"damage_healed":0,"gold_gain":0,"player_choice":"Ignored","damage_taken":0,"max_hp_gain":0,"max_hp_loss":0,"event_name":"N\u0027loth","floor":31,"gold_loss":0}],"is_beta":false,"boss_relics":[{"not_picked":["Velvet Choker","Empty Cage"],"picked":"WristBlade"}],"items_purged_floors":[],"is_endless":false,"potions_floor_spawned":[2,3,5,11,13,18,19,25,28,29],"killed_by":"Collector","ascension_level":5}