{"gold_per_floor":[109,127,127,202,202,202,216,233,233,245,255,255,131,131,131,228,228,245,258,27,41,58,58,72,72,72,72],"floor_reached":27,"playtime":935,"items_purged":["Strike_B"],"score":207,"play_id":"4ed05759-3360-434f-bca5-4e48abfcca7d","local_time":"20190109213333","is_ascension_mode":false,"campfire_choices":[{"data":"Electrodynamics","floor":6.0,"key":"SMITH"},{"floor":15.0,"key":"REST"},{"floor":23,"key":"REST"}],"neow_cost":"NONE","seed_source_timestamp":58219652983191,"circlet_count":0,"master_deck":["Strike_B","Strike_B+1","Defend_B","Defend_B","Defend_B","Defend_B","Zap+1","Dualcast","Beam Cell","Conserve Battery","Electrodynamics+1","Sunder","Barrage","Static Discharge","Capacitor","Barrage","All For One","Thunder Strike","Static Discharge","Auto Shields","Hologram","Lockon","Beam Cell","Ball Lightning","Pain"],"special_seed":0,"relics":["Cracked Core","NeowsBlessing","FossilizedHelix","White Beast Statue","Runic Capacitor","WarpedTongs","Meat on the Bone"],"potions_floor_usage":[27],"damage_taken":[{"damage":0.0,"enemies":"Jaw Worm","floor":1.0,"turns":1.0},{"damage":0.0,"enemies":"Small Slimes","floor":2.0,"turns":1.0},{"damage":0.0,"enemies":"Cultist","floor":7.0,"turns":1.0},{"damage":0.0,"enemies":"3 Louse","floor":8.0,"turns":1.0},{"damage":0.0,"enemies":"2 Fungi Beasts","floor":10.0,"turns":2.0},{"damage":9.0,"enemies":"Lots of Slimes","floor":11.0,"turns":3.0},{"damage":17.0,"enemies":"Slime Boss","floor":16.0,"turns":7.0},{"damage":26.0,"enemies":"Shell Parasite","floor":18.0,"turns":6.0},{"damage":4,"enemies":"3 Byrds","floor":19,"turns":2},{"damage":12,"enemies":"Sentry and Sphere","floor":21,"turns":4},{"damage":5,"enemies":"Chosen and Byrds","floor":22,"turns":4},{"damage":20,"enemies":"Snake Plant","floor":24,"turns":4},{"damage":49,"enemies":"3 Cultists","floor":27,"turns":4}],"seed_played":"4632886026146086208","potions_obtained":[{"floor":7.0,"key":"Dexterity Potion"},{"floor":8.0,"key":"FearPotion"},{"floor":10.0,"key":"Regen Potion"}],"is_trial":false,"path_per_floor":["M","M","?","?","?","R","M","M","T","M","M","?","$","?","R","B",null,"M","M","$","M","M","R","M","?","T","M"],"character_chosen":"DEFECT","items_purchased":["Barrage","Runic Capacitor","Hologram"],"campfire_rested":2,"item_purchase_floors":[13,20,20],"current_hp_per_floor":[75,75,60,49,49,49,49,49,49,49,40,37,37,37,59,42,75,49,45,45,33,28,50,30,30,30,0],"gold":72,"neow_bonus":"THREE_ENEMY_KILL","is_prod":false,"is_daily":false,"chose_seed":false,"campfire_upgraded":1,"win_rate":0,"timestamp":1547087613,"path_taken":["M","M","?","?","?","R","?","M","T","M","M","?","$","?","R","BOSS","M","M","?","M","M","R","M","?","T","M"],"build_version":"2019-01-03v4","purchased_purges":1,"victory":false,"max_hp_per_floor":[75,75,75,75,75,75,75,75,75,75,75,75,75,75,75,75,75,75,75,75,75,75,75,75,75,75,75],"card_choices":[{"not_picked":["Conserve Battery","Streamline"],"picked":"Beam Cell","floor":1.0},{"not_picked":["Barrage","Rebound"],"picked":"Conserve Battery","floor":2.0},{"not_picked":["Rebound","Beam Cell"],"picked":"Sunder","floor":7.0},{"not_picked":["Double Energy","Rainbow"],"picked":"Barrage","floor":8.0},{"not_picked":["Rebound","Leap"],"picked":"Static Discharge","floor":10.0},{"not_picked":["Turbo","Melter"],"picked":"Capacitor","floor":11.0},{"not_picked":["Amplify","Electrodynamics"],"picked":"Thunder Strike","floor":16.0},{"not_picked":["Conserve Battery","Barrage"],"picked":"Static Discharge","floor":18.0},{"not_picked":["Reprogram","Undo"],"picked":"Auto Shields","floor":19},{"not_picked":["Undo","Chill"],"picked":"Lockon","floor":21},{"not_picked":["Skim+1","Leap"],"picked":"Beam Cell","floor":22},{"not_picked":["Chaos","Go for the Eyes"],"picked":"Ball Lightning","floor":24}],"player_experience":911546,"relics_obtained":[{"floor":26,"key":"Meat on the Bone"}],"event_choices":[{"damage_healed":0.0,"max_hp_gain":0.0,"max_hp_loss":0.0,"gold_gain":0.0,"event_name":"Shining Light","player_choice":"Entered Light","floor":3.0,"gold_loss":0.0,"damage_taken":15.0,"cards_upgraded":["Zap","Strike_B"]},{"damage_healed":0.0,"max_hp_gain":0.0,"max_hp_loss":0.0,"gold_gain":75.0,"event_name":"World of Goop","player_choice":"Gather Gold","floor":4.0,"gold_loss":0.0,"damage_taken":11.0},{"damage_healed":0.0,"max_hp_gain":0.0,"max_hp_loss":0.0,"gold_gain":0.0,"event_name":"Match and Keep!","player_choice":"1 cards matched","floor":5.0,"gold_loss":0.0,"damage_taken":0.0,"cards_obtained":["Electrodynamics"]},{"damage_healed":0.0,"max_hp_gain":0.0,"max_hp_loss":0.0,"gold_gain":0.0,"event_name":"Scrap Ooze","player_choice":"Success","floor":12.0,"gold_loss":0.0,"damage_taken":3.0,"relics_obtained":["FossilizedHelix"]},{"damage_healed":0.0,"max_hp_gain":0.0,"max_hp_loss":0.0,"gold_gain":0.0,"cards_transformed":["Strike_B"],"event_name":"Transmorgrifier","player_choice":"Transformed","floor":14.0,"gold_loss":0.0,"damage_taken":0.0,"cards_obtained":["All For One"]},{"damage_healed":0,"gold_gain":0,"player_choice":"Rummage","damage_taken":0,"relics_obtained":["WarpedTongs"],"max_hp_gain":0,"max_hp_loss":0,"event_name":"Accursed Blacksmith","floor":25,"gold_loss":0,"cards_obtained":["Pain"]}],"is_beta":false,"boss_relics":[{"not_picked":["Fusion Hammer","Black Star"],"picked":"White Beast Statue"}],"items_purged_floors":[13],"is_endless":false,"potions_floor_spawned":[7,8,10,11,18,19,21,22,24],"killed_by":"3 Cultists","ascension_level":0}