{"gold_per_floor":[112,131,131,131,56,83,8,8,8,27,37,47,47,47,47,143,143,162,77,77,97,97,97,112,112,136,152,166,42,42,53,53,157,157,173,173,186,186,61,61,73,73,73,73,99,111,121,2,2,2],"floor_reached":51,"playtime":3887,"items_purged":["Defend_G","Underhanded Strike","Dagger Spray","Slice"],"score":797,"play_id":"258376ca-d823-4b00-8737-0453a0923e81","local_time":"20181016210154","is_ascension_mode":true,"campfire_choices":[{"floor":8.0,"key":"REST"},{"data":"Well Laid Plans","floor":13.0,"key":"SMITH"},{"data":"Neutralize","floor":15.0,"key":"SMITH"},{"data":"Acrobatics","floor":23.0,"key":"SMITH"},{"data":"Calculated Gamble","floor":30.0,"key":"SMITH"},{"floor":32.0,"key":"REST"},{"data":"A Thousand Cuts","floor":40.0,"key":"SMITH"},{"data":"Madness","floor":44,"key":"SMITH"},{"floor":49,"key":"REST"}],"neow_cost":"NONE","seed_source_timestamp":573305014317575,"circlet_count":0,"master_deck":["Survivor","Neutralize+1","Escape Plan","Footwork","Heel Hook+1","Well Laid Plans+1","Dodge and Roll","Quick Slash","Outmaneuver","Sucker Punch","Calculated Gamble+1","Escape Plan+1","Acrobatics+1","After Image","Backflip","Calculated Gamble+1","A Thousand Cuts+1","Madness","Madness+1","Calculated Gamble+1","Escape Plan"],"special_seed":0,"relics":["Ring of the Snake","Lantern","Whetstone","Pandora\u0027s Box","Singing Bowl","Vajra","Blood Vial","Smiling Mask","Prayer Wheel"],"potions_floor_usage":[41],"damage_taken":[{"damage":3.0,"enemies":"Small Slimes","floor":1.0,"turns":4.0},{"damage":0.0,"enemies":"2 Louse","floor":2.0,"turns":3.0},{"damage":48.0,"enemies":"Gremlin Nob","floor":6.0,"turns":7.0},{"damage":0.0,"enemies":"Cultist","floor":10.0,"turns":3.0},{"damage":0.0,"enemies":"Blue Slaver","floor":11.0,"turns":4.0},{"damage":0.0,"enemies":"Looter","floor":12.0,"turns":3.0},{"damage":16.0,"enemies":"Slime Boss","floor":16.0,"turns":13.0},{"damage":3.0,"enemies":"Shell Parasite","floor":18.0,"turns":4.0},{"damage":7.0,"enemies":"Spheric Guardian","floor":21.0,"turns":3.0},{"damage":9.0,"enemies":"Snake Plant","floor":24.0,"turns":7.0},{"damage":14.0,"enemies":"Sentry and Sphere","floor":27.0,"turns":5.0},{"damage":10.0,"enemies":"3 Cultists","floor":28.0,"turns":4.0},{"damage":0.0,"enemies":"Snecko","floor":31.0,"turns":6.0},{"damage":0.0,"enemies":"Automaton","floor":33.0,"turns":9.0},{"damage":10.0,"enemies":"3 Shapes","floor":35.0,"turns":3.0},{"damage":32.0,"enemies":"3 Darklings","floor":37.0,"turns":3.0},{"damage":16,"enemies":"Reptomancer","floor":41,"turns":3},{"damage":1,"enemies":"Nemesis","floor":45,"turns":4},{"damage":2,"enemies":"Sphere and 2 Shapes","floor":46,"turns":4},{"damage":17,"enemies":"3 Darklings","floor":47,"turns":3},{"damage":2,"enemies":"Awakened One","floor":50,"turns":3}],"seed_played":"483967987282638985","potions_obtained":[{"floor":6.0,"key":"SneckoOil"},{"floor":11.0,"key":"EssenceOfSteel"},{"floor":16.0,"key":"GhostInAJar"},{"floor":18.0,"key":"Swift Potion"},{"floor":24.0,"key":"PowerPotion"},{"floor":35.0,"key":"GhostInAJar"},{"floor":47,"key":"AttackPotion"}],"is_trial":false,"path_per_floor":["M","M","?","?","$","E","$","R","T","M","M","M","R","?","R","B",null,"M","?","?","M","?","R","M","?","T","M","M","$","R","M","R","B",null,"M","?","M","?","$","R","M","?","T","R","E","M","M","$","R","B"],"character_chosen":"THE_SILENT","items_purchased":["Footwork","Backflip","Escape Plan"],"campfire_rested":3,"item_purchase_floors":[5,29,48],"current_hp_per_floor":[74,74,67,67,67,19,19,42,42,42,42,42,42,42,42,26,77,74,74,74,67,67,67,60,57,57,47,41,41,41,43,67,69,83,75,64,36,76,76,76,62,62,62,62,65,67,56,56,81,81],"gold":2,"neow_bonus":"TEN_PERCENT_HP_BONUS","is_prod":false,"is_daily":false,"chose_seed":false,"campfire_upgraded":6,"win_rate":0,"timestamp":1539738114,"path_taken":["M","M","?","?","$","E","$","R","T","M","M","?","R","?","R","BOSS","M","?","?","?","?","R","M","?","T","M","M","$","R","M","R","BOSS","M","?","M","?","$","R","M","?","T","R","E","M","?","$","R","BOSS"],"build_version":"2018-10-11","purchased_purges":4,"victory":true,"max_hp_per_floor":[77,77,77,77,77,77,77,77,77,77,77,77,77,77,77,77,77,77,77,77,77,77,77,79,79,79,81,83,83,83,83,83,83,83,85,85,87,76,76,76,78,78,78,78,80,82,86,86,86,86],"card_choices":[{"not_picked":["Acrobatics","Dodge and Roll"],"picked":"Escape Plan","floor":1.0},{"not_picked":["Outmaneuver","Accuracy"],"picked":"Dagger Spray","floor":2.0},{"not_picked":["Concentrate","Backstab"],"picked":"Heel Hook","floor":6.0},{"not_picked":["Dagger Spray","Dash","Endless Agony"],"picked":"SKIP","floor":10.0},{"not_picked":["Skewer","Deflect","Underhanded Strike"],"picked":"SKIP","floor":11.0},{"not_picked":["Deflect","Quick Slash"],"picked":"Well Laid Plans","floor":12.0},{"not_picked":["Deadly Poison","Cloak And Dagger"],"picked":"Escape Plan+1","floor":18.0},{"not_picked":["Escape Plan","Well Laid Plans"],"picked":"Acrobatics","floor":21.0},{"not_picked":["Blade Dance","Quick Slash","Prepared"],"picked":"Singing Bowl","floor":24.0},{"not_picked":["Poisoned Stab","Sucker Punch+1","Terror"],"picked":"Singing Bowl","floor":27.0},{"not_picked":["Deflect","Quick Slash","Dagger Spray"],"picked":"Singing Bowl","floor":28.0},{"not_picked":["Accuracy","Cloak And Dagger"],"picked":"Calculated Gamble+1","floor":31.0},{"not_picked":["Burst","Tools of the Trade"],"picked":"A Thousand Cuts","floor":33.0},{"not_picked":["Predator","Underhanded Strike","Deadly Poison"],"picked":"Singing Bowl","floor":35.0},{"not_picked":["Eviscerate","Blur","Catalyst+1"],"picked":"Singing Bowl","floor":37.0},{"not_picked":["Prepared","Blade Dance+1","Deadly Poison+1"],"picked":"Singing Bowl","floor":41},{"not_picked":["Backflip","Bane+1","Dagger Throw"],"picked":"Singing Bowl","floor":45},{"not_picked":["Expertise+1","Storm of Steel","Deadly Poison+1"],"picked":"Singing Bowl","floor":46},{"not_picked":["Poisoned Stab","Flying Knee+1"],"picked":"Calculated Gamble+1","floor":46},{"not_picked":["Blur","Backflip","Acrobatics+1"],"picked":"Singing Bowl","floor":47},{"not_picked":["Crippling Poison+1","Flying Knee+1","Acrobatics"],"picked":"Singing Bowl","floor":47}],"player_experience":632542,"relics_obtained":[{"floor":6.0,"key":"Lantern"},{"floor":9.0,"key":"Whetstone"},{"floor":20.0,"key":"Vajra"},{"floor":26.0,"key":"Blood Vial"},{"floor":43,"key":"Smiling Mask"},{"floor":45,"key":"Prayer Wheel"}],"event_choices":[{"event_name":"Golden Wing","player_choice":"Card Removal","floor":3.0,"damage_taken":0.0},{"event_name":"Bonfire Elementals","player_choice":"BASIC","floor":4.0,"damage_taken":0.0},{"event_name":"The Cleric","player_choice":"Leave","floor":14.0,"damage_taken":0.0},{"event_name":"Addict","player_choice":"Obtained Relic","floor":19.0,"damage_taken":0.0},{"event_name":"Wheel of Change","player_choice":"Relic","floor":20.0,"damage_taken":0.0},{"event_name":"Match and Keep!","player_choice":"1 cards matched","floor":22.0,"damage_taken":0.0},{"event_name":"Designer","player_choice":"Punch","floor":25.0,"damage_taken":0.0},{"event_name":"Winding Halls","player_choice":"Embrace Madness","floor":36.0,"damage_taken":0.0},{"event_name":"The Moai Head","player_choice":"Heal","floor":38.0,"damage_taken":0.0},{"event_name":"FaceTrader","player_choice":"Leave","floor":42,"damage_taken":0}],"is_beta":false,"boss_relics":[{"not_picked":["Runic Pyramid","Snecko Eye"],"picked":"Pandora\u0027s Box"},{"not_picked":["Velvet Choker","Coffee Dripper","HoveringKite"]}],"items_purged_floors":[7,29,39,48],"is_endless":false,"potions_floor_spawned":[6,11,16,18,24,28,31,35,47],"ascension_level":2}