{"gold_per_floor":[116,116,140,165,240,240,263,263,310,353,81,94,94,133,133,254,254,277,277,277],"floor_reached":20,"playtime":1850,"items_purged":["Regret"],"score":182,"play_id":"87b031cb-dbc2-47d1-aadf-5d782f11028e","local_time":"20181002201159","is_ascension_mode":false,"campfire_choices":[{"data":"Heavy Blade","floor":6,"key":"SMITH"},{"floor":8,"key":"REST"},{"floor":13,"key":"REST"},{"floor":15,"key":"REST"}],"neow_cost":"CURSE","seed_source_timestamp":1649323847364518,"circlet_count":0,"master_deck":["Strike_R","Strike_R","Strike_R","Strike_R","Strike_R","Defend_R+1","Defend_R","Defend_R","Defend_R","Bash","Headbutt","Flex","Heavy Blade+1","Berserk","Flex","Warcry+1","Armaments","Double Tap","Writhe","Shame","Doubt"],"relics":["Burning Blood","FossilizedHelix","Golden Idol","Dream Catcher","Happy Flower","ClockworkSouvenir","Regal Pillow","Calling Bell","Incense Burner","War Paint","Matryoshka"],"potions_floor_usage":[14,16,20],"damage_taken":[{"damage":4,"enemies":"Jaw Worm","floor":1,"turns":4},{"damage":2,"enemies":"2 Louse","floor":3,"turns":3},{"damage":8,"enemies":"Small Slimes","floor":4,"turns":3},{"damage":30,"enemies":"Red Slaver","floor":7,"turns":6},{"damage":28,"enemies":"Gremlin Nob","floor":10,"turns":4},{"damage":0,"enemies":"Exordium Wildlife","floor":12,"turns":3},{"damage":22,"enemies":"Lagavulin","floor":14,"turns":4},{"damage":41,"enemies":"Slime Boss","floor":16,"turns":10},{"damage":16,"enemies":"Chosen","floor":18,"turns":5},{"damage":46,"enemies":"Colosseum Slavers","floor":20,"turns":8},{"damage":54,"enemies":"Colosseum Nobs","floor":20,"turns":3}],"seed_played":"-6439214202951284379","potions_obtained":[{"floor":3,"key":"Energy Potion"},{"floor":4,"key":"Block Potion"},{"floor":7,"key":"Weak Potion"},{"floor":18,"key":"BloodPotion"}],"is_trial":false,"path_per_floor":["M","?","M","M","?","R","M","R","T","E","$","M","R","E","R","B",null,"M","?"],"character_chosen":"IRONCLAD","items_purchased":["ClockworkSouvenir"],"campfire_rested":3,"item_purchase_floors":[11],"current_hp_per_floor":[80,60,64,62,51,51,27,51,51,29,29,35,59,43,80,45,80,70,70,0],"gold":277,"neow_bonus":"ONE_RARE_RELIC","is_prod":false,"is_daily":false,"chose_seed":false,"campfire_upgraded":1,"win_rate":0,"timestamp":1538507519,"path_taken":["M","?","M","M","?","R","M","R","T","E","$","M","R","E","R","BOSS","M","?","?"],"build_version":"2018-09-27","purchased_purges":1,"victory":false,"max_hp_per_floor":[80,80,80,80,80,80,80,80,80,80,80,80,80,80,80,80,80,80,80,80],"card_choices":[{"not_picked":["Anger","Disarm"],"picked":"Headbutt","floor":1},{"not_picked":["Warcry","Disarm"],"picked":"Flex","floor":3},{"not_picked":["Shrug It Off","Body Slam"],"picked":"Heavy Blade","floor":4},{"not_picked":["Thunderclap","Wild Strike"],"picked":"Berserk","floor":7},{"not_picked":["Dark Embrace","Second Wind","Iron Wave"],"picked":"SKIP","floor":10},{"not_picked":["True Grit","Wild Strike","Shockwave"],"picked":"SKIP","floor":12},{"not_picked":["Anger","Twin Strike"],"picked":"Flex","floor":13},{"not_picked":["Headbutt","Twin Strike"],"picked":"Warcry","floor":14},{"not_picked":["Reckless Charge","Body Slam"],"picked":"Armaments","floor":15},{"not_picked":["Reaper","Offering"],"picked":"Double Tap","floor":16},{"not_picked":["Pommel Strike","Sever Soul","Havoc"],"picked":"SKIP","floor":18}],"player_experience":177966,"relics_obtained":[{"floor":9,"key":"Dream Catcher"},{"floor":10,"key":"Happy Flower"},{"floor":14,"key":"Regal Pillow"},{"floor":17,"key":"Incense Burner"},{"floor":17,"key":"War Paint"},{"floor":17,"key":"Matryoshka"}],"event_choices":[{"event_name":"Golden Idol","player_choice":"Take Damage","floor":2,"damage_taken":0},{"event_name":"World of Goop","player_choice":"Gather Gold","floor":5,"damage_taken":0},{"event_name":"Vampires","player_choice":"Ignored","floor":19,"damage_taken":0},{"event_name":"Colosseum","player_choice":"Fight","floor":20,"damage_taken":0},{"event_name":"Colosseum","player_choice":"Fought Nobs","floor":20,"damage_taken":0}],"is_beta":false,"boss_relics":[{"not_picked":["Sozu","Busted Crown"],"picked":"Calling Bell"}],"items_purged_floors":[11],"is_endless":false,"potions_floor_spawned":[3,4,7,18],"killed_by":"Colosseum Nobs","ascension_level":0}