{"path_per_floor":["M","M","?","$","M","E","M","M","T","M","M","?","?","M","R","B"],"character_chosen":"IRONCLAD","items_purchased":["Battle Trance"],"gold_per_floor":[113,127,77,42,54,84,104,119,119,136,146,146,146,158,158,256],"floor_reached":17,"campfire_rested":0,"playtime":806,"current_hp_per_floor":[80,75,75,75,80,50,56,46,46,42,33,17,17,32,32,15],"items_purged":[],"gold":256,"score":161,"play_id":"fd2d7004-1a87-4dd6-9569-79ac55cd9c47","local_time":"20180302211007","is_prod":false,"is_daily":false,"is_ascension_mode":false,"campfire_upgraded":1,"timestamp":1520043007,"path_taken":["M","M","?","?","M","E","M","M","T","?","?","?","?","M","R","BOSS"],"build_version":"2018-03-01-PROD1","purchased_purges":0,"victory":false,"master_deck":["Strike_R","Strike_R","Strike_R","Strike_R","Defend_R","Defend_R","Defend_R","Defend_R","Bash+1","Impervious","Power Through","Sentinel","Battle Trance+1","Sever Soul","Second Wind","Armaments","Rampage","Corruption","Headbutt+1","Body Slam","Double Tap"],"max_hp_per_floor":[80,80,80,80,80,80,80,80,80,80,80,80,80,80,80,80],"relics":["Burning Blood","Gambling Chip","Sundial"],"card_choices":[{"not_picked":["True Grit","Havoc"],"picked":"Power Through"},{"not_picked":["Thunderclap","Sword Boomerang"],"picked":"Sentinel"},{"not_picked":["Sentinel","Perfected Strike"],"picked":"Sever Soul"},{"not_picked":["Thunderclap","Flex"],"picked":"Second Wind"},{"not_picked":["Limit Break","Twin Strike"],"picked":"Armaments"},{"not_picked":["Sever Soul","Cleave"],"picked":"Rampage"},{"not_picked":["Body Slam","Pummel"],"picked":"Corruption"},{"not_picked":["Perfected Strike","Body Slam"],"picked":"Headbutt"},{"not_picked":["Wild Strike","Havoc"],"picked":"Body Slam"},{"not_picked":["Dark Embrace","Exhume"],"picked":"Double Tap"}],"player_experience":64864,"potions_floor_usage":[14,14,16,16],"damage_taken":[{"damage":3,"enemies":"Small Slimes","floor":1,"turns":4},{"damage":11,"enemies":"2 Louse","floor":2,"turns":2},{"damage":1,"enemies":"Cultist","floor":5,"turns":5},{"damage":36,"enemies":"Lagavulin","floor":6,"turns":9},{"damage":0,"enemies":"Red Slaver","floor":7,"turns":4},{"damage":16,"enemies":"Lots of Slimes","floor":8,"turns":6},{"damage":10,"enemies":"3 Louse","floor":10,"turns":5},{"damage":15,"enemies":"2 Fungi Beasts","floor":11,"turns":4},{"damage":0,"enemies":"Gremlin Gang","floor":14,"turns":5},{"damage":23,"enemies":"Hexaghost","floor":16,"turns":7}],"event_choices":[{"event_name":"The Cleric","player_choice":"Card Removal","floor":3,"damage_taken":0},{"event_name":"Shining Light","player_choice":"Entered Light","floor":12,"damage_taken":0},{"event_name":"The Lab","player_choice":"Got Potions","floor":13,"damage_taken":0}],"boss_relics":[],"potions_floor_spawned":[6,7,11,14,16],"seed_played":"6791912132027131701","ascension_level":0,"is_trial":false}