{"gold_per_floor":[113,93,106,106,116,141,158,158,208,208],"floor_reached":10,"playtime":745,"items_purged":[],"score":102,"play_id":"d8b9f218-e8a9-4bc8-a697-4ede405eeca8","local_time":"20190301122428","is_ascension_mode":true,"campfire_choices":[{"data":"Wraith Form v2","floor":8,"key":"SMITH"}],"neow_cost":"NONE","seed_source_timestamp":147970920848200,"circlet_count":0,"master_deck":["AscendersBane","Defend_G","Defend_G","Defend_G","Defend_G","Defend_G","Strike_G","Strike_G","Strike_G","Strike_G","Strike_G","Survivor","Neutralize","Riddle With Holes","PiercingWail","Forethought","Neutralize","Wraith Form v2+1","A Thousand Cuts","Crippling Poison","Blade Dance"],"relics":["Ring of the Snake","Shuriken","Blood Vial"],"potions_floor_usage":[6,10],"damage_taken":[{"damage":4,"enemies":"2 Louse","floor":1,"turns":3},{"damage":0,"enemies":"Small Slimes","floor":3,"turns":3},{"damage":10,"enemies":"Cultist","floor":5,"turns":6},{"damage":23,"enemies":"Gremlin Nob","floor":6,"turns":5},{"damage":10,"enemies":"Exordium Thugs","floor":7,"turns":4},{"damage":27,"enemies":"Lagavulin","floor":10,"turns":7}],"seed_played":"4409942996835289003","potions_obtained":[{"floor":1,"key":"FearPotion"},{"floor":6,"key":"Weak Potion"}],"is_trial":false,"path_per_floor":["M","?","M","?","M","E","M","R","T","E"],"character_chosen":"THE_SILENT","items_purchased":[],"campfire_rested":0,"item_purchase_floors":[],"current_hp_per_floor":[66,66,66,66,56,33,23,23,23,0],"gold":208,"neow_bonus":"TEN_PERCENT_HP_BONUS","is_prod":false,"is_daily":false,"chose_seed":false,"campfire_upgraded":1,"win_rate":0,"timestamp":1551461068,"path_taken":["M","?","M","?","M","E","?","R","T","E"],"build_version":"2019-01-23","purchased_purges":0,"victory":false,"max_hp_per_floor":[77,77,77,77,77,77,77,77,77,77],"card_choices":[{"not_picked":["Tactician","Dodge and Roll"],"picked":"Riddle With Holes","floor":1},{"not_picked":["Outmaneuver","Deadly Poison"],"picked":"PiercingWail","floor":3},{"not_picked":["Dagger Throw","Flying Knee"],"picked":"A Thousand Cuts","floor":5},{"not_picked":["Distraction","Acrobatics"],"picked":"Crippling Poison","floor":6},{"not_picked":["Sucker Punch","Heel Hook"],"picked":"Blade Dance","floor":7}],"player_experience":286895,"relics_obtained":[{"floor":6,"key":"Shuriken"},{"floor":9,"key":"Blood Vial"}],"event_choices":[{"damage_healed":0,"gold_gain":0,"player_choice":"Left Gold","damage_taken":0,"max_hp_gain":0,"max_hp_loss":0,"event_name":"World of Goop","floor":2,"gold_loss":20},{"damage_healed":0,"gold_gain":0,"player_choice":"3 cards matched","damage_taken":0,"max_hp_gain":0,"max_hp_loss":0,"event_name":"Match and Keep!","floor":4,"gold_loss":0,"cards_obtained":["Forethought","Neutralize","Wraith Form v2"]}],"is_beta":false,"boss_relics":[],"items_purged_floors":[],"is_endless":false,"potions_floor_spawned":[1,6],"killed_by":"Lagavulin","ascension_level":10}