{"gold_per_floor":[113,131,131,147,158,193,193,145,145,145,180,190,190,206,206,308,308,322,334,334,353,369,369],"floor_reached":23,"playtime":1278,"items_purged":[],"score":205,"play_id":"ddc4ba0e-8d40-444f-af7c-d667c4d84bdb","local_time":"20190221224540","is_ascension_mode":false,"campfire_choices":[{"data":"Zap","floor":7.0,"key":"SMITH"},{"data":"Hologram","floor":10.0,"key":"SMITH"},{"data":"Streamline","floor":13.0,"key":"SMITH"},{"data":"Conserve Battery","floor":15.0,"key":"SMITH"}],"neow_cost":"NONE","seed_source_timestamp":2797665125496511,"circlet_count":0,"master_deck":["Strike_B","Strike_B","Strike_B","Strike_B","Defend_B","Defend_B","Defend_B","Defend_B","Zap+1","Dualcast","Streamline","Ball Lightning","Conserve Battery+1","Streamline+1","Hologram+1","Lockon","Echo Form","Streamline+1","Meteor Strike"],"special_seed":0,"relics":["Runic Dome","Calipers","Mango","Incense Burner","Philosopher\u0027s Stone"],"potions_floor_usage":[19,22,23],"damage_taken":[{"damage":3.0,"enemies":"Small Slimes","floor":1.0,"turns":3.0},{"damage":0.0,"enemies":"Cultist","floor":2.0,"turns":3.0},{"damage":1.0,"enemies":"Jaw Worm","floor":4.0,"turns":4.0},{"damage":0.0,"enemies":"Exordium Wildlife","floor":5.0,"turns":2.0},{"damage":31.0,"enemies":"Gremlin Nob","floor":6.0,"turns":4.0},{"damage":14.0,"enemies":"Lagavulin","floor":11.0,"turns":5.0},{"damage":0.0,"enemies":"Large Slime","floor":12.0,"turns":5.0},{"damage":0.0,"enemies":"2 Fungi Beasts","floor":14.0,"turns":2.0},{"damage":15.0,"enemies":"Hexaghost","floor":16.0,"turns":7.0},{"damage":10.0,"enemies":"Shell Parasite","floor":18.0,"turns":3.0},{"damage":9,"enemies":"3 Byrds","floor":19,"turns":3},{"damage":20,"enemies":"Shelled Parasite and Fungi","floor":21,"turns":4},{"damage":44,"enemies":"Chosen and Byrds","floor":22,"turns":5},{"damage":23,"enemies":"Book of Stabbing","floor":23,"turns":5}],"seed_played":"-3372044910148788360","potions_obtained":[{"floor":1.0,"key":"SneckoOil"},{"floor":6.0,"key":"EssenceOfSteel"},{"floor":12.0,"key":"Regen Potion"},{"floor":16.0,"key":"LiquidBronze"},{"floor":18.0,"key":"Block Potion"},{"floor":21,"key":"Regen Potion"}],"is_trial":false,"path_per_floor":["M","M","?","M","M","E","R","$","T","R","E","M","R","M","R","B",null,"M","M","?","M","M","E"],"character_chosen":"DEFECT","items_purchased":["Hologram"],"campfire_rested":0,"item_purchase_floors":[8],"current_hp_per_floor":[72,72,75,74,74,43,43,43,57,57,43,43,43,43,43,43,89,79,70,70,50,20,0],"gold":369,"neow_bonus":"BOSS_RELIC","is_prod":false,"is_daily":false,"chose_seed":false,"campfire_upgraded":4,"win_rate":0,"timestamp":1550810740,"path_taken":["M","M","?","M","?","E","R","$","T","R","E","M","R","M","R","BOSS","M","M","?","M","M","E"],"build_version":"2019-01-23","purchased_purges":0,"victory":false,"max_hp_per_floor":[75,75,75,75,75,75,75,75,89,89,89,89,89,89,89,89,89,89,89,89,89,89,89],"card_choices":[{"not_picked":["Stack","Go for the Eyes"],"picked":"Defragment","floor":1.0},{"not_picked":["Aggregate","Storm"],"picked":"Streamline","floor":2.0},{"not_picked":["Streamline","Compile Driver"],"picked":"Ball Lightning","floor":4.0},{"not_picked":["Stack","Coolheaded"],"picked":"Conserve Battery","floor":5.0},{"not_picked":["Turbo","Gash"],"picked":"Streamline","floor":6.0},{"not_picked":["Sweeping Beam","Hyperbeam"],"picked":"Lockon","floor":11.0},{"not_picked":["Sweeping Beam","Skim","Streamline"],"picked":"SKIP","floor":12.0},{"not_picked":["Streamline","Go for the Eyes","Sweeping Beam"],"picked":"SKIP","floor":14.0},{"not_picked":["Rainbow","Reboot"],"picked":"Echo Form","floor":16.0},{"not_picked":["Sweeping Beam","FTL"],"picked":"Streamline+1","floor":18.0},{"not_picked":["Coolheaded+1","Rebound"],"picked":"Meteor Strike","floor":19},{"not_picked":["Go for the Eyes","Steam+1","Doom and Gloom"],"picked":"SKIP","floor":21},{"not_picked":["Beam Cell+1","Sweeping Beam","Streamline"],"picked":"SKIP","floor":22}],"player_experience":577260,"relics_obtained":[{"floor":6.0,"key":"Calipers"},{"floor":9.0,"key":"Mango"},{"floor":11.0,"key":"Incense Burner"}],"event_choices":[{"cards_removed":["Defragment"],"damage_healed":3.0,"max_hp_gain":0.0,"max_hp_loss":0.0,"gold_gain":0.0,"event_name":"Bonfire Elementals","player_choice":"Offered Uncommon","floor":3.0,"gold_loss":0.0,"damage_taken":0.0},{"damage_healed":0,"gold_gain":0,"player_choice":"Ignored","damage_taken":0,"max_hp_gain":0,"max_hp_loss":0,"event_name":"Ghosts","floor":20,"gold_loss":0}],"is_beta":false,"boss_relics":[{"not_picked":["Astrolabe","Empty Cage"],"picked":"Philosopher\u0027s Stone"}],"items_purged_floors":[],"is_endless":false,"potions_floor_spawned":[1,6,12,16,18,21],"killed_by":"Book of Stabbing","ascension_level":0}