{"path_per_floor":["M","M","M","?","?","R","M","M","T","M","M","$","M","?","R","B",null,"M","?","M"],"character_chosen":"THE_SILENT","items_purchased":["Escape Plan"],"gold_per_floor":[115,135,148,148,148,148,166,187,187,200,214,68,83,83,83,206,206,222,137,155,155],"floor_reached":21,"campfire_rested":1,"playtime":1273,"current_hp_per_floor":[66,67,68,68,68,68,66,59,66,61,47,47,45,45,69,46,74,48,48,17,0],"items_purged":["Injury"],"gold":155,"score":219,"play_id":"f0250238-c657-49bd-82b2-eae0c9fa4cbb","local_time":"20180403013434","is_prod":false,"is_daily":false,"is_ascension_mode":true,"campfire_upgraded":1,"timestamp":1522733674,"path_taken":["M","M","?","?","?","R","?","M","T","M","M","$","M","?","R","BOSS","M","?","M","M"],"build_version":"2018-03-29v2","purchased_purges":1,"victory":false,"master_deck":["Defend_G","Defend_G","Defend_G","Strike_G","Strike_G","Strike_G","Strike_G","Strike_G","Survivor","Neutralize","Dodge and Roll+1","Poisoned Stab","Predator","Acrobatics","After Image","Escape Plan","Heel Hook","Backflip","Dash+1"],"max_hp_per_floor":[70,72,74,74,74,74,74,74,81,81,81,81,81,81,81,83,83,83,83,83,83],"relics":["Ring of the Snake","Singing Bowl","Golden Idol","Strawberry","Eternal Feather","Question Card"],"card_choices":[{"not_picked":["Outmaneuver","Flechettes"],"picked":"Dodge and Roll","floor":1},{"not_picked":["PiercingWail","Slice"],"picked":"Poisoned Stab","floor":7},{"not_picked":["Acrobatics","Outmaneuver"],"picked":"Predator","floor":8},{"not_picked":["Deflect","Setup"],"picked":"Acrobatics","floor":10},{"not_picked":["Bouncing Flask","Endless Agony"],"picked":"After Image","floor":11},{"not_picked":["Outmaneuver","Reflex"],"picked":"Heel Hook","floor":13},{"not_picked":["Deadly Poison","Terror"],"picked":"Backflip","floor":18},{"not_picked":["Reflex","Blade Dance","PiercingWail"],"picked":"Dash","floor":20}],"player_experience":382772,"potions_floor_usage":[11,16,18,21],"damage_taken":[{"damage":4,"enemies":"Cultist","floor":1,"turns":4},{"damage":1,"enemies":"2 Louse","floor":2,"turns":4},{"damage":1,"enemies":"Jaw Worm","floor":3,"turns":4},{"damage":2,"enemies":"Blue Slaver","floor":7,"turns":6},{"damage":7,"enemies":"3 Louse","floor":8,"turns":5},{"damage":5,"enemies":"Looter","floor":10,"turns":4},{"damage":14,"enemies":"Gremlin Gang","floor":11,"turns":4},{"damage":2,"enemies":"Blue Slaver","floor":13,"turns":4},{"damage":25,"enemies":"Slime Boss","floor":16,"turns":12},{"damage":26,"enemies":"Chosen","floor":18,"turns":8},{"damage":31,"enemies":"3 Byrds","floor":20,"turns":7},{"damage":17,"enemies":"3 Cultists","floor":21,"turns":2}],"event_choices":[{"event_name":"Living Wall","player_choice":"Forget","floor":4,"damage_taken":0},{"event_name":"Golden Idol","player_choice":"Take Wound","floor":5,"damage_taken":0},{"event_name":"Purifier","player_choice":"One Purge","floor":14,"damage_taken":0},{"event_name":"Addict","player_choice":"Obtained Relic","floor":19,"damage_taken":0}],"boss_relics":[{"not_picked":["Calling Bell","The Specimen"],"picked":"Eternal Feather"}],"potions_floor_spawned":[1,2,13,16],"seed_played":"8121480863149526493","killed_by":"3 Cultists","ascension_level":5,"is_trial":false}