{"gold_per_floor":[115,134,151,0,0,31,51,110,110,123,123,151,167,192,192,192],"floor_reached":16,"playtime":1298,"items_purged":["Strike_R"],"score":134,"play_id":"e7beb429-27b5-435d-8859-6285c49915fc","local_time":"20190202145404","is_ascension_mode":true,"campfire_choices":[{"data":"Armaments","floor":15,"key":"SMITH"}],"neow_cost":"NONE","seed_source_timestamp":1135463277647118,"circlet_count":0,"master_deck":["Strike_R","Strike_R","Strike_R","Strike_R","Defend_R","Defend_R","Defend_R","Defend_R","Bash","Inflame","Cleave","Rampage","Twin Strike","True Grit","Headbutt","Regret","Battle Trance","Clothesline","Thunderclap","Armaments+1","Iron Wave"],"relics":["Burning Blood","Gambling Chip","Shuriken","Paper Frog","Gremlin Horn","GremlinMask","Omamori","Boot"],"potions_floor_usage":[12,16,16],"damage_taken":[{"damage":3,"enemies":"Jaw Worm","floor":1,"turns":5},{"damage":0,"enemies":"Small Slimes","floor":2,"turns":3},{"damage":1,"enemies":"Cultist","floor":3,"turns":3},{"damage":14,"enemies":"Gremlin Nob","floor":6,"turns":3},{"damage":2,"enemies":"2 Fungi Beasts","floor":7,"turns":3},{"damage":28,"enemies":"3 Sentries","floor":8,"turns":6},{"damage":9,"enemies":"Looter","floor":10,"turns":3},{"damage":13,"enemies":"Lagavulin","floor":12,"turns":4},{"damage":11,"enemies":"Red Slaver","floor":13,"turns":4},{"damage":22,"enemies":"3 Sentries","floor":14,"turns":5},{"damage":25,"enemies":"The Guardian","floor":16,"turns":8}],"seed_played":"4915959106250166729","potions_obtained":[{"floor":6,"key":"SteroidPotion"},{"floor":7,"key":"Energy Potion"},{"floor":12,"key":"Ancient Potion"},{"floor":13,"key":"Fire Potion"}],"is_trial":false,"path_per_floor":["M","M","M","$","?","E","M","?","T","M","?","E","M","E","R","B"],"character_chosen":"IRONCLAD","items_purchased":["True Grit","Headbutt"],"campfire_rested":0,"item_purchase_floors":[4,4],"current_hp_per_floor":[80,80,80,80,80,72,76,54,54,51,51,44,39,23,23,0],"gold":192,"neow_bonus":"THREE_CARDS","is_prod":false,"is_daily":false,"chose_seed":false,"campfire_upgraded":1,"win_rate":0,"timestamp":1549119244,"path_taken":["M","M","M","$","?","E","M","?","T","M","?","E","M","E","R","BOSS"],"build_version":"2019-01-23","purchased_purges":1,"victory":false,"max_hp_per_floor":[80,80,80,80,80,80,80,80,80,80,80,80,80,80,80,80],"card_choices":[{"not_picked":["Clash","True Grit"],"picked":"Inflame","floor":0},{"not_picked":["Perfected Strike","Body Slam"],"picked":"Cleave","floor":1},{"not_picked":["Perfected Strike","Cleave"],"picked":"Rampage","floor":2},{"not_picked":["Bloodletting","Exhume"],"picked":"Twin Strike","floor":3},{"not_picked":["Reckless Charge","Pommel Strike","Perfected Strike"],"picked":"SKIP","floor":6},{"not_picked":["Body Slam","Corruption"],"picked":"Battle Trance","floor":7},{"not_picked":["Body Slam","Twin Strike"],"picked":"Clothesline","floor":8},{"not_picked":["Exhume","Sentinel","Wild Strike"],"picked":"SKIP","floor":10},{"not_picked":["Clothesline","Impervious"],"picked":"Thunderclap","floor":12},{"not_picked":["Heavy Blade","Thunderclap"],"picked":"Armaments","floor":13},{"not_picked":["Battle Trance","Thunderclap"],"picked":"Iron Wave","floor":14}],"player_experience":426633,"relics_obtained":[{"floor":6,"key":"Shuriken"},{"floor":8,"key":"Paper Frog"},{"floor":9,"key":"Gremlin Horn"},{"floor":12,"key":"Omamori"},{"floor":14,"key":"Boot"}],"event_choices":[{"damage_healed":0,"gold_gain":0,"player_choice":"Box","damage_taken":0,"relics_obtained":["Gambling Chip"],"max_hp_gain":0,"max_hp_loss":0,"event_name":"Big Fish","floor":5,"gold_loss":0,"cards_obtained":["Regret"]},{"damage_healed":0,"gold_gain":0,"player_choice":"Searched \u00272\u0027 times","damage_taken":0,"max_hp_gain":0,"max_hp_loss":0,"event_name":"Dead Adventurer","floor":8,"gold_loss":0},{"damage_healed":0,"gold_gain":0,"player_choice":"Trade","damage_taken":0,"relics_obtained":["GremlinMask"],"max_hp_gain":0,"max_hp_loss":0,"event_name":"FaceTrader","floor":11,"gold_loss":0}],"is_beta":false,"boss_relics":[],"items_purged_floors":[4],"is_endless":false,"potions_floor_spawned":[6,7,12,13],"killed_by":"The Guardian","ascension_level":2}