{"gold_per_floor":[118,18,35,35,53,53,87,87,113,129,129,139,171,96,96,169,169,183,217,217,232,59,86,86,86,142,142,154,154,154,167,167,167],"floor_reached":33,"playtime":1003,"items_purged":["Defend_R"],"score":532,"play_id":"11c5e28a-6884-4787-bc79-eec797c1deea","local_time":"20190302211022","is_ascension_mode":true,"campfire_choices":[{"data":"Perfected Strike","floor":6.0,"key":"SMITH"},{"data":"Shrug It Off","floor":8.0,"key":"SMITH"},{"data":"Shrug It Off","floor":11.0,"key":"SMITH"},{"data":"Perfected Strike","floor":15.0,"key":"SMITH"},{"data":"Bash","floor":24,"key":"SMITH"},{"data":"Pommel Strike","floor":30,"key":"SMITH"},{"data":"Brutality","floor":32,"key":"SMITH"}],"neow_cost":"NONE","seed_source_timestamp":0,"circlet_count":0,"master_deck":["AscendersBane","Strike_R+1","Strike_R+1","Strike_R+1","Strike_R+1","Strike_R+1","Defend_R+1","Defend_R+1","Bash+1","Twin Strike","Perfected Strike+1","Shrug It Off+1","Shrug It Off+1","Warcry","Perfected Strike+1","Brutality+1","Perfected Strike+1","Pommel Strike+1","Pommel Strike","Twin Strike+1"],"special_seed":0,"relics":["Burning Blood","Happy Flower","CultistMask","War Paint","Bag of Marbles","PreservedInsect","White Beast Statue","Red Mask","Regal Pillow","Calipers","Tiny Chest","Girya","Shuriken"],"potions_floor_usage":[16,21,33,33],"damage_taken":[{"damage":10.0,"enemies":"Small Slimes","floor":1.0,"turns":5.0},{"damage":0.0,"enemies":"Cultist","floor":3.0,"turns":2.0},{"damage":2.0,"enemies":"2 Louse","floor":5.0,"turns":3.0},{"damage":8.0,"enemies":"Gremlin Nob","floor":7.0,"turns":3.0},{"damage":0.0,"enemies":"Looter","floor":10.0,"turns":3.0},{"damage":0.0,"enemies":"Large Slime","floor":12.0,"turns":4.0},{"damage":12.0,"enemies":"3 Sentries","floor":13.0,"turns":8.0},{"damage":31,"enemies":"Hexaghost","floor":16,"turns":7},{"damage":18,"enemies":"Spheric Guardian","floor":18,"turns":4},{"damage":13,"enemies":"Masked Bandits","floor":19,"turns":3},{"damage":1,"enemies":"2 Thieves","floor":21,"turns":2},{"damage":19,"enemies":"Gremlin Leader","floor":23,"turns":2},{"damage":7,"enemies":"Snake Plant","floor":28,"turns":2},{"damage":7,"enemies":"Chosen and Byrds","floor":31,"turns":4},{"damage":39,"enemies":"Champ","floor":33,"turns":5}],"seed_played":"38211528337206925","potions_obtained":[{"floor":5.0,"key":"BloodPotion"},{"floor":7.0,"key":"Explosive Potion"},{"floor":13.0,"key":"EssenceOfSteel"},{"floor":18,"key":"FearPotion"},{"floor":21,"key":"EssenceOfSteel"},{"floor":23,"key":"EssenceOfSteel"},{"floor":28,"key":"FearPotion"}],"is_trial":false,"path_per_floor":["M","$","M","?","M","R","E","R","T","M","R","M","E","?","R","B",null,"M","?","?","M","$","E","R","?","T","T","M","T","R","M","R","B"],"character_chosen":"IRONCLAD","items_purchased":["Perfected Strike","Regal Pillow"],"campfire_rested":0,"item_purchase_floors":[2,22],"current_hp_per_floor":[64,64,70,70,74,74,72,72,72,75,75,75,69,69,69,44,67,55,48,48,53,53,40,40,40,40,40,39,39,39,38,38,0],"gold":167,"neow_bonus":"RANDOM_COMMON_RELIC","is_prod":false,"is_daily":false,"chose_seed":false,"campfire_upgraded":7,"win_rate":0,"timestamp":1551528622,"path_taken":["M","$","M","?","M","R","E","R","T","M","R","?","E","?","R","BOSS","M","?","?","M","$","E","R","?","T","?","M","?","R","M","R","BOSS"],"build_version":"2019-01-23","purchased_purges":1,"victory":false,"max_hp_per_floor":[75,75,75,75,75,75,75,75,75,75,75,75,75,75,75,75,75,75,75,75,75,75,75,75,75,75,75,75,75,75,75,75,75],"card_choices":[{"not_picked":["Anger","Shockwave"],"picked":"Twin Strike","floor":1.0},{"not_picked":["Thunderclap","Second Wind","Reckless Charge"],"picked":"SKIP","floor":3.0},{"not_picked":["Anger","Clothesline","Flex"],"picked":"SKIP","floor":5.0},{"not_picked":["Berserk","Iron Wave"],"picked":"Shrug It Off","floor":7.0},{"not_picked":["Flame Barrier","Rampage"],"picked":"Shrug It Off","floor":10.0},{"not_picked":["Iron Wave","Body Slam"],"picked":"Warcry","floor":12.0},{"not_picked":["Clash","Second Wind"],"picked":"Perfected Strike","floor":13.0},{"not_picked":["Feed","Limit Break"],"picked":"Brutality","floor":16},{"not_picked":["Body Slam","Spot Weakness","Headbutt"],"picked":"SKIP","floor":18},{"not_picked":["Anger","Wild Strike"],"picked":"Perfected Strike+1","floor":19},{"not_picked":["True Grit","Rampage"],"picked":"Pommel Strike","floor":21},{"not_picked":["Spot Weakness","Shrug It Off"],"picked":"Pommel Strike","floor":23},{"not_picked":["Flame Barrier","Infernal Blade","Cleave"],"picked":"SKIP","floor":28},{"not_picked":["Iron Wave","Anger"],"picked":"Twin Strike+1","floor":31}],"player_experience":1004381,"relics_obtained":[{"floor":7.0,"key":"War Paint"},{"floor":9.0,"key":"Bag of Marbles"},{"floor":13.0,"key":"PreservedInsect"},{"floor":19,"key":"Red Mask"},{"floor":23,"key":"Calipers"},{"floor":26,"key":"Tiny Chest"},{"floor":27,"key":"Girya"},{"floor":29,"key":"Shuriken"}],"event_choices":[{"damage_healed":0.0,"max_hp_gain":0.0,"max_hp_loss":0.0,"gold_gain":0.0,"event_name":"FaceTrader","player_choice":"Trade","floor":4.0,"gold_loss":0.0,"damage_taken":0.0,"relics_obtained":["CultistMask"]},{"cards_removed":["Defend_R"],"damage_healed":0.0,"max_hp_gain":0.0,"max_hp_loss":0.0,"gold_gain":0.0,"event_name":"The Cleric","player_choice":"Card Removal","floor":14.0,"gold_loss":75.0,"damage_taken":0.0},{"damage_healed":0,"gold_gain":0,"player_choice":"Fought Bandits","damage_taken":0,"max_hp_gain":0,"max_hp_loss":0,"event_name":"Masked Bandits","floor":19,"gold_loss":0},{"damage_healed":0,"gold_gain":0,"player_choice":"Simplicity","damage_taken":0,"max_hp_gain":0,"max_hp_loss":0,"event_name":"Back to Basics","floor":20,"gold_loss":0,"cards_upgraded":["Strike_R","Strike_R","Strike_R","Strike_R","Strike_R"]},{"damage_healed":0,"gold_gain":0,"player_choice":"Ignored","damage_taken":0,"max_hp_gain":0,"max_hp_loss":0,"event_name":"Ghosts","floor":25,"gold_loss":0}],"is_beta":false,"boss_relics":[{"not_picked":["Runic Pyramid","Astrolabe"],"picked":"White Beast Statue"}],"items_purged_floors":[2],"is_endless":false,"potions_floor_spawned":[5,7,12,13,18,19,21,23,28,31],"killed_by":"Champ","ascension_level":19}