{"path_per_floor":["M","?","?","$","?","R","M","M","T","R","M","$","M","M","R","B",null,"M","$","M","?","?","R","M","M","T","R","?","M","?","$","R"],"character_chosen":"THE_SILENT","items_purchased":["Acrobatics","Caltrops","Bouncing Flask","Anchor","Concentrate","Flying Knee"],"gold_per_floor":[113,288,288,78,78,78,93,107,107,107,119,49,59,72,72,171,171,187,3,20,20,20,20,34,51,51,51,51,64,64,10,10],"floor_reached":33,"campfire_rested":2,"playtime":1505,"current_hp_per_floor":[63,63,50,50,43,43,43,43,43,43,43,43,41,40,40,37,63,53,53,51,51,35,53,44,33,33,33,33,17,17,17,35],"items_purged":["Doubt"],"gold":10,"score":249,"play_id":"006f7df5-1e68-4dcd-8020-c5ce49e17d82","is_prod":false,"is_daily":false,"is_ascension_mode":true,"campfire_upgraded":4,"path_taken":["M","?","?","$","?","R","M","M","T","R","M","$","M","M","R","BOSS","M","$","M","?","?","R","M","?","T","R","?","M","?","$","R","BOSS"],"build_version":"2018-02-15-PROD1","purchased_purges":1,"victory":false,"master_deck":["Defend_G","Defend_G","Defend_G+1","Defend_G","Defend_G","Strike_G","Strike_G+1","Strike_G","Survivor","Neutralize","Calculated Gamble+1","Acrobatics","Caltrops+1","Prepared","Bouncing Flask","Bouncing Flask+1","Acrobatics","Venomology","Backflip","Concentrate+1","Deadly Poison","Necronomicurse","Tools of the Trade","Skewer","Flying Knee"],"max_hp_per_floor":[63,63,63,63,63,63,63,63,63,63,63,63,63,63,63,63,63,63,63,63,63,63,63,63,63,63,63,63,63,63,63,63],"relics":["Ring of the Snake","Thread and Needle","Dead Branch","The Specimen","Anchor","Necronomicon","Ice Cream"],"card_choices":[{"not_picked":["All Out Attack","Reflex"],"picked":"Calculated Gamble"},{"not_picked":["Riddle With Holes","Well Laid Plans"],"picked":"Prepared"},{"not_picked":["Dagger Spray","PiercingWail"],"picked":"Bouncing Flask"},{"not_picked":["Dagger Spray","Reflex"],"picked":"Acrobatics"},{"not_picked":["Storm of Steel","Phantasmal Killer"],"picked":"Venomology"},{"not_picked":["Malaise","Outmaneuver"],"picked":"Backflip"},{"not_picked":["Dodge and Roll","Cloak And Dagger"],"picked":"Deadly Poison"},{"not_picked":["Heel Hook","Accuracy"],"picked":"Tools of the Trade"},{"not_picked":["Distraction","PiercingWail"],"picked":"Skewer"}],"player_experience":158479,"potions_floor_usage":[16,18,25,29,33,33],"damage_taken":[{"damage":0,"enemies":"Jaw Worm","floor":1,"turns":5},{"damage":0,"enemies":"2 Louse","floor":7,"turns":2},{"damage":0,"enemies":"Small Slimes","floor":8,"turns":3},{"damage":0,"enemies":"2 Fungi Beasts","floor":11,"turns":4},{"damage":2,"enemies":"Looter","floor":13,"turns":2},{"damage":1,"enemies":"Large Slime","floor":14,"turns":5},{"damage":3,"enemies":"The Guardian","floor":16,"turns":7},{"damage":13,"enemies":"Chosen","floor":18,"turns":5},{"damage":2,"enemies":"3 Byrds","floor":20,"turns":4},{"damage":9,"enemies":"Snecko","floor":24,"turns":5},{"damage":11,"enemies":"Slaver and Parasite","floor":25,"turns":5},{"damage":16,"enemies":"Cultist and Chosen","floor":29,"turns":6},{"damage":7,"enemies":"Automaton","floor":33,"turns":4}],"event_choices":[{"event_name":"Liars Game","player_choice":"agreed","floor":2,"damage_taken":0},{"event_name":"Shining Light","player_choice":"Entered Light","floor":3,"damage_taken":0},{"event_name":"Golden Wing","player_choice":"Card Removal","floor":5,"damage_taken":0},{"event_name":"Back to Basics","player_choice":"Elegance","floor":21,"damage_taken":0},{"event_name":"Cursed Tome","player_choice":"Obtained Book","floor":22,"damage_taken":0},{"event_name":"Beggar","player_choice":"Ignored","floor":28,"damage_taken":0},{"event_name":"The Woman in Blue","player_choice":"Bought 0 Potions","floor":30,"damage_taken":0}],"boss_relics":[{"not_picked":["Philosopher\u0027s Stone","Ectoplasm"],"picked":"The Specimen"}],"potions_floor_spawned":[1,11,13,14,20,29],"seed_played":"-5797352015387935670","killed_by":"Automaton","ascension_level":1,"is_trial":false}