{"gold_per_floor":[112,37,37,55,55,55,72,87,166,185,202,202,263,277,277,374,374,391,402,0,19,19,47,47,47,47,58,84,100,100,100,100,201,201,212,228,450,461,461,461,478,131,131,151,72,72,347,363,363,363],"floor_reached":51,"playtime":5179,"items_purged":["Defend_G","Strike_G","Defend_G"],"score":636,"play_id":"4894c2bf-f2a8-4436-9909-ed529c49d544","local_time":"20190115225625","is_ascension_mode":false,"campfire_choices":[{"data":"Cloak And Dagger","floor":6,"key":"SMITH"},{"data":"Neutralize","floor":15,"key":"SMITH"},{"floor":24,"key":"REST"},{"data":"Accuracy","floor":30,"key":"SMITH"},{"data":"Envenom","floor":32,"key":"SMITH"},{"floor":40,"key":"REST"},{"floor":49,"key":"REST"}],"neow_cost":"NONE","seed_source_timestamp":204232081729329,"circlet_count":0,"master_deck":["Defend_G","Strike_G","Strike_G","Survivor","Neutralize+1","Cloak And Dagger+1","Backflip","Expertise","Blur","Dagger Spray","Dodge and Roll","Envenom+1","Dodge and Roll+1","Accuracy+1","Cloak And Dagger","Finisher","Backstab+1","Accuracy+1","Infinite Blades","Cloak And Dagger","Blur"],"relics":["Ring of the Snake","Vajra","Ninja Scroll","Ancient Tea Set","White Beast Statue","Kunai","Regal Pillow","Incense Burner","Red Mask","MutagenicStrength","Empty Cage","PrismaticShard","Omamori"],"potions_floor_usage":[13,16,23,41,48,50,50,50],"damage_taken":[{"damage":0,"enemies":"Small Slimes","floor":1,"turns":3},{"damage":0,"enemies":"Cultist","floor":4,"turns":3},{"damage":0,"enemies":"Jaw Worm","floor":7,"turns":3},{"damage":0,"enemies":"Looter","floor":8,"turns":4},{"damage":0,"enemies":"2 Fungi Beasts","floor":10,"turns":2},{"damage":1,"enemies":"3 Louse","floor":11,"turns":3},{"damage":14,"enemies":"Lagavulin Event","floor":13,"turns":6},{"damage":0,"enemies":"Blue Slaver","floor":14,"turns":2},{"damage":32,"enemies":"Hexaghost","floor":16,"turns":18},{"damage":20,"enemies":"Chosen","floor":18,"turns":7},{"damage":2,"enemies":"Shell Parasite","floor":19,"turns":7},{"damage":8,"enemies":"Snake Plant","floor":21,"turns":10},{"damage":5,"enemies":"Slavers","floor":23,"turns":6},{"damage":0,"enemies":"Snecko","floor":27,"turns":4},{"damage":0,"enemies":"Masked Bandits","floor":28,"turns":5},{"damage":0,"enemies":"Chosen and Byrds","floor":29,"turns":5},{"damage":42,"enemies":"Automaton","floor":33,"turns":16},{"damage":6,"enemies":"3 Shapes","floor":35,"turns":6},{"damage":15,"enemies":"3 Darklings","floor":36,"turns":5},{"damage":23,"enemies":"Writhing Mass","floor":38,"turns":8},{"damage":18,"enemies":"Spire Growth","floor":41,"turns":4},{"damage":0,"enemies":"Jaw Worm Horde","floor":44,"turns":3},{"damage":0,"enemies":"3 Darklings","floor":48,"turns":4},{"damage":24,"enemies":"Awakened One","floor":50,"turns":13}],"seed_played":"-2417039529218137939","potions_obtained":[{"floor":7,"key":"Poison Potion"},{"floor":13,"key":"Dexterity Potion"},{"floor":14,"key":"SmokeBomb"},{"floor":18,"key":"GhostInAJar"},{"floor":19,"key":"SteroidPotion"},{"floor":21,"key":"Explosive Potion"},{"floor":23,"key":"Regen Potion"},{"floor":33,"key":"Ancient Potion"},{"floor":35,"key":"PowerPotion"},{"floor":41,"key":"Energy Potion"},{"floor":48,"key":"Regen Potion"}],"is_trial":false,"path_per_floor":["M","$","?","M","$","R","M","M","T","M","M","?","?","M","R","B",null,"M","M","$","M","?","E","R","?","T","M","?","M","R","?","R","B",null,"M","M","?","M","?","R","M","$","T","M","$","?","?","M","R","B",null],"character_chosen":"THE_SILENT","items_purchased":["Kunai","Cloak And Dagger","PrismaticShard","Cloak And Dagger","Blur"],"campfire_rested":3,"item_purchase_floors":[20,20,42,42,45],"current_hp_per_floor":[70,70,70,70,70,70,70,70,70,70,69,62,48,48,48,16,70,50,48,48,40,40,35,70,70,70,70,70,70,70,70,70,28,70,64,49,49,26,26,62,44,44,44,44,44,44,44,44,70,61],"gold":363,"neow_bonus":"RANDOM_COMMON_RELIC","is_prod":false,"is_daily":false,"chose_seed":false,"campfire_upgraded":4,"win_rate":0,"timestamp":1547592985,"path_taken":["M","$","?","M","$","R","M","?","T","M","M","?","?","M","R","BOSS","M","M","$","M","?","E","R","?","T","M","?","M","R","?","R","BOSS","M","M","?","M","?","R","M","$","T","M","?","?","?","M","R","BOSS"],"build_version":"2019-01-10","purchased_purges":3,"victory":true,"max_hp_per_floor":[70,70,70,70,70,70,70,70,70,70,70,70,70,70,70,70,70,70,70,70,70,70,70,70,70,70,70,70,70,70,70,70,70,70,70,70,70,70,70,70,70,70,70,70,70,70,70,70,70,70],"card_choices":[{"not_picked":["Acrobatics","Underhanded Strike"],"picked":"Cloak And Dagger","floor":1},{"not_picked":["Masterful Stab","Sucker Punch"],"picked":"Backflip","floor":4},{"not_picked":["Poisoned Stab","Crippling Poison"],"picked":"Expertise","floor":7},{"not_picked":["Outmaneuver","Heel Hook","Well Laid Plans"],"picked":"SKIP","floor":8},{"not_picked":["Dash","Cloak And Dagger"],"picked":"Blur","floor":10},{"not_picked":["Poisoned Stab","Prepared"],"picked":"Dagger Spray","floor":11},{"not_picked":["Glass Knife","All Out Attack"],"picked":"Dodge and Roll","floor":14},{"not_picked":["Die Die Die","Storm of Steel"],"picked":"Envenom","floor":16},{"not_picked":["Caltrops","Eviscerate"],"picked":"Dodge and Roll+1","floor":18},{"not_picked":["Bane","Dash"],"picked":"Accuracy+1","floor":19},{"not_picked":["Sucker Punch","Heel Hook+1"],"picked":"Finisher","floor":21},{"not_picked":["Sucker Punch","Crippling Poison"],"picked":"Backstab+1","floor":23},{"not_picked":["Caltrops","Acrobatics","Cloak And Dagger"],"picked":"SKIP","floor":27},{"not_picked":["PiercingWail","Dodge and Roll"],"picked":"Accuracy","floor":29},{"not_picked":["Deflect","Flying Knee+1"],"picked":"Infinite Blades","floor":35},{"not_picked":["Well Laid Plans+1","Outmaneuver","Acrobatics"],"picked":"SKIP","floor":36},{"not_picked":["Acrobatics+1","Sucker Punch","Masterful Stab+1"],"picked":"SKIP","floor":38},{"not_picked":["Finisher","Flying Knee","Endless Agony+1"],"picked":"SKIP","floor":41},{"not_picked":["Slice","Riddle With Holes+1","Reprogram"],"picked":"SKIP","floor":44},{"not_picked":["Quick Slash+1","Perfected Strike+1","Armaments+1"],"picked":"SKIP","floor":48}],"player_experience":318688,"relics_obtained":[{"floor":9,"key":"Ninja Scroll"},{"floor":13,"key":"Ancient Tea Set"},{"floor":23,"key":"Regal Pillow"},{"floor":26,"key":"Incense Burner"},{"floor":28,"key":"Red Mask"},{"floor":43,"key":"Omamori"}],"event_choices":[{"cards_removed":["Strike_G"],"damage_healed":0,"gold_gain":0,"player_choice":"Took Card","damage_taken":0,"max_hp_gain":0,"max_hp_loss":0,"event_name":"NoteForYourself","floor":3,"gold_loss":0,"cards_obtained":["Strike_G"]},{"cards_removed":["Strike_G"],"damage_healed":0,"gold_gain":0,"player_choice":"Card Removal","damage_taken":7,"max_hp_gain":0,"max_hp_loss":0,"event_name":"Golden Wing","floor":12,"gold_loss":0},{"damage_healed":0,"gold_gain":0,"player_choice":"Searched \u00271\u0027 times","damage_taken":0,"max_hp_gain":0,"max_hp_loss":0,"event_name":"Dead Adventurer","floor":13,"gold_loss":0},{"damage_healed":0,"gold_gain":0,"player_choice":"Ignored","damage_taken":0,"max_hp_gain":0,"max_hp_loss":0,"event_name":"Beggar","floor":22,"gold_loss":0},{"damage_healed":0,"gold_gain":0,"player_choice":"Ignored","damage_taken":0,"max_hp_gain":0,"max_hp_loss":0,"event_name":"Vampires","floor":25,"gold_loss":0},{"damage_healed":0,"gold_gain":0,"player_choice":"Fought Bandits","damage_taken":0,"max_hp_gain":0,"max_hp_loss":0,"event_name":"Masked Bandits","floor":28,"gold_loss":0},{"damage_healed":0,"gold_gain":0,"player_choice":"Inject Mutagens","damage_taken":0,"relics_obtained":["MutagenicStrength"],"max_hp_gain":0,"max_hp_loss":0,"event_name":"Drug Dealer","floor":31,"gold_loss":0},{"damage_healed":0,"gold_gain":222,"player_choice":"Wore Mask","damage_taken":0,"max_hp_gain":0,"max_hp_loss":0,"event_name":"Tomb of Lord Red Mask","floor":37,"gold_loss":0},{"cards_removed":["Strike_G"],"damage_healed":0,"gold_gain":0,"player_choice":"Removed Attack","damage_taken":0,"max_hp_gain":0,"max_hp_loss":0,"event_name":"Falling","floor":39,"gold_loss":0},{"damage_healed":0,"gold_gain":0,"player_choice":"Ignored","damage_taken":0,"max_hp_gain":0,"max_hp_loss":0,"event_name":"Mysterious Sphere","floor":46,"gold_loss":0},{"damage_healed":0,"gold_gain":275,"player_choice":"Desecrate","damage_taken":0,"max_hp_gain":0,"max_hp_loss":0,"event_name":"Golden Shrine","floor":47,"gold_loss":0,"cards_obtained":["Regret"]}],"is_beta":false,"boss_relics":[{"not_picked":["Tiny House","Velvet Choker"],"picked":"White Beast Statue"},{"not_picked":["Orrery","Ring of the Serpent"],"picked":"Empty Cage"}],"items_purged_floors":[2,20,42],"is_endless":false,"potions_floor_spawned":[7,13,14,18,19,21,23,27,28,29,33,35,36,38,41,44,48],"ascension_level":0}