{"gold_per_floor":[118,293,304,320,320,320,320,320,320,320,164,164,164,182,182,277,277,296,309,30,47,47,47,61,80,80,90,56,66,26,26,26,127,127,138,151,36,51,32,32,51,51,76,76,87,97,97,107,107,107],"floor_reached":51,"playtime":3530,"items_purged":["Doubt","Strike_B"],"score":641,"play_id":"ef1fbf09-dac3-4559-a83c-fa4c59533cc4","local_time":"20190203183222","is_ascension_mode":false,"campfire_choices":[{"data":"Genetic Algorithm","floor":6.0,"key":"SMITH"},{"data":"Sunder","floor":8.0,"key":"SMITH"},{"data":"Zap","floor":10.0,"key":"SMITH"},{"data":"Chill","floor":13.0,"key":"SMITH"},{"floor":15.0,"key":"DIG"},{"data":"Blizzard","floor":23,"key":"SMITH"},{"floor":32,"key":"REST"},{"data":"Defragment","floor":40,"key":"SMITH"},{"data":"Mayhem","floor":42,"key":"SMITH"},{"data":"Blizzard","floor":44,"key":"SMITH"},{"data":"Buffer","floor":47,"key":"SMITH"},{"floor":49,"key":"REST"}],"neow_cost":"NONE","seed_source_timestamp":240384339733161,"circlet_count":0,"master_deck":["Strike_B","Strike_B","Defend_B","Defend_B","Defend_B+1","Defend_B","Zap+1","Dualcast","Rainbow","Double Energy+1","Genetic Algorithm+1","Sunder+1","Chill+1","Turbo","Buffer+1","Stack","Double Energy","Coolheaded","Blizzard+1","Cold Snap+1","Blizzard+1","Barrage","Glacier+1","Coolheaded","Hologram","Chill","Redo","Conserve Battery","Undo","Buffer","Redo","Mayhem+1","Conserve Battery","Defragment+1","Stack+1","Redo+1"],"special_seed":0,"relics":["Cracked Core","Shovel","Symbiotic Virus","Orrery","Membership Card","Blood Vial","Inserter","Smiling Mask"],"potions_floor_usage":[33,41,48,50,50],"damage_taken":[{"damage":0.0,"enemies":"Cultist","floor":1.0,"turns":4.0},{"damage":3.0,"enemies":"2 Louse","floor":3.0,"turns":3.0},{"damage":0.0,"enemies":"Small Slimes","floor":4.0,"turns":3.0},{"damage":5.0,"enemies":"Looter","floor":14.0,"turns":3.0},{"damage":44.0,"enemies":"Hexaghost","floor":16.0,"turns":8.0},{"damage":7.0,"enemies":"3 Byrds","floor":18.0,"turns":6.0},{"damage":0.0,"enemies":"Spheric Guardian","floor":19.0,"turns":4.0},{"damage":8,"enemies":"Shelled Parasite and Fungi","floor":21,"turns":9},{"damage":9,"enemies":"Sentry and Sphere","floor":24,"turns":6},{"damage":35,"enemies":"Chosen and Byrds","floor":25,"turns":9},{"damage":4,"enemies":"Centurion and Healer","floor":27,"turns":8},{"damage":6,"enemies":"Sentry and Sphere","floor":29,"turns":6},{"damage":32,"enemies":"Automaton","floor":33,"turns":16},{"damage":0,"enemies":"3 Darklings","floor":35,"turns":7},{"damage":0,"enemies":"3 Shapes","floor":36,"turns":8},{"damage":12,"enemies":"Jaw Worm Horde","floor":38,"turns":7},{"damage":5,"enemies":"Transient","floor":41,"turns":5},{"damage":0,"enemies":"Spire Growth","floor":45,"turns":8},{"damage":0,"enemies":"Maw","floor":46,"turns":10},{"damage":34,"enemies":"Transient","floor":48,"turns":5},{"damage":39,"enemies":"Donu and Deca","floor":50,"turns":16}],"seed_played":"2642396175056955986","potions_obtained":[{"floor":3.0,"key":"Strength Potion"},{"floor":14.0,"key":"Explosive Potion"},{"floor":16.0,"key":"Weak Potion"},{"floor":25,"key":"Explosive Potion"},{"floor":33,"key":"Ancient Potion"},{"floor":46,"key":"Ancient Potion"},{"floor":48,"key":"FearPotion"}],"is_trial":false,"path_per_floor":["M","?","M","M","?","R","?","R","T","R","$","?","R","M","R","B",null,"M","M","$","M","?","R","M","M","T","M","$","M","$","?","R","B",null,"M","M","$","M","$","R","M","R","T","R","M","M","R","M","R","B",null],"character_chosen":"DEFECT","items_purchased":["Chill","Membership Card","Blizzard","Chill","Redo","Conserve Battery","Mayhem","Conserve Battery","Defragment"],"campfire_rested":2,"item_purchase_floors":[11,20,20,28,30,30,37,37,39],"current_hp_per_floor":[75,75,72,72,77,77,61,61,61,61,61,80,80,75,75,31,80,73,73,73,65,65,65,58,25,25,23,23,19,19,19,43,13,80,80,80,80,68,68,68,65,65,65,65,67,69,69,37,61,24],"gold":107,"neow_bonus":"ONE_RANDOM_RARE_CARD","is_prod":false,"is_daily":false,"chose_seed":false,"campfire_upgraded":9,"win_rate":0,"timestamp":1549236742,"path_taken":["M","?","M","M","?","R","?","R","T","R","$","?","R","M","R","BOSS","M","M","$","M","?","R","M","M","T","M","$","M","?","?","R","BOSS","M","M","$","M","?","R","M","R","T","R","M","M","R","M","R","BOSS"],"build_version":"2019-01-23","purchased_purges":2,"victory":true,"max_hp_per_floor":[75,75,75,75,80,80,80,80,80,80,80,80,80,80,80,80,80,80,80,80,80,80,80,80,80,80,80,80,80,80,80,80,80,80,80,80,80,80,80,80,80,80,80,80,80,80,80,80,80,80],"card_choices":[{"not_picked":["Compile Driver","Rebound"],"picked":"Double Energy","floor":1.0},{"not_picked":["Redo","Go for the Eyes"],"picked":"Genetic Algorithm","floor":3.0},{"not_picked":["Cold Snap","Scrape"],"picked":"Sunder","floor":4.0},{"not_picked":["Go for the Eyes","Rebound"],"picked":"Turbo","floor":14.0},{"not_picked":["Biased Cognition","Meteor Strike"],"picked":"Buffer","floor":16.0},{"not_picked":["Redo","Leap"],"picked":"Stack","floor":17.0},{"not_picked":["Gash","Sweeping Beam"],"picked":"Double Energy","floor":17.0},{"not_picked":["Genetic Algorithm","BootSequence"],"picked":"Coolheaded","floor":17.0},{"not_picked":["Tempest","Chaos"],"picked":"Blizzard","floor":17.0},{"not_picked":["Reboot","Compile Driver"],"picked":"Cold Snap+1","floor":18.0},{"not_picked":["Steam","Streamline","Go for the Eyes"],"picked":"SKIP","floor":19.0},{"not_picked":["Gash+1","Machine Learning"],"picked":"Barrage","floor":21},{"not_picked":["Hologram+1","BootSequence"],"picked":"Glacier+1","floor":24},{"not_picked":["Genetic Algorithm","Conserve Battery"],"picked":"Coolheaded","floor":25},{"not_picked":["Auto Shields","Double Energy"],"picked":"Hologram","floor":27},{"not_picked":["Sweeping Beam","Ball Lightning","Compile Driver"],"picked":"SKIP","floor":29},{"not_picked":["Thunder Strike","Fission"],"picked":"Buffer","floor":33},{"not_picked":["Sweeping Beam+1","Streamline+1"],"picked":"Redo","floor":35},{"not_picked":["Go for the Eyes","Beam Cell","Heatsinks+1"],"picked":"SKIP","floor":36},{"not_picked":["Fusion+1","Rebound","Steam+1"],"picked":"SKIP","floor":38},{"not_picked":["Conserve Battery+1","Steam+1","Fusion"],"picked":"SKIP","floor":41},{"not_picked":["Beam Cell","Rebound+1","Chaos+1"],"picked":"SKIP","floor":45},{"not_picked":["Self Repair","Biased Cognition"],"picked":"Stack+1","floor":46},{"not_picked":["Gash","Scrape"],"picked":"Redo+1","floor":48}],"player_experience":981792,"relics_obtained":[{"floor":9.0,"key":"Shovel"},{"floor":15.0,"key":"Symbiotic Virus"},{"floor":43,"key":"Smiling Mask"}],"event_choices":[{"damage_healed":0.0,"max_hp_gain":0.0,"max_hp_loss":0.0,"gold_gain":175.0,"event_name":"Liars Game","player_choice":"AGREE","floor":2.0,"gold_loss":0.0,"damage_taken":0.0,"cards_obtained":["Doubt"]},{"damage_healed":0.0,"max_hp_gain":5.0,"max_hp_loss":0.0,"gold_gain":0.0,"event_name":"Big Fish","player_choice":"Donut","floor":5.0,"gold_loss":0.0,"damage_taken":0.0},{"damage_healed":0.0,"max_hp_gain":0.0,"max_hp_loss":0.0,"gold_gain":0.0,"event_name":"Shining Light","player_choice":"Entered Light","floor":7.0,"gold_loss":0.0,"damage_taken":16.0,"cards_upgraded":["Defend_B","Double Energy"]},{"damage_healed":19.0,"max_hp_gain":0.0,"max_hp_loss":0.0,"gold_gain":0.0,"event_name":"Wheel of Change","player_choice":"Full Heal","floor":12.0,"gold_loss":0.0,"damage_taken":0.0},{"damage_healed":0,"gold_gain":0,"player_choice":"Gave Potion","damage_taken":0,"relics_obtained":["Blood Vial"],"max_hp_gain":0,"max_hp_loss":0,"event_name":"WeMeetAgain","floor":22,"gold_loss":0},{"damage_healed":0,"gold_gain":0,"cards_transformed":["Strike_B"],"player_choice":"Transformed","damage_taken":0,"max_hp_gain":0,"max_hp_loss":0,"event_name":"Transmorgrifier","floor":31,"gold_loss":0,"cards_obtained":["Undo"]}],"is_beta":false,"boss_relics":[{"not_picked":["Nuclear Battery","Tiny House"],"picked":"Orrery"},{"not_picked":["Cursed Key","FrozenCore"],"picked":"Inserter"}],"items_purged_floors":[11,20],"is_endless":false,"potions_floor_spawned":[3,14,16,19,21,25,33,35,36,38,46,48],"ascension_level":0}