{"gold_per_floor":[111,111,111,131,144,172,172,172,172,186,186,221,233,253,253,351,351,365,365,388,242,242,242,89,89,89,114,114,139,139,158,158,257,307,323,323,323,333,333,333,367,467,467,467],"floor_reached":44,"playtime":1874,"items_purged":["Regret"],"score":697,"play_id":"fed8b0fe-de93-4b58-a855-96d1ea850ea4","local_time":"20181229164341","is_ascension_mode":true,"campfire_choices":[{"floor":8.0,"key":"REST"},{"floor":11.0,"key":"REST"},{"data":"Demon Form","floor":15.0,"key":"SMITH"},{"floor":23.0,"key":"REST"},{"data":"Armaments","floor":25.0,"key":"SMITH"},{"floor":28.0,"key":"REST"},{"data":"Disarm","floor":30.0,"key":"SMITH"},{"data":"Shrug It Off","floor":32.0,"key":"SMITH"},{"data":"Discovery","floor":40.0,"key":"SMITH"}],"neow_cost":"PERCENT_DAMAGE","seed_source_timestamp":84778933058978,"circlet_count":0,"master_deck":["Strike_R","Strike_R+1","Strike_R","Strike_R","Strike_R","Defend_R","Defend_R","Defend_R","Defend_R","Bash","Demon Form+1","Cleave","Disarm+1","Shrug It Off+1","Metallicize+1","Metallicize+1","Armaments+1","Sword Boomerang","Feed","Pummel","Metallicize+1","Headbutt","Shrug It Off","Shrug It Off+1","Discovery+1"],"special_seed":0,"relics":["Burning Blood","Kunai","Frozen Egg 2","Centennial Puzzle","Cursed Key","Juzu Bracelet","PreservedInsect","Smiling Mask","Dream Catcher","Tiny House","Singing Bowl"],"potions_floor_usage":[44],"damage_taken":[{"damage":1.0,"enemies":"Cultist","floor":1.0,"turns":4.0},{"damage":3.0,"enemies":"Small Slimes","floor":4.0,"turns":4.0},{"damage":1.0,"enemies":"2 Louse","floor":5.0,"turns":3.0},{"damage":48.0,"enemies":"3 Sentries","floor":6.0,"turns":8.0},{"damage":22.0,"enemies":"Exordium Thugs","floor":10.0,"turns":7.0},{"damage":8.0,"enemies":"Lagavulin","floor":12.0,"turns":9.0},{"damage":4.0,"enemies":"2 Fungi Beasts","floor":13.0,"turns":6.0},{"damage":2.0,"enemies":"Large Slime","floor":14.0,"turns":8.0},{"damage":15.0,"enemies":"The Guardian","floor":16.0,"turns":8.0},{"damage":3.0,"enemies":"Shell Parasite","floor":18.0,"turns":7.0},{"damage":33.0,"enemies":"Colosseum Slavers","floor":22.0,"turns":6.0},{"damage":14.0,"enemies":"Gremlin Leader","floor":27.0,"turns":7.0},{"damage":8.0,"enemies":"Book of Stabbing","floor":29.0,"turns":6.0},{"damage":11.0,"enemies":"Spheric Guardian","floor":31.0,"turns":5.0},{"damage":57.0,"enemies":"Automaton","floor":33.0,"turns":8.0},{"damage":9.0,"enemies":"3 Shapes","floor":35.0,"turns":11.0},{"damage":23.0,"enemies":"Orb Walker","floor":38.0,"turns":6.0},{"damage":51.0,"enemies":"Nemesis","floor":41.0,"turns":7.0},{"damage":45,"enemies":"Giant Head","floor":44,"turns":8}],"seed_played":"-1046730485557387991","potions_obtained":[{"floor":4.0,"key":"SkillPotion"},{"floor":10.0,"key":"Weak Potion"},{"floor":13.0,"key":"Block Potion"},{"floor":14.0,"key":"Energy Potion"},{"floor":16.0,"key":"Strength Potion"},{"floor":27.0,"key":"GamblersBrew"},{"floor":29.0,"key":"FearPotion"},{"floor":31.0,"key":"SpeedPotion"},{"floor":34.0,"key":"Regen Potion"}],"is_trial":false,"path_per_floor":["M","?","?","M","M","E","?","R","T","M","R","E","M","M","R","B",null,"M","?","T","$","?","R","$","R","T","E","R","E","R","M","R","B",null,"M","$","?","M","?","R","E","?","T","E"],"character_chosen":"IRONCLAD","items_purchased":["Metallicize+1","PreservedInsect"],"campfire_rested":4,"item_purchase_floors":[21,24],"current_hp_per_floor":[56,56,56,59,64,22,22,46,46,30,54,52,54,58,58,49,72,75,60,60,60,33,58,58,58,58,50,75,73,73,68,68,21,77,77,77,77,63,63,63,39,39,39,0],"gold":467,"neow_bonus":"THREE_RARE_CARDS","is_prod":false,"is_daily":false,"chose_seed":false,"campfire_upgraded":5,"win_rate":0,"timestamp":1546098221,"path_taken":["M","?","?","M","M","E","?","R","T","M","R","E","M","M","R","BOSS","M","?","?","$","?","R","$","R","T","E","R","E","R","M","R","BOSS","M","$","?","M","?","R","E","?","T","E"],"build_version":"2018-12-20","purchased_purges":1,"victory":false,"max_hp_per_floor":[80,80,80,80,80,80,80,80,80,80,80,80,80,80,80,80,80,80,85,85,85,85,85,85,85,85,85,85,85,85,85,85,89,94,97,97,97,100,100,100,106,106,106,106],"card_choices":[{"not_picked":["Juggernaut","Immolate"],"picked":"Demon Form","floor":0.0},{"not_picked":["Combust","Havoc"],"picked":"Cleave","floor":1.0},{"not_picked":["Clothesline","True Grit"],"picked":"Disarm","floor":4.0},{"not_picked":["Body Slam","Rage","Heavy Blade"],"picked":"SKIP","floor":5.0},{"not_picked":["Whirlwind","Sever Soul"],"picked":"Shrug It Off","floor":6.0},{"not_picked":["Flame Barrier","Flex"],"picked":"Metallicize+1","floor":10.0},{"not_picked":["Clash","Shrug It Off"],"picked":"Metallicize+1","floor":12.0},{"not_picked":["Flex","True Grit"],"picked":"Armaments","floor":13.0},{"not_picked":["Flex","Combust+1"],"picked":"Sword Boomerang","floor":14.0},{"not_picked":["Offering","Brutality+1"],"picked":"Feed","floor":16.0},{"not_picked":["Anger+1","Entrench"],"picked":"Pummel","floor":18.0},{"not_picked":["Anger","Rage+1","Fire Breathing+1"],"picked":"SKIP","floor":27.0},{"not_picked":["Reckless Charge","Uppercut"],"picked":"Headbutt","floor":29.0},{"not_picked":["Burning Pact","Cleave","Clash"],"picked":"SKIP","floor":31.0},{"not_picked":["Juggernaut+1","Bludgeon"],"picked":"Double Tap","floor":33.0},{"not_picked":["Wild Strike","Power Through+1"],"picked":"Shrug It Off","floor":34.0},{"not_picked":["Perfected Strike","Ghostly Armor","Anger+1"],"picked":"SKIP","floor":35.0},{"not_picked":["Pommel Strike+1","Wild Strike+1"],"picked":"Shrug It Off+1","floor":38.0},{"not_picked":["Blind","Finesse"],"picked":"Discovery","floor":39.0},{"not_picked":["Wild Strike+1","Blood for Blood","Shrug It Off"],"picked":"Singing Bowl","floor":41.0}],"player_experience":522521,"relics_obtained":[{"floor":6.0,"key":"Kunai"},{"floor":9.0,"key":"Frozen Egg 2"},{"floor":12.0,"key":"Centennial Puzzle"},{"floor":20.0,"key":"Juzu Bracelet"},{"floor":27.0,"key":"Smiling Mask"},{"floor":29.0,"key":"Dream Catcher"},{"floor":41.0,"key":"Singing Bowl"}],"event_choices":[{"damage_healed":0.0,"max_hp_gain":0.0,"max_hp_loss":0.0,"gold_gain":0.0,"event_name":"Shining Light","player_choice":"Ignored","floor":2.0,"gold_loss":0.0,"damage_taken":0.0},{"damage_healed":0.0,"max_hp_gain":0.0,"max_hp_loss":0.0,"gold_gain":0.0,"event_name":"Liars Game","player_choice":"Ignored","floor":3.0,"gold_loss":0.0,"damage_taken":0.0},{"damage_healed":0.0,"max_hp_gain":0.0,"max_hp_loss":0.0,"gold_gain":0.0,"event_name":"Scrap Ooze","player_choice":"Fled","floor":7.0,"gold_loss":0.0,"damage_taken":0.0},{"damage_healed":0.0,"max_hp_gain":5.0,"max_hp_loss":0.0,"gold_gain":0.0,"event_name":"Forgotten Altar","player_choice":"Shed Blood","floor":19.0,"gold_loss":0.0,"damage_taken":20.0},{"damage_healed":0.0,"max_hp_gain":0.0,"max_hp_loss":0.0,"gold_gain":0.0,"event_name":"Colosseum","player_choice":"Fight","floor":22.0,"gold_loss":0.0,"damage_taken":0.0},{"damage_healed":0.0,"max_hp_gain":0.0,"max_hp_loss":0.0,"gold_gain":0.0,"event_name":"Colosseum","player_choice":"Fled From Nobs","floor":22.0,"gold_loss":0.0,"damage_taken":0.0},{"cards_removed":["Double Tap"],"damage_healed":0.0,"max_hp_gain":0.0,"max_hp_loss":0.0,"gold_gain":0.0,"event_name":"Falling","player_choice":"Removed Skill","floor":37.0,"gold_loss":0.0,"damage_taken":0.0},{"damage_healed":0.0,"max_hp_gain":0.0,"max_hp_loss":0.0,"gold_gain":0.0,"event_name":"SensoryStone","player_choice":"Memory 1","floor":39.0,"gold_loss":0.0,"damage_taken":0.0},{"damage_healed":0.0,"max_hp_gain":0.0,"max_hp_loss":0.0,"gold_gain":100.0,"event_name":"Golden Shrine","player_choice":"Pray","floor":42.0,"gold_loss":0.0,"damage_taken":0.0}],"is_beta":false,"boss_relics":[{"not_picked":["Pandora\u0027s Box","Fusion Hammer"],"picked":"Cursed Key"},{"not_picked":["Astrolabe","Runic Cube"],"picked":"Tiny House"}],"items_purged_floors":[21],"is_endless":false,"potions_floor_spawned":[4,10,13,14,16,22,27,29,31,35,38],"killed_by":"Giant Head","ascension_level":8}