{"path_per_floor":["M","M","M","M","?","R","E","$","T","$","M","E","R","?","R","B",null,"M","?","M","$","M","R","M","R","T"],"character_chosen":"IRONCLAD","items_purchased":["True Grit","Searing Blow","Poison Potion","Headbutt"],"gold_per_floor":[119,133,147,162,162,162,194,20,73,25,39,69,69,19,19,96,126,146,146,164,14,32,32,44,44,118],"floor_reached":27,"campfire_rested":0,"playtime":2075,"current_hp_per_floor":[75,76,71,77,52,52,58,58,58,58,62,68,68,68,68,55,78,83,83,78,78,58,58,40,40,40],"items_purged":["Parasite","Strike_R"],"gold":118,"score":478,"play_id":"4b8876b8-025b-44dd-82b9-54edaae3669f","is_prod":false,"is_daily":false,"is_ascension_mode":true,"campfire_upgraded":5,"path_taken":["M","M","M","?","?","R","E","?","T","$","?","E","R","?","R","BOSS","M","?","M","$","M","R","M","R","T","E"],"build_version":"2018-02-22-BETA1","purchased_purges":2,"victory":false,"master_deck":["Strike_R","Strike_R+1","Strike_R","Defend_R","Defend_R","Defend_R","Defend_R+1","Bash","Cleave","Fiend Fire+1","Armaments+1","True Grit","Searing Blow+4","Metallicize","True Grit","Brutality","Havoc","Headbutt","Battle Trance"],"max_hp_per_floor":[82,82,82,82,82,82,82,79,79,79,79,79,79,79,79,79,84,84,84,84,84,84,84,84,84,84],"relics":["Burning Blood","Bronze Scales","Anchor","Ginger","Tiny House","Letter Opener"],"card_choices":[{"not_picked":["Wild Strike","Clash"],"picked":"Cleave"},{"not_picked":["Shrug It Off","Anger"],"picked":"Fiend Fire"},{"not_picked":["Clothesline","Twin Strike"],"picked":"Armaments"},{"not_picked":["Heavy Blade","Flex"],"picked":"Metallicize"},{"not_picked":["Clash","Anger"],"picked":"True Grit"},{"not_picked":["Dark Embrace","Impervious"],"picked":"Brutality"},{"not_picked":["Pommel Strike","Whirlwind"],"picked":"Havoc"},{"not_picked":["Whirlwind","Pommel Strike"],"picked":"Battle Trance"}],"player_experience":171602,"potions_floor_usage":[7,7,16,20,24,27],"damage_taken":[{"damage":6,"enemies":"Cultist","floor":1,"turns":3},{"damage":5,"enemies":"Jaw Worm","floor":2,"turns":5},{"damage":11,"enemies":"2 Louse","floor":3,"turns":4},{"damage":0,"enemies":"Large Slime","floor":4,"turns":4},{"damage":0,"enemies":"Gremlin Nob","floor":7,"turns":2},{"damage":2,"enemies":"Exordium Wildlife","floor":11,"turns":4},{"damage":0,"enemies":"3 Sentries","floor":12,"turns":6},{"damage":19,"enemies":"The Guardian","floor":16,"turns":13},{"damage":1,"enemies":"Spheric Guardian","floor":18,"turns":3},{"damage":11,"enemies":"3 Byrds","floor":20,"turns":4},{"damage":26,"enemies":"Centurion and Healer","floor":22,"turns":7},{"damage":24,"enemies":"3 Cultists","floor":24,"turns":5},{"damage":52,"enemies":"Gremlin Leader","floor":27,"turns":8}],"event_choices":[{"event_name":"Shining Light","player_choice":"Entered Light","floor":5,"damage_taken":0},{"event_name":"The Cleric","player_choice":"Card Removal","floor":14,"damage_taken":0},{"event_name":"Drug Dealer","player_choice":"Ignored","floor":19,"damage_taken":0}],"boss_relics":[{"not_picked":["Black Blood","White Beast Statue"],"picked":"Tiny House"}],"potions_floor_spawned":[2,3,4,12,20,22],"seed_played":"7580495813559347413","killed_by":"Gremlin Leader","ascension_level":15,"is_trial":false}