{"gold_per_floor":[363,379,4,23,23,23,34,34,84,84,84,39,51,70,70,167,167,183,37,52,52,52,52,67,67],"floor_reached":25,"playtime":1101,"items_purged":["Strike_B"],"score":193,"play_id":"dfbf477d-27f8-48ef-8cff-bdf4406b5c92","local_time":"20190102205023","is_ascension_mode":false,"campfire_choices":[{"data":"Redo","floor":8,"key":"SMITH"},{"floor":10,"key":"REST"},{"data":"Zap","floor":15,"key":"SMITH"},{"floor":23,"key":"REST"}],"neow_cost":"PERCENT_DAMAGE","seed_source_timestamp":1095545543938932,"circlet_count":0,"master_deck":["Strike_B","Strike_B","Defend_B","Defend_B","Defend_B","Defend_B","Zap+1","Dualcast","Gash","Beam Cell","Beam Cell","Hello World","Go for the Eyes","Redo+1","Go for the Eyes","Scrape","Creative AI","Steam Power","Beam Cell","Streamline","Gash","Steam"],"relics":["Cracked Core","Singing Bowl","Ancient Tea Set","Lantern","Nuclear Battery"],"potions_floor_usage":[16,16],"damage_taken":[{"damage":1,"enemies":"Jaw Worm","floor":1,"turns":3},{"damage":0,"enemies":"Small Slimes","floor":2,"turns":3},{"damage":0,"enemies":"2 Louse","floor":4,"turns":3},{"damage":7,"enemies":"Blue Slaver","floor":7,"turns":3},{"damage":7,"enemies":"Looter","floor":13,"turns":2},{"damage":2,"enemies":"Gremlin Gang","floor":14,"turns":5},{"damage":24,"enemies":"Hexaghost","floor":16,"turns":8},{"damage":26,"enemies":"Spheric Guardian","floor":18,"turns":5},{"damage":37,"enemies":"2 Thieves","floor":20,"turns":5},{"damage":15,"enemies":"Snake Plant","floor":24,"turns":4},{"damage":24,"enemies":"Centurion and Healer","floor":25,"turns":3}],"seed_played":"3156739816678572571","potions_obtained":[{"floor":7,"key":"Energy Potion"},{"floor":13,"key":"Weak Potion"},{"floor":24,"key":"FocusPotion"}],"is_trial":false,"path_per_floor":["M","M","$","M","$","?","M","R","T","R","?","$","M","M","R","B",null,"M","$","M","$","?","R","M","M"],"character_chosen":"DEFECT","items_purchased":["Beam Cell","Singing Bowl","Hello World","Go for the Eyes","Beam Cell","Streamline"],"campfire_rested":2,"item_purchase_floors":[3,3,3,12,19,19],"current_hp_per_floor":[53,53,53,53,53,35,28,28,28,50,43,43,38,36,36,12,77,51,51,14,14,14,37,22,0],"gold":67,"neow_bonus":"TWO_FIFTY_GOLD","is_prod":false,"is_daily":false,"chose_seed":false,"campfire_upgraded":2,"win_rate":0,"timestamp":1546480223,"path_taken":["M","M","$","M","$","?","M","R","T","R","?","?","M","M","R","BOSS","M","$","M","$","?","R","M","M"],"build_version":"2018-12-20","purchased_purges":1,"victory":false,"max_hp_per_floor":[75,75,75,75,75,75,75,75,75,75,75,75,77,77,77,77,77,77,77,77,77,77,77,77,77],"card_choices":[{"not_picked":["Streamline","Go for the Eyes"],"picked":"Gash","floor":1},{"not_picked":["Ball Lightning","Conserve Battery"],"picked":"Beam Cell","floor":2},{"not_picked":["Undo","Conserve Battery"],"picked":"Go for the Eyes","floor":4},{"not_picked":["Leap","Ball Lightning"],"picked":"Redo","floor":7},{"not_picked":["Stack","Compile Driver","Leap"],"picked":"Singing Bowl","floor":13},{"not_picked":["Redo","Machine Learning"],"picked":"Scrape","floor":14},{"not_picked":["Core Surge","Buffer"],"picked":"Creative AI","floor":16},{"not_picked":["Reprogram","Consume"],"picked":"Steam Power","floor":18},{"not_picked":["Rebound","Steam"],"picked":"Gash","floor":20},{"not_picked":["Cold Snap","Rip and Tear+1"],"picked":"Steam","floor":24}],"player_experience":883659,"relics_obtained":[{"floor":9,"key":"Lantern"}],"event_choices":[{"damage_healed":0,"gold_gain":0,"player_choice":"Success","damage_taken":18,"relics_obtained":["Ancient Tea Set"],"max_hp_gain":0,"max_hp_loss":0,"event_name":"Scrap Ooze","floor":6,"gold_loss":0},{"cards_removed":["Strike_B"],"damage_healed":0,"gold_gain":0,"player_choice":"Card Removal","damage_taken":7,"max_hp_gain":0,"max_hp_loss":0,"event_name":"Golden Wing","floor":11,"gold_loss":0},{"damage_healed":0,"gold_gain":0,"player_choice":"Ignored","damage_taken":0,"max_hp_gain":0,"max_hp_loss":0,"event_name":"Ghosts","floor":22,"gold_loss":0}],"is_beta":false,"boss_relics":[{"not_picked":["Ectoplasm","Inserter"],"picked":"Nuclear Battery"}],"items_purged_floors":[19],"is_endless":false,"potions_floor_spawned":[7,13,24],"killed_by":"Centurion and Healer","ascension_level":0}