{"gold_per_floor":[119,119,136,152,162,172,172,202,202,221,231,231,263,280,280,355,355,372,287,287,192,205,205,45,45,69,86,103,103,103,138,150,236,248,272,284,311,3,0,0,33,49,49,49,49,149,163,181,181,181],"floor_reached":51,"playtime":4901,"items_purged":[],"score":1219,"play_id":"b365bc20-25c0-4247-9dbe-b596712d321d","local_time":"20190301223050","is_ascension_mode":true,"campfire_choices":[{"floor":7.0,"key":"REST"},{"floor":15.0,"key":"REST"},{"floor":23.0,"key":"REST"},{"floor":25.0,"key":"REST"},{"floor":30.0,"key":"REST"},{"floor":32.0,"key":"REST"},{"floor":40.0,"key":"REST"},{"floor":45.0,"key":"REST"},{"floor":49.0,"key":"REST"}],"neow_cost":"NONE","seed_source_timestamp":414656489548,"circlet_count":0,"master_deck":["AscendersBane","Defend_G+1","Defend_G+1","Defend_G+1","Defend_G+1","Defend_G+1","Strike_G+1","Strike_G+1","Strike_G+1","Strike_G+1","Strike_G+1","Survivor","Neutralize","Backflip","Blur","Terror","Infinite Blades","Predator","Escape Plan","Crippling Poison","Backflip","Adrenaline","Dagger Spray","Bandage Up","Dagger Throw","Dagger Throw+1","Bouncing Flask","Expertise","After Image","Dash","Caltrops","Riddle With Holes","Envenom"],"special_seed":0,"relics":["Fusion Hammer","The Specimen","Bottled Lightning","Oddly Smooth Stone","Sozu","Tough Bandages","Blood Vial","Vajra","MawBank","Velvet Choker","Turnip","Red Mask","Shuriken","Question Card","Ice Cream"],"potions_floor_usage":[],"damage_taken":[{"damage":7.0,"enemies":"Jaw Worm","floor":1.0,"turns":4.0},{"damage":1.0,"enemies":"Cultist","floor":3.0,"turns":5.0},{"damage":2.0,"enemies":"2 Louse","floor":4.0,"turns":5.0},{"damage":1.0,"enemies":"Blue Slaver","floor":5.0,"turns":6.0},{"damage":0.0,"enemies":"Exordium Wildlife","floor":6.0,"turns":5.0},{"damage":15.0,"enemies":"3 Sentries","floor":8.0,"turns":9.0},{"damage":25.0,"enemies":"Gremlin Gang","floor":10.0,"turns":4.0},{"damage":4.0,"enemies":"Blue Slaver","floor":11.0,"turns":4.0},{"damage":10.0,"enemies":"Lagavulin","floor":13.0,"turns":7.0},{"damage":1.0,"enemies":"Looter","floor":14.0,"turns":4.0},{"damage":33.0,"enemies":"Slime Boss","floor":16.0,"turns":14.0},{"damage":10.0,"enemies":"Spheric Guardian","floor":18.0,"turns":5.0},{"damage":6.0,"enemies":"Chosen","floor":22.0,"turns":6.0},{"damage":22.0,"enemies":"Snake Plant","floor":27.0,"turns":6.0},{"damage":14.0,"enemies":"Centurion and Healer","floor":28.0,"turns":6.0},{"damage":20.0,"enemies":"Slavers","floor":31.0,"turns":5.0},{"damage":66.0,"enemies":"Collector","floor":33.0,"turns":11.0},{"damage":0.0,"enemies":"Orb Walker","floor":35.0,"turns":4.0},{"damage":10.0,"enemies":"3 Darklings","floor":37.0,"turns":6.0},{"damage":72.0,"enemies":"Giant Head","floor":41.0,"turns":11.0},{"damage":1.0,"enemies":"Writhing Mass","floor":42.0,"turns":7.0},{"damage":0.0,"enemies":"Mind Bloom Boss Battle","floor":46.0,"turns":7.0},{"damage":2.0,"enemies":"Sphere and 2 Shapes","floor":47.0,"turns":7.0},{"damage":11.0,"enemies":"3 Darklings","floor":48.0,"turns":5.0},{"damage":68,"enemies":"Donu and Deca","floor":50,"turns":11}],"seed_played":"8292518454151518830","potions_obtained":[{"floor":1.0,"key":"Block Potion"},{"floor":2.0,"key":"Poison Potion"},{"floor":10.0,"key":"GhostInAJar"},{"floor":14.0,"key":"FairyPotion"}],"is_trial":false,"path_per_floor":["M","?","M","M","M","M","R","E","T","M","M","?","E","M","R","B",null,"M","?","?","$","M","R","$","R","T","M","M","?","R","E","R","B",null,"M","?","M","$","?","R","E","M","T","?","R","?","M","M","R","B",null],"character_chosen":"THE_SILENT","items_purchased":["Bandage Up","Blood Vial","Turnip"],"campfire_rested":9,"item_purchase_floors":[21,24,38],"current_hp_per_floor":[52,52,51,49,48,48,66,51,51,26,22,27,17,16,37,4,54,44,44,24,24,22,44,44,66,66,50,42,42,64,50,72,10,60,62,62,58,58,58,76,4,9,9,9,31,37,41,36,58,7],"gold":181,"neow_bonus":"BOSS_RELIC","is_prod":false,"is_daily":false,"chose_seed":false,"campfire_upgraded":0,"win_rate":0,"timestamp":1551472250,"path_taken":["M","?","M","M","?","M","R","E","T","M","M","?","E","M","R","BOSS","M","?","?","$","M","R","?","R","T","M","?","?","R","E","R","BOSS","M","?","M","$","?","R","E","M","T","?","R","?","?","M","R","BOSS"],"build_version":"2019-01-23","purchased_purges":0,"victory":true,"max_hp_per_floor":[66,66,66,66,66,66,66,66,66,66,66,71,71,71,71,71,71,71,71,76,76,76,76,76,76,76,76,76,76,76,76,76,76,76,76,76,76,76,76,76,76,76,76,76,76,76,76,76,76,76],"card_choices":[{"not_picked":["Blur","Underhanded Strike"],"picked":"Backflip","floor":1.0},{"not_picked":["Quick Slash","Backflip"],"picked":"Blur","floor":3.0},{"not_picked":["Backflip","Outmaneuver","Bane"],"picked":"SKIP","floor":4.0},{"not_picked":["Acrobatics","Masterful Stab"],"picked":"Terror","floor":5.0},{"not_picked":["Deflect","Flying Knee"],"picked":"Infinite Blades","floor":6.0},{"not_picked":["Heel Hook","Underhanded Strike"],"picked":"Predator","floor":8.0},{"not_picked":["Bouncing Flask","Backflip"],"picked":"Escape Plan","floor":10.0},{"not_picked":["Outmaneuver","Acrobatics"],"picked":"Crippling Poison","floor":11.0},{"not_picked":["Concentrate","Heel Hook","Crippling Poison"],"picked":"SKIP","floor":13.0},{"not_picked":["Outmaneuver","Deflect"],"picked":"Backflip","floor":14.0},{"not_picked":["Envenom","Wraith Form v2"],"picked":"Adrenaline","floor":16.0},{"not_picked":["Masterful Stab","Flying Knee"],"picked":"Dagger Spray","floor":18.0},{"not_picked":["Bane","Accuracy"],"picked":"Dagger Throw","floor":22.0},{"not_picked":["Flying Knee","Underhanded Strike"],"picked":"Dagger Throw+1","floor":27.0},{"not_picked":["Phantasmal Killer","Bane"],"picked":"Bouncing Flask","floor":28.0},{"not_picked":["Masterful Stab","Prepared"],"picked":"Expertise","floor":31.0},{"not_picked":["Storm of Steel","A Thousand Cuts"],"picked":"After Image","floor":33.0},{"not_picked":["Backflip","Acrobatics+1"],"picked":"Dash","floor":35.0},{"not_picked":["Skewer","Deflect"],"picked":"Caltrops","floor":37.0},{"not_picked":["Distraction","Acrobatics+1"],"picked":"Riddle With Holes","floor":41.0},{"not_picked":["Cloak And Dagger","Acrobatics+1","Tactician"],"picked":"SKIP","floor":42.0},{"not_picked":["Cloak And Dagger","Dash","Expertise+1"],"picked":"Envenom","floor":46.0},{"not_picked":["Underhanded Strike+1","Dodge and Roll","Slice","Prepared"],"picked":"SKIP","floor":47.0},{"not_picked":["Deadly Poison","Dagger Spray+1","Underhanded Strike","Terror"],"picked":"SKIP","floor":48.0}],"player_experience":331672,"relics_obtained":[{"floor":8.0,"key":"The Specimen"},{"floor":9.0,"key":"Bottled Lightning"},{"floor":13.0,"key":"Oddly Smooth Stone"},{"floor":26.0,"key":"Vajra"},{"floor":31.0,"key":"MawBank"},{"floor":41.0,"key":"Shuriken"},{"floor":43.0,"key":"Question Card"},{"floor":46.0,"key":"Ice Cream"}],"event_choices":[{"damage_healed":0.0,"max_hp_gain":0.0,"max_hp_loss":0.0,"gold_gain":0.0,"event_name":"Lab","player_choice":"Got Potions","floor":2.0,"gold_loss":0.0,"damage_taken":0.0},{"damage_healed":0.0,"max_hp_gain":5.0,"max_hp_loss":0.0,"gold_gain":0.0,"event_name":"Big Fish","player_choice":"Donut","floor":12.0,"gold_loss":0.0,"damage_taken":0.0},{"damage_healed":0.0,"max_hp_gain":0.0,"max_hp_loss":0.0,"gold_gain":0.0,"event_name":"Addict","player_choice":"Obtained Relic","floor":19.0,"gold_loss":85.0,"damage_taken":0.0,"relics_obtained":["Tough Bandages"]},{"damage_healed":0.0,"max_hp_gain":5.0,"max_hp_loss":0.0,"gold_gain":0.0,"event_name":"Forgotten Altar","player_choice":"Shed Blood","floor":20.0,"gold_loss":0.0,"damage_taken":25.0},{"damage_healed":0.0,"max_hp_gain":0.0,"max_hp_loss":0.0,"gold_gain":0.0,"event_name":"Back to Basics","player_choice":"Simplicity","floor":29.0,"gold_loss":0.0,"damage_taken":0.0,"cards_upgraded":["Defend_G","Defend_G","Defend_G","Defend_G","Defend_G","Strike_G","Strike_G","Strike_G","Strike_G","Strike_G"]},{"damage_healed":0.0,"max_hp_gain":0.0,"max_hp_loss":0.0,"gold_gain":0.0,"event_name":"Mysterious Sphere","player_choice":"Ignored","floor":36.0,"gold_loss":0.0,"damage_taken":0.0},{"damage_healed":0.0,"max_hp_gain":0.0,"max_hp_loss":0.0,"gold_gain":0.0,"event_name":"Tomb of Lord Red Mask","player_choice":"Paid","floor":39.0,"gold_loss":3.0,"damage_taken":0.0,"relics_obtained":["Red Mask"]},{"damage_healed":0.0,"max_hp_gain":0.0,"max_hp_loss":0.0,"gold_gain":0.0,"event_name":"The Moai Head","player_choice":"Ignored","floor":44.0,"gold_loss":0.0,"damage_taken":0.0},{"damage_healed":0.0,"max_hp_gain":0.0,"max_hp_loss":0.0,"gold_gain":0.0,"event_name":"MindBloom","player_choice":"Fight","floor":46.0,"gold_loss":0.0,"damage_taken":0.0}],"is_beta":false,"boss_relics":[{"not_picked":["Snecko Eye","WristBlade"],"picked":"Sozu"},{"not_picked":["Runic Dome","HoveringKite"],"picked":"Velvet Choker"}],"items_purged_floors":[],"is_endless":false,"potions_floor_spawned":[1,4,5,10,14,18,27,28,37,42,48],"ascension_level":17}