{"gold_per_floor":[111,131,81,81,81,81,113,113,113,131,146,156,156,169,169,268,268,286,286,236,255,271,271,96,107,131,151,161,181,181,195,195,195],"floor_reached":33,"playtime":3022,"items_purged":[],"score":431,"play_id":"feb28a74-d0c4-4988-9240-66ca3cb8626c","local_time":"20190207223419","is_ascension_mode":true,"campfire_choices":[{"data":"Neutralize","floor":6,"key":"SMITH"},{"data":"Dagger Spray","floor":8,"key":"SMITH"},{"data":"Dagger Spray","floor":13,"key":"SMITH"},{"floor":15,"key":"REST"},{"floor":23,"key":"REST"},{"floor":30,"key":"REST"},{"floor":32,"key":"REST"}],"neow_cost":"NONE","seed_source_timestamp":214363696798237,"circlet_count":0,"master_deck":["AscendersBane","Defend_G","Defend_G","Defend_G","Defend_G","Defend_G","Strike_G","Strike_G","Strike_G","Strike_G","Survivor","Neutralize+1","Dagger Spray+1","Dagger Spray+1","Cloak And Dagger","Dash","Escape Plan","A Thousand Cuts","Backflip+1","RitualDagger","Backstab","Backstab","Noxious Fumes","Blind","Riddle With Holes","Skewer","Backflip","Deadly Poison","Crippling Poison+1"],"relics":["Ring of the Snake","NeowsBlessing","Vajra","Pen Nib","Dodecahedron","Sozu","Anchor"],"potions_floor_usage":[11,16],"damage_taken":[{"damage":0,"enemies":"Cultist","floor":1,"turns":1},{"damage":0,"enemies":"Jaw Worm","floor":2,"turns":1},{"damage":0,"enemies":"Gremlin Nob","floor":7,"turns":1},{"damage":0,"enemies":"2 Louse","floor":10,"turns":1},{"damage":5,"enemies":"Large Slime","floor":11,"turns":5},{"damage":0,"enemies":"2 Fungi Beasts","floor":12,"turns":1},{"damage":3,"enemies":"Exordium Thugs","floor":14,"turns":3},{"damage":23,"enemies":"The Guardian","floor":16,"turns":11},{"damage":13,"enemies":"2 Thieves","floor":18,"turns":3},{"damage":6,"enemies":"3 Byrds","floor":21,"turns":4},{"damage":0,"enemies":"Cultist and Chosen","floor":22,"turns":6},{"damage":13,"enemies":"Shelled Parasite and Fungi","floor":25,"turns":6},{"damage":16,"enemies":"Snecko","floor":27,"turns":5},{"damage":15,"enemies":"Snake Plant","floor":28,"turns":5},{"damage":0,"enemies":"3 Cultists","floor":29,"turns":3},{"damage":6,"enemies":"Cultist and Chosen","floor":31,"turns":7},{"damage":79,"enemies":"Champ","floor":33,"turns":10}],"seed_played":"-2989588658683036083","potions_obtained":[{"floor":10,"key":"EssenceOfSteel"},{"floor":12,"key":"Energy Potion"},{"floor":14,"key":"Strength Potion"},{"floor":16,"key":"Poison Potion"}],"is_trial":false,"path_per_floor":["M","M","?","?","?","R","E","R","T","M","M","M","R","M","R","B",null,"M","?","?","M","M","R","$","M","T","M","M","M","R","M","R","B"],"character_chosen":"THE_SILENT","items_purchased":["Noxious Fumes","Blind"],"campfire_rested":4,"item_purchase_floors":[24,24],"current_hp_per_floor":[63,63,63,56,56,56,56,56,56,56,51,51,51,48,69,46,64,51,45,45,39,39,60,60,47,47,31,16,16,37,31,52,0],"gold":195,"neow_bonus":"THREE_ENEMY_KILL","is_prod":false,"is_daily":false,"chose_seed":false,"campfire_upgraded":3,"win_rate":0,"timestamp":1549596859,"path_taken":["M","?","?","?","?","R","E","R","T","M","M","M","R","M","R","BOSS","M","?","?","M","?","R","?","M","T","M","M","?","R","M","R","BOSS"],"build_version":"2019-01-23","purchased_purges":0,"victory":false,"max_hp_per_floor":[70,70,70,70,70,70,70,70,70,70,70,70,70,70,70,70,70,70,70,70,70,70,70,70,70,70,70,70,70,70,70,70,70],"card_choices":[{"not_picked":["Quick Slash","Deflect"],"picked":"Dagger Spray","floor":1},{"not_picked":["Blade Dance","Underhanded Strike","Expertise"],"picked":"SKIP","floor":2},{"not_picked":["Expertise","Underhanded Strike","Phantasmal Killer"],"picked":"SKIP","floor":7},{"not_picked":["Outmaneuver","Reflex"],"picked":"Dagger Spray","floor":10},{"not_picked":["Concentrate","Acrobatics"],"picked":"Cloak And Dagger","floor":11},{"not_picked":["Poisoned Stab","PiercingWail"],"picked":"Dash","floor":12},{"not_picked":["Backflip","Quick Slash"],"picked":"Escape Plan","floor":14},{"not_picked":["Wraith Form v2","Burst"],"picked":"A Thousand Cuts","floor":16},{"not_picked":["Sucker Punch","Distraction"],"picked":"Backflip+1","floor":18},{"not_picked":["All Out Attack","Outmaneuver"],"picked":"Backstab","floor":21},{"not_picked":["Predator+1","Backflip"],"picked":"Backstab","floor":22},{"not_picked":["Prepared","Acrobatics"],"picked":"Riddle With Holes","floor":25},{"not_picked":["Deflect","Backflip"],"picked":"Skewer","floor":27},{"not_picked":["Finisher+1","Acrobatics"],"picked":"Backflip","floor":28},{"not_picked":["Sucker Punch","Storm of Steel"],"picked":"Deadly Poison","floor":29},{"not_picked":["Eviscerate+1","Poisoned Stab"],"picked":"Crippling Poison+1","floor":31}],"player_experience":1131418,"relics_obtained":[{"floor":7,"key":"Pen Nib"},{"floor":9,"key":"Dodecahedron"},{"floor":26,"key":"Anchor"}],"event_choices":[{"cards_removed":["Strike_G"],"damage_healed":0,"gold_gain":0,"player_choice":"Card Removal","damage_taken":0,"max_hp_gain":0,"max_hp_loss":0,"event_name":"The Cleric","floor":3,"gold_loss":50},{"damage_healed":0,"gold_gain":0,"player_choice":"Success","damage_taken":7,"relics_obtained":["Vajra"],"max_hp_gain":0,"max_hp_loss":0,"event_name":"Scrap Ooze","floor":4,"gold_loss":0},{"damage_healed":0,"gold_gain":0,"player_choice":"Ignored","damage_taken":0,"max_hp_gain":0,"max_hp_loss":0,"event_name":"Liars Game","floor":5,"gold_loss":0},{"damage_healed":0,"gold_gain":0,"player_choice":"Joined the Cult","damage_taken":6,"max_hp_gain":0,"max_hp_loss":0,"event_name":"Nest","floor":19,"gold_loss":0,"cards_obtained":["RitualDagger"]},{"damage_healed":0,"gold_gain":0,"player_choice":"Bet on Murderer","damage_taken":0,"max_hp_gain":0,"max_hp_loss":0,"event_name":"The Joust","floor":20,"gold_loss":50}],"is_beta":false,"boss_relics":[{"not_picked":["Coffee Dripper","Empty Cage"],"picked":"Sozu"}],"items_purged_floors":[],"is_endless":false,"potions_floor_spawned":[10,12,14,16,21,25,29,31],"killed_by":"Champ","ascension_level":11}