{"gold_per_floor":[109,109,109,134,148,148,20,41,116,130,148,148,171,192,192,321,321,344,344,344,358,377,377,377,377,401,453,453,472,472,48,48,172,172,192,192,8,27,0,0,0,15,94,114,114,139,154,81,81,81],"floor_reached":51,"playtime":2017,"items_purged":["Strike_R","Strike_R"],"score":691,"play_id":"6947e206-e818-42b1-a5ef-f4e0cc624b17","local_time":"20190205214542","is_ascension_mode":false,"campfire_choices":[{"data":"Mind Blast","floor":6.0,"key":"SMITH"},{"data":"Sword Boomerang","floor":12,"key":"SMITH"},{"data":"Sword Boomerang","floor":15,"key":"SMITH"},{"floor":24,"key":"REST"},{"data":"RitualDagger","floor":28,"key":"SMITH"},{"data":"Bludgeon","floor":30,"key":"SMITH"},{"floor":32,"key":"REST"},{"data":"Limit Break","floor":40,"key":"SMITH"},{"data":"Inflame","floor":45,"key":"SMITH"},{"data":"Inflame","floor":49,"key":"SMITH"}],"neow_cost":"NONE","seed_source_timestamp":0,"circlet_count":0,"master_deck":["Defend_R","Defend_R","Defend_R","Bash","Reaper","Bludgeon+1","Mind Blast+1","Heavy Blade","Heavy Blade","Dramatic Entrance","Shrug It Off","Sword Boomerang+1","Sword Boomerang+1","Burning Pact","Offering","Pummel","Exhume","Shrug It Off","RitualDagger+1","Pummel","Inflame+1","Rampage","Shrug It Off","Limit Break+1","Flame Barrier","Heavy Blade","Dramatic Entrance","Shrug It Off","Writhe","Metallicize+1","Inflame+1"],"special_seed":0,"relics":["Burning Blood","Golden Idol","Pear","Mark of Pain","Happy Flower","Bag of Preparation","Cursed Key","Red Mask","Blue Candle"],"potions_floor_usage":[22,33,33,50,50,50],"damage_taken":[{"damage":7.0,"enemies":"2 Louse","floor":1.0,"turns":4.0},{"damage":5.0,"enemies":"Small Slimes","floor":4.0,"turns":2.0},{"damage":15.0,"enemies":"Cultist","floor":5.0,"turns":4.0},{"damage":2.0,"enemies":"Looter","floor":8.0,"turns":2.0},{"damage":12.0,"enemies":"Blue Slaver","floor":10.0,"turns":2.0},{"damage":0.0,"enemies":"Lots of Slimes","floor":11.0,"turns":3.0},{"damage":10,"enemies":"Looter","floor":13,"turns":2},{"damage":9,"enemies":"2 Fungi Beasts","floor":14,"turns":3},{"damage":32,"enemies":"Slime Boss","floor":16,"turns":8},{"damage":16,"enemies":"Chosen","floor":18,"turns":3},{"damage":30,"enemies":"2 Thieves","floor":21,"turns":3},{"damage":54,"enemies":"Centurion and Healer","floor":22,"turns":5},{"damage":20,"enemies":"Cultist and Chosen","floor":29,"turns":5},{"damage":40,"enemies":"Champ","floor":33,"turns":8},{"damage":19,"enemies":"3 Shapes","floor":35,"turns":2},{"damage":5,"enemies":"Orb Walker","floor":38,"turns":2},{"damage":6,"enemies":"Jaw Worm Horde","floor":42,"turns":3},{"damage":6,"enemies":"3 Darklings","floor":44,"turns":2},{"damage":12,"enemies":"Sphere and 2 Shapes","floor":46,"turns":4},{"damage":6,"enemies":"Transient","floor":47,"turns":5},{"damage":91,"enemies":"Awakened One","floor":50,"turns":10}],"seed_played":"-8409877402359032337","potions_obtained":[{"floor":1.0,"key":"BloodPotion"},{"floor":5.0,"key":"EssenceOfSteel"},{"floor":8.0,"key":"FearPotion"},{"floor":11.0,"key":"SteroidPotion"},{"floor":13,"key":"Fruit Juice"},{"floor":22,"key":"SkillPotion"},{"floor":29,"key":"SteroidPotion"},{"floor":33,"key":"Regen Potion"},{"floor":35,"key":"Energy Potion"},{"floor":47,"key":"SkillPotion"}],"is_trial":false,"path_per_floor":["M","?","?","M","M","R","$","M","T","M","M","R","M","M","R","B",null,"M","?","?","M","M","?","R","?","T","T","R","M","R","$","R","B",null,"M","?","$","M","?","R","?","M","T","M","R","M","M","$","R","B",null],"character_chosen":"IRONCLAD","items_purchased":["Dramatic Entrance","Shrug It Off","Inflame","Rampage","Shrug It Off","Bag of Preparation","Dramatic Entrance","Inflame"],"campfire_rested":2,"item_purchase_floors":[7,7,31,31,31,31,37,48],"current_hp_per_floor":[80,60,60,61,58,58,58,62,72,70,76,76,72,72,72,46,90,84,84,84,64,29,29,57,51,51,51,51,41,41,41,69,41,95,88,88,88,89,89,89,89,89,89,89,89,83,83,83,83,17],"gold":81,"neow_bonus":"TRANSFORM_CARD","is_prod":false,"is_daily":false,"chose_seed":false,"campfire_upgraded":8,"win_rate":0,"timestamp":1549421142,"path_taken":["M","?","?","?","M","R","$","M","T","M","M","R","M","M","R","BOSS","M","?","?","M","?","?","R","?","T","?","R","M","R","$","R","BOSS","M","?","?","M","?","R","?","M","T","M","R","M","?","$","R","BOSS"],"build_version":"2019-01-23","purchased_purges":2,"victory":true,"max_hp_per_floor":[80,80,80,80,80,80,80,80,90,90,90,90,90,90,90,90,90,90,90,90,90,95,95,95,95,95,95,95,95,95,95,95,95,95,95,95,95,95,95,95,95,95,95,95,95,95,95,95,95,95],"card_choices":[{"not_picked":["Hemokinesis","Rage","Wild Strike"],"picked":"SKIP","floor":1.0},{"not_picked":["Sword Boomerang","Infernal Blade"],"picked":"Heavy Blade","floor":4.0},{"not_picked":["Thunderclap","Infernal Blade"],"picked":"Heavy Blade","floor":5.0},{"not_picked":["Dropkick","Hemokinesis","Searing Blow"],"picked":"SKIP","floor":8.0},{"not_picked":["Pommel Strike","Burning Pact"],"picked":"Sword Boomerang","floor":10.0},{"not_picked":["Reckless Charge","Disarm"],"picked":"Sword Boomerang","floor":11.0},{"not_picked":["Armaments","Cleave","Clash"],"picked":"SKIP","floor":13},{"not_picked":["Headbutt","Clash"],"picked":"Burning Pact","floor":14},{"not_picked":["Reaper","Barricade"],"picked":"Offering","floor":16},{"not_picked":["Anger","Cleave"],"picked":"Pummel","floor":18},{"not_picked":["Rage","Combust","Headbutt"],"picked":"SKIP","floor":21},{"not_picked":["Evolve","Wild Strike"],"picked":"Shrug It Off","floor":22},{"not_picked":["True Grit","Warcry+1"],"picked":"Pummel","floor":29},{"not_picked":["Offering","Reaper"],"picked":"Limit Break","floor":33},{"not_picked":["Corruption+1","Reckless Charge"],"picked":"Flame Barrier","floor":35},{"not_picked":["Feel No Pain+1","Havoc+1","Searing Blow+1"],"picked":"SKIP","floor":38},{"not_picked":["Metallicize+1","Blood for Blood+1"],"picked":"Shrug It Off","floor":42},{"not_picked":["Corruption","Searing Blow+1","Headbutt+1"],"picked":"SKIP","floor":44},{"not_picked":["Fire Breathing+1","Whirlwind","Second Wind+1"],"picked":"SKIP","floor":46},{"not_picked":["Headbutt","Armaments+1"],"picked":"Metallicize+1","floor":47}],"player_experience":993153,"relics_obtained":[{"floor":9.0,"key":"Pear"},{"floor":27,"key":"Happy Flower"},{"floor":43,"key":"Blue Candle"}],"event_choices":[{"damage_healed":0.0,"max_hp_gain":0.0,"max_hp_loss":0.0,"gold_gain":0.0,"event_name":"Golden Idol","player_choice":"Take Damage","floor":2.0,"gold_loss":0.0,"damage_taken":20.0,"relics_obtained":["Golden Idol"]},{"damage_healed":0.0,"max_hp_gain":0.0,"max_hp_loss":0.0,"gold_gain":0.0,"event_name":"Match and Keep!","player_choice":"2 cards matched","floor":3.0,"gold_loss":0.0,"damage_taken":0.0,"cards_obtained":["Bludgeon","Mind Blast"]},{"damage_healed":0,"gold_gain":0,"player_choice":"Ignored","damage_taken":0,"max_hp_gain":0,"max_hp_loss":0,"event_name":"Vampires","floor":19,"gold_loss":0},{"damage_healed":0,"gold_gain":0,"cards_transformed":["Strike_R"],"player_choice":"Transformed","damage_taken":0,"max_hp_gain":0,"max_hp_loss":0,"event_name":"Transmorgrifier","floor":20,"gold_loss":0,"cards_obtained":["Exhume"]},{"damage_healed":0,"gold_gain":0,"player_choice":"Ignored","damage_taken":0,"max_hp_gain":0,"max_hp_loss":0,"event_name":"Ghosts","floor":23,"gold_loss":0},{"damage_healed":0,"gold_gain":0,"player_choice":"Joined the Cult","damage_taken":6,"max_hp_gain":0,"max_hp_loss":0,"event_name":"Nest","floor":25,"gold_loss":0,"cards_obtained":["RitualDagger"]},{"damage_healed":0,"gold_gain":0,"cards_transformed":["Defend_R"],"player_choice":"Transformed","damage_taken":0,"max_hp_gain":0,"max_hp_loss":0,"event_name":"Transmorgrifier","floor":36,"gold_loss":0,"cards_obtained":["Heavy Blade"]},{"damage_healed":0,"gold_gain":0,"player_choice":"Paid","damage_taken":0,"relics_obtained":["Red Mask"],"max_hp_gain":0,"max_hp_loss":0,"event_name":"Tomb of Lord Red Mask","floor":39,"gold_loss":27},{"cards_removed":["Strike_R"],"damage_healed":0,"gold_gain":0,"player_choice":"Card Removal","damage_taken":0,"max_hp_gain":0,"max_hp_loss":0,"event_name":"Wheel of Change","floor":41,"gold_loss":0}],"is_beta":false,"boss_relics":[{"not_picked":["Busted Crown","Tiny House"],"picked":"Mark of Pain"},{"not_picked":["White Beast Statue","Velvet Choker"],"picked":"Cursed Key"}],"items_purged_floors":[31,37],"is_endless":false,"potions_floor_spawned":[1,5,8,11,13,22,29,33,35,47],"ascension_level":0}