{"gold_per_floor":[115,126,126,54,66,66,96,96,96,109,109,120,192,142,142,238,238,248,248,264,264,73,73,93,105,105,121,121,46,46,61,61,61],"floor_reached":33,"playtime":1906,"items_purged":["Writhe"],"score":272,"play_id":"121bce17-d57f-4ea6-b9bf-145e862de695","local_time":"20181201140211","is_ascension_mode":true,"campfire_choices":[{"data":"Infinite Blades","floor":6,"key":"SMITH"},{"data":"Blade Dance","floor":8,"key":"SMITH"},{"data":"PiercingWail","floor":11,"key":"SMITH"},{"data":"Storm of Steel","floor":15,"key":"SMITH"},{"floor":23,"key":"REST"},{"floor":32,"key":"REST"}],"neow_cost":"NONE","seed_source_timestamp":660899782781909,"circlet_count":0,"master_deck":["Defend_G","Defend_G","Defend_G","Defend_G","Defend_G","Strike_G","Strike_G","Strike_G","Strike_G","Survivor","Neutralize+1","Blade Dance+1","Dagger Throw","Infinite Blades+1","Poisoned Stab","PiercingWail+1","Storm of Steel+1","After Image","Dash","Cloak And Dagger","After Image+1","Well Laid Plans+1","Poisoned Stab","After Image+1","Footwork+1"],"relics":["Ring of the Snake","NeowsBlessing","Mercury Hourglass","Ninja Scroll","Fusion Hammer","Frozen Egg 2","DollysMirror","Bottled Lightning","The Specimen"],"potions_floor_usage":[7,16,27,27,31],"damage_taken":[{"damage":0,"enemies":"Jaw Worm","floor":1,"turns":1},{"damage":0,"enemies":"Cultist","floor":2,"turns":1},{"damage":0,"enemies":"2 Louse","floor":5,"turns":1},{"damage":7,"enemies":"Lagavulin","floor":7,"turns":8},{"damage":0,"enemies":"Exordium Wildlife","floor":10,"turns":2},{"damage":0,"enemies":"Gremlin Gang","floor":12,"turns":3},{"damage":2,"enemies":"Hexaghost","floor":16,"turns":7},{"damage":12,"enemies":"Shell Parasite","floor":18,"turns":4},{"damage":6,"enemies":"2 Thieves","floor":20,"turns":4},{"damage":10,"enemies":"Snake Plant","floor":24,"turns":6},{"damage":13,"enemies":"Centurion and Healer","floor":25,"turns":7},{"damage":0,"enemies":"Snecko","floor":27,"turns":5},{"damage":1,"enemies":"Cultist and Chosen","floor":31,"turns":6},{"damage":85,"enemies":"Automaton","floor":33,"turns":14}],"seed_played":"-573874017075749357","potions_obtained":[{"floor":2,"key":"Strength Potion"},{"floor":5,"key":"PowerPotion"},{"floor":16,"key":"Swift Potion"},{"floor":20,"key":"Energy Potion"},{"floor":24,"key":"GamblersBrew"}],"is_trial":false,"path_per_floor":["M","M","?","$","M","R","E","R","T","M","R","M","?","?","R","B",null,"M","?","M","?","$","R","M","M","T","M","T","$","?","M","R","B"],"character_chosen":"THE_SILENT","items_purchased":["Infinite Blades","DollysMirror"],"campfire_rested":2,"item_purchase_floors":[4,22],"current_hp_per_floor":[70,70,70,70,70,70,63,63,63,63,63,63,63,63,63,61,70,58,80,74,74,74,80,70,57,57,57,57,57,57,56,80,0],"gold":61,"neow_bonus":"THREE_ENEMY_KILL","is_prod":false,"is_daily":false,"chose_seed":false,"campfire_upgraded":4,"win_rate":0,"timestamp":1543690931,"path_taken":["M","M","?","$","?","R","E","R","T","M","R","M","?","?","R","BOSS","M","?","?","?","$","R","M","M","T","M","?","$","?","?","R","BOSS"],"build_version":"2018-11-15","purchased_purges":1,"victory":false,"max_hp_per_floor":[70,70,70,70,70,70,70,70,70,70,70,70,70,70,70,70,70,70,80,80,80,80,80,80,80,80,80,80,80,80,80,80,80],"card_choices":[{"not_picked":["PiercingWail","Terror"],"picked":"Blade Dance","floor":1},{"not_picked":["Endless Agony","Dagger Spray"],"picked":"Dagger Throw","floor":2},{"not_picked":["Quick Slash","Outmaneuver"],"picked":"Poisoned Stab","floor":5},{"not_picked":["Cloak And Dagger","Tactician"],"picked":"Unload","floor":7},{"not_picked":["Backflip","Underhanded Strike"],"picked":"PiercingWail","floor":10},{"not_picked":["Bane","Blade Dance"],"picked":"Storm of Steel","floor":12},{"not_picked":["Unload","Night Terror"],"picked":"After Image","floor":16},{"not_picked":["Dagger Spray","Flying Knee"],"picked":"Dash","floor":18},{"not_picked":["Acrobatics","Sucker Punch"],"picked":"Cloak And Dagger","floor":20},{"not_picked":["Outmaneuver","Dagger Throw"],"picked":"Well Laid Plans+1","floor":24},{"not_picked":["Endless Agony","Glass Knife","Deflect"],"picked":"SKIP","floor":25},{"not_picked":["Dagger Throw","Riddle With Holes"],"picked":"Poisoned Stab","floor":27},{"not_picked":["All Out Attack","Blade Dance"],"picked":"Footwork+1","floor":31}],"player_experience":207109,"relics_obtained":[{"floor":7,"key":"Mercury Hourglass"},{"floor":9,"key":"Ninja Scroll"},{"floor":26,"key":"Bottled Lightning"},{"floor":28,"key":"The Specimen"}],"event_choices":[{"damage_healed":0,"gold_gain":0,"player_choice":"Upgraded","damage_taken":0,"max_hp_gain":0,"max_hp_loss":0,"event_name":"Upgrade Shrine","floor":3,"gold_loss":0,"cards_upgraded":["Neutralize"]},{"damage_healed":0,"gold_gain":72,"player_choice":"Gained Gold","damage_taken":0,"max_hp_gain":0,"max_hp_loss":0,"event_name":"Golden Wing","floor":13,"gold_loss":0},{"cards_removed":["Strike_G"],"damage_healed":0,"gold_gain":0,"player_choice":"Card Removal","damage_taken":0,"max_hp_gain":0,"max_hp_loss":0,"event_name":"The Cleric","floor":14,"gold_loss":50},{"cards_removed":["Unload"],"damage_healed":12,"gold_gain":0,"player_choice":"Offered Rare","damage_taken":0,"max_hp_gain":10,"max_hp_loss":0,"event_name":"Bonfire Elementals","floor":19,"gold_loss":0},{"damage_healed":0,"gold_gain":0,"player_choice":"Opened","damage_taken":0,"relics_obtained":["Frozen Egg 2"],"max_hp_gain":0,"max_hp_loss":0,"event_name":"The Mausoleum","floor":21,"gold_loss":0,"cards_obtained":["Writhe"]},{"damage_healed":0,"gold_gain":0,"player_choice":"Copied","damage_taken":0,"max_hp_gain":0,"max_hp_loss":0,"event_name":"Duplicator","floor":30,"gold_loss":0,"cards_obtained":["After Image"]}],"is_beta":false,"boss_relics":[{"not_picked":["HoveringKite","Runic Pyramid"],"picked":"Fusion Hammer"}],"items_purged_floors":[29],"is_endless":false,"potions_floor_spawned":[2,5,16,20,24],"killed_by":"Automaton","ascension_level":2}