{"gold_per_floor":[116,135,85,85,3,3,30,30,30,30,49,68,88,88,88,186,186,204,215,215,69,69,69,69,69,69,87,87,99,19,31,31,128,128,148,64,64,74,74,74,74,74,149,169,169,169,186,26,26,26],"floor_reached":50,"playtime":2523,"items_purged":["Strike_G"],"score":463,"play_id":"ce0804ab-6384-4076-978e-083c3739c897","local_time":"20190210212418","is_ascension_mode":false,"campfire_choices":[{"data":"Cloak And Dagger","floor":6,"key":"SMITH"},{"floor":8,"key":"RECALL"},{"data":"Finisher","floor":15,"key":"SMITH"},{"data":"Infinite Blades","floor":23,"key":"SMITH"},{"data":"RitualDagger","floor":25,"key":"SMITH"},{"data":"Blade Dance","floor":28,"key":"SMITH"},{"floor":32,"key":"REST"},{"data":"Finisher","floor":40,"key":"SMITH"},{"data":"Choke","floor":42,"key":"SMITH"},{"floor":49,"key":"REST"}],"neow_cost":"NONE","seed_source_timestamp":26292502770820,"circlet_count":0,"master_deck":["Defend_G","Defend_G","Defend_G","Defend_G","Strike_G","Strike_G","Strike_G","Survivor","Neutralize","PiercingWail","Cloak And Dagger+1","Finisher+1","Riddle With Holes","Blade Dance+1","Corpse Explosion","Choke+1","Dagger Spray+1","Infinite Blades+1","RitualDagger+1","Terror","Footwork","Adrenaline","Swift Strike","Panache+1","Finisher+1","Finisher","After Image"],"relics":["Ring of the Snake","NeowsBlessing","Shuriken","Eternal Feather","Meat on the Bone","Philosopher\u0027s Stone","Toxic Egg 2"],"potions_floor_usage":[27,33,33,33,47,50],"damage_taken":[{"damage":0,"enemies":"Small Slimes","floor":1,"turns":1},{"damage":0,"enemies":"2 Louse","floor":2,"turns":1},{"damage":0,"enemies":"3 Sentries","floor":7,"turns":1},{"damage":0,"enemies":"Cultist","floor":11,"turns":3},{"damage":0,"enemies":"Exordium Wildlife","floor":12,"turns":3},{"damage":0,"enemies":"Large Slime","floor":13,"turns":5},{"damage":42,"enemies":"Hexaghost","floor":16,"turns":10},{"damage":31,"enemies":"2 Thieves","floor":18,"turns":3},{"damage":12,"enemies":"Chosen","floor":19,"turns":5},{"damage":33,"enemies":"Shelled Parasite and Fungi","floor":27,"turns":4},{"damage":19,"enemies":"Cultist and Chosen","floor":29,"turns":5},{"damage":23,"enemies":"Centurion and Healer","floor":31,"turns":5},{"damage":47,"enemies":"Champ","floor":33,"turns":8},{"damage":22,"enemies":"Orb Walker","floor":35,"turns":5},{"damage":20,"enemies":"3 Shapes","floor":38,"turns":2},{"damage":8,"enemies":"Sphere and 2 Shapes","floor":44,"turns":3},{"damage":42,"enemies":"Writhing Mass","floor":47,"turns":4},{"damage":75,"enemies":"Donu and Deca","floor":50,"turns":4}],"seed_played":"-7844033257937606858","potions_obtained":[{"floor":2,"key":"Strength Potion"},{"floor":12,"key":"PowerPotion"},{"floor":13,"key":"AttackPotion"},{"floor":27,"key":"Weak Potion"},{"floor":29,"key":"GhostInAJar"},{"floor":33,"key":"SneckoOil"},{"floor":47,"key":"Swift Potion"}],"is_trial":false,"path_per_floor":["M","M","?","?","$","R","E","R","T","$","M","M","M","?","R","B",null,"M","M","?","$","?","R","?","R","T","M","R","M","$","M","R","B",null,"M","$","?","M","$","R","?","R","T","M","?","?","M","$","R","B"],"character_chosen":"THE_SILENT","items_purchased":["Finisher","Infinite Blades","Footwork","Swift Strike","After Image"],"campfire_rested":2,"item_purchase_floors":[5,21,30,36,48],"current_hp_per_floor":[70,70,70,70,70,70,70,70,70,70,70,70,70,75,75,33,75,44,32,32,32,32,41,35,47,47,26,38,31,31,20,54,19,75,53,53,53,45,45,60,60,75,75,67,67,67,37,37,74,0],"gold":26,"neow_bonus":"THREE_ENEMY_KILL","is_prod":false,"is_daily":false,"chose_seed":false,"campfire_upgraded":7,"win_rate":0,"timestamp":1549851858,"path_taken":["M","M","?","?","$","R","E","R","T","$","?","M","M","?","R","BOSS","M","M","?","$","?","R","?","R","T","M","R","?","$","M","R","BOSS","M","$","?","M","$","R","?","R","T","M","?","?","M","$","R","BOSS"],"build_version":"2019-01-23","purchased_purges":1,"victory":false,"max_hp_per_floor":[70,70,70,70,70,70,70,70,70,70,70,70,70,75,75,75,75,75,75,75,75,75,75,75,75,75,75,75,75,75,75,75,75,75,75,75,75,75,75,75,75,75,75,75,75,75,75,75,75,75],"card_choices":[{"not_picked":["Flying Knee","Prepared"],"picked":"PiercingWail","floor":1},{"not_picked":["Tactician","Outmaneuver"],"picked":"Cloak And Dagger","floor":2},{"not_picked":["Bouncing Flask","Footwork"],"picked":"Noxious Fumes","floor":7},{"not_picked":["Terror","All Out Attack"],"picked":"Riddle With Holes","floor":11},{"not_picked":["Slice","Calculated Gamble"],"picked":"Blade Dance","floor":12},{"not_picked":["Deflect","Poisoned Stab","Acrobatics"],"picked":"SKIP","floor":13},{"not_picked":["A Thousand Cuts","Tools of the Trade"],"picked":"Corpse Explosion","floor":16},{"not_picked":["Dagger Spray","Sucker Punch"],"picked":"Choke","floor":18},{"not_picked":["Flying Knee","Deadly Poison"],"picked":"Dagger Spray+1","floor":19},{"not_picked":["Slice","Calculated Gamble"],"picked":"Terror","floor":27},{"not_picked":["Underhanded Strike","Deflect","Flechettes+1"],"picked":"SKIP","floor":29},{"not_picked":["Distraction","Poisoned Stab+1","Bane+1"],"picked":"SKIP","floor":31},{"not_picked":["Unload","Wraith Form v2"],"picked":"Adrenaline","floor":33},{"not_picked":["Flying Knee","Bane","Sucker Punch+1"],"picked":"SKIP","floor":35},{"not_picked":["Bandage Up","Discovery"],"picked":"Panache","floor":37},{"not_picked":["Skewer+1","Prepared"],"picked":"Finisher","floor":38},{"not_picked":["Dagger Spray+1","Dodge and Roll+1"],"picked":"Finisher","floor":44},{"not_picked":["Prepared+1","Deflect+1","Noxious Fumes+1"],"picked":"SKIP","floor":47}],"player_experience":1022674,"relics_obtained":[{"floor":7,"key":"Shuriken"},{"floor":26,"key":"Meat on the Bone"},{"floor":43,"key":"Toxic Egg 2"}],"event_choices":[{"cards_removed":["Strike_G"],"damage_healed":0,"gold_gain":0,"player_choice":"Card Removal","damage_taken":0,"max_hp_gain":0,"max_hp_loss":0,"event_name":"The Cleric","floor":3,"gold_loss":50},{"damage_healed":0,"gold_gain":0,"player_choice":"Ignored","damage_taken":0,"max_hp_gain":0,"max_hp_loss":0,"event_name":"NoteForYourself","floor":4,"gold_loss":0},{"damage_healed":0,"gold_gain":0,"player_choice":"Donut","damage_taken":0,"max_hp_gain":5,"max_hp_loss":0,"event_name":"Big Fish","floor":14,"gold_loss":0},{"cards_removed":["Defend_G"],"damage_healed":0,"gold_gain":0,"player_choice":"Elegance","damage_taken":0,"max_hp_gain":0,"max_hp_loss":0,"event_name":"Back to Basics","floor":20,"gold_loss":0},{"damage_healed":0,"gold_gain":0,"player_choice":"Ignored","damage_taken":0,"max_hp_gain":0,"max_hp_loss":0,"event_name":"Vampires","floor":22,"gold_loss":0},{"damage_healed":0,"gold_gain":0,"player_choice":"Joined the Cult","damage_taken":6,"max_hp_gain":0,"max_hp_loss":0,"event_name":"Nest","floor":24,"gold_loss":0,"cards_obtained":["RitualDagger"]},{"damage_healed":0,"gold_gain":0,"player_choice":"Memory 1","damage_taken":0,"max_hp_gain":0,"max_hp_loss":0,"event_name":"SensoryStone","floor":37,"gold_loss":0},{"cards_removed":["Noxious Fumes"],"damage_healed":0,"gold_gain":0,"player_choice":"Removed Power","damage_taken":0,"max_hp_gain":0,"max_hp_loss":0,"event_name":"Falling","floor":41,"gold_loss":0},{"damage_healed":0,"gold_gain":0,"player_choice":"Ignored","damage_taken":0,"max_hp_gain":0,"max_hp_loss":0,"event_name":"Tomb of Lord Red Mask","floor":45,"gold_loss":0},{"damage_healed":0,"gold_gain":0,"player_choice":"Forge","damage_taken":0,"max_hp_gain":0,"max_hp_loss":0,"event_name":"Accursed Blacksmith","floor":46,"gold_loss":0,"cards_upgraded":["Panache"]}],"is_beta":false,"boss_relics":[{"not_picked":["Black Star","Pandora\u0027s Box"],"picked":"Eternal Feather"},{"not_picked":["HoveringKite","Sozu"],"picked":"Philosopher\u0027s Stone"}],"items_purged_floors":[21],"is_endless":false,"potions_floor_spawned":[2,12,13,19,27,29,33,47],"killed_by":"Donu and Deca","ascension_level":0}