{"path_per_floor":["M","M","?","?","$","R","M","M","T","R","?","R","M","M","R","B",null,"M","M","?","M","?"],"character_chosen":"IRONCLAD","items_purchased":["Ghostly Armor"],"gold_per_floor":[109,120,120,120,5,5,23,36,36,36,36,36,46,63,63,165,165,181,195,195,209,209],"floor_reached":23,"campfire_rested":0,"playtime":2682,"current_hp_per_floor":[72,77,70,70,70,70,61,48,48,48,48,48,47,44,44,33,80,80,66,66,66,66],"items_purged":["Strike_R"],"gold":209,"score":220,"play_id":"00decb35-c405-482b-bff1-fa9635a08615","local_time":"20180314230900","is_prod":false,"is_daily":false,"is_ascension_mode":true,"campfire_upgraded":4,"timestamp":1521083340,"path_taken":["M","M","?","?","$","R","M","?","T","R","?","R","?","M","R","BOSS","M","?","?","M","?","E"],"build_version":"2018-03-09","purchased_purges":1,"victory":false,"master_deck":["Strike_R","Strike_R","Strike_R","Defend_R","Defend_R","Defend_R","Defend_R","Bash+1","Barricade+1","Feel No Pain","Ghostly Armor","Armaments+1","Blind+1","Impervious","Normality","Combust+1"],"max_hp_per_floor":[80,80,80,80,80,80,80,80,80,80,80,80,80,80,80,80,80,80,80,80,80,80],"relics":["Burning Blood","Girya","Sozu","Art of War"],"card_choices":[{"not_picked":["Offering","Berserk"],"picked":"Barricade"},{"not_picked":["Thunderclap","Spot Weakness"],"picked":"Feel No Pain"},{"not_picked":["Intimidate","Wild Strike"],"picked":"Armaments"},{"not_picked":["Bludgeon","Reaper"],"picked":"Impervious"},{"not_picked":["Cleave","Anger"],"picked":"Combust"}],"player_experience":270909,"potions_floor_usage":[],"damage_taken":[{"damage":14,"enemies":"Jaw Worm","floor":1,"turns":5},{"damage":1,"enemies":"2 Louse","floor":2,"turns":3},{"damage":15,"enemies":"Small Slimes","floor":7,"turns":5},{"damage":19,"enemies":"2 Fungi Beasts","floor":8,"turns":6},{"damage":7,"enemies":"3 Louse","floor":13,"turns":5},{"damage":9,"enemies":"Red Slaver","floor":14,"turns":7},{"damage":17,"enemies":"The Guardian","floor":16,"turns":22},{"damage":0,"enemies":"Shell Parasite","floor":18,"turns":8},{"damage":20,"enemies":"Spheric Guardian","floor":19,"turns":8},{"damage":6,"enemies":"Snecko","floor":21,"turns":9},{"damage":70,"enemies":"Book of Stabbing","floor":23,"turns":10}],"event_choices":[{"event_name":"Golden Wing","player_choice":"Card Removal","floor":3,"damage_taken":0},{"event_name":"Living Wall","player_choice":"Forget","floor":4,"damage_taken":0},{"event_name":"Match and Keep!","player_choice":"1 cards matched","floor":11,"damage_taken":0},{"event_name":"Accursed Blacksmith","player_choice":"Rummage","floor":20,"damage_taken":0},{"event_name":"Cursed Tome","player_choice":"Ignored","floor":22,"damage_taken":0}],"boss_relics":[{"not_picked":["Orrery","Eternal Feather"],"picked":"Sozu"}],"potions_floor_spawned":[7,13,14,16,19],"seed_played":"4171996552937293962","killed_by":"Book of Stabbing","ascension_level":4,"is_trial":false}