{"gold_per_floor":[415,429,446,521,31,31,45,45,45,63,77,89,11,39,39,139,139,158,158,171,8,8],"floor_reached":22,"playtime":739,"items_purged":[],"score":226,"play_id":"62e5d307-f9c8-4870-b5f7-74eb9181ce1a","local_time":"20181115010141","is_ascension_mode":true,"campfire_choices":[{"data":"Sunder","floor":6,"key":"SMITH"},{"floor":8,"key":"REST"},{"data":"Hyperbeam","floor":15,"key":"SMITH"}],"neow_cost":"PERCENT_DAMAGE","seed_source_timestamp":77840321774921,"circlet_count":0,"master_deck":["Strike_B","Strike_B","Strike_B","Strike_B","Defend_B","Defend_B","Defend_B","Defend_B","Zap","Dualcast","Beam Cell","Sunder+1","Scrape","Flash of Steel","Steam+1","FTL","Gash","Redo+1","Hyperbeam+1","Reinforced Body+1","All For One","Parasite","Writhe","Regret","Hologram+1","RitualDagger","Conserve Battery+1","FTL","Steam+1","Self Repair+1"],"relics":["Cracked Core","Old Coin","Bag of Marbles","Toxic Egg 2","Frozen Egg 2","Matryoshka","Calling Bell","PreservedInsect","The Courier","Ginger"],"potions_floor_usage":[16,22],"damage_taken":[{"damage":0,"enemies":"Small Slimes","floor":1,"turns":2},{"damage":7,"enemies":"Jaw Worm","floor":2,"turns":3},{"damage":0,"enemies":"Cultist","floor":3,"turns":2},{"damage":1,"enemies":"2 Fungi Beasts","floor":7,"turns":2},{"damage":0,"enemies":"Exordium Wildlife","floor":10,"turns":1},{"damage":0,"enemies":"3 Louse","floor":11,"turns":2},{"damage":0,"enemies":"Looter","floor":12,"turns":1},{"damage":20,"enemies":"Lagavulin","floor":14,"turns":3},{"damage":11,"enemies":"The Guardian","floor":16,"turns":10},{"damage":39,"enemies":"2 Thieves","floor":18,"turns":3},{"damage":27,"enemies":"Shell Parasite","floor":20,"turns":3},{"damage":8,"enemies":"Snake Plant","floor":22,"turns":1}],"seed_played":"8481136712749563126","potions_obtained":[{"floor":3,"key":"PowerPotion"},{"floor":7,"key":"SteroidPotion"},{"floor":14,"key":"FocusPotion"},{"floor":18,"key":"Fire Potion"}],"is_trial":false,"path_per_floor":["M","M","M","?","$","R","M","R","T","M","M","M","$","E","R","B",null,"M","?","M","$","M"],"character_chosen":"DEFECT","items_purchased":["Bag of Marbles","Flash of Steel","Toxic Egg 2","Hyperbeam","FTL","Steam+1","Self Repair+1"],"campfire_rested":1,"item_purchase_floors":[5,5,5,13,21,21,21],"current_hp_per_floor":[54,47,47,36,36,36,35,57,57,57,57,57,57,37,37,26,75,36,30,3,3,0],"gold":8,"neow_bonus":"ONE_RARE_RELIC","is_prod":false,"is_daily":false,"chose_seed":false,"campfire_upgraded":2,"win_rate":0,"timestamp":1542261701,"path_taken":["M","M","M","?","$","R","M","R","T","M","M","M","$","E","R","BOSS","M","?","M","$","M"],"build_version":"2018-11-08","purchased_purges":0,"victory":false,"max_hp_per_floor":[75,75,75,75,75,75,75,75,75,75,75,75,75,75,75,75,75,75,75,75,75,75],"card_choices":[{"not_picked":["Steam","Ball Lightning"],"picked":"Beam Cell","floor":1},{"not_picked":["Capacitor","Hologram"],"picked":"Sunder","floor":2},{"not_picked":["Ball Lightning","Consume"],"picked":"Scrape","floor":3},{"not_picked":["Loop","Rebound"],"picked":"Steam+1","floor":7},{"not_picked":["Hologram+1","Redo+1"],"picked":"FTL","floor":10},{"not_picked":["Lockon","Turbo+1"],"picked":"Gash","floor":11},{"not_picked":["Doom and Gloom","Glacier+1"],"picked":"Redo+1","floor":12},{"not_picked":["Machine Learning+1","Reboot+1"],"picked":"Reinforced Body+1","floor":14},{"not_picked":["Hyperbeam","Electrodynamics+1"],"picked":"All For One","floor":16},{"not_picked":["Barrage","Auto Shields+1"],"picked":"Hologram+1","floor":18},{"not_picked":["Static Discharge+1","Loop+1"],"picked":"Conserve Battery+1","floor":20}],"player_experience":810062,"relics_obtained":[{"floor":9,"key":"Frozen Egg 2"},{"floor":14,"key":"Matryoshka"},{"floor":17,"key":"PreservedInsect"},{"floor":17,"key":"The Courier"},{"floor":17,"key":"Ginger"}],"event_choices":[{"damage_healed":0,"gold_gain":75,"player_choice":"Gather Gold","damage_taken":11,"max_hp_gain":0,"max_hp_loss":0,"event_name":"World of Goop","floor":4,"gold_loss":0},{"damage_healed":0,"gold_gain":0,"player_choice":"Joined the Cult","damage_taken":6,"max_hp_gain":0,"max_hp_loss":0,"event_name":"Nest","floor":19,"gold_loss":0,"cards_obtained":["RitualDagger"]}],"is_beta":false,"boss_relics":[{"not_picked":["Inserter","Fusion Hammer"],"picked":"Calling Bell"}],"items_purged_floors":[],"is_endless":false,"potions_floor_spawned":[3,7,14,18,20],"killed_by":"Snake Plant","ascension_level":4}