{"gold_per_floor":[117,128,128,128,128,128,143,158,182,182,199,214,224,26,26,122,122,136,152,46,64,74,106,106,132,157,157,172,172,192,202,202,202],"floor_reached":33,"playtime":1795,"items_purged":[],"score":416,"play_id":"d5b16bca-61f5-4e0b-89f5-cdd63952ce3b","local_time":"20181209092323","is_ascension_mode":true,"campfire_choices":[{"data":"Backstab","floor":6,"key":"SMITH"},{"data":"All Out Attack","floor":10,"key":"SMITH"},{"data":"Masterful Stab","floor":15,"key":"SMITH"},{"floor":27,"key":"REST"},{"floor":29,"key":"REST"},{"data":"Dash","floor":32,"key":"SMITH"}],"neow_cost":"NONE","seed_source_timestamp":1335513958820243,"circlet_count":0,"master_deck":["Defend_G","Defend_G","Defend_G","Defend_G","Defend_G","Strike_G","Strike_G","Strike_G","Strike_G","Strike_G","Survivor","Neutralize+1","Backstab+1","Masterful Stab+1","All Out Attack+1","Deflect+1","Bouncing Flask+1","Bouncing Flask+1","Bullet Time+1","Deflect+1","Poisoned Stab","Catalyst+1","Dash+1","Sucker Punch","Sucker Punch+1","Caltrops+1","PiercingWail+1","Skewer+1"],"relics":["Ring of the Snake","Oddly Smooth Stone","Toxic Egg 2","Smiling Mask","Toy Ornithopter","Busted Crown","Vajra","Centennial Puzzle","Regal Pillow","Bag of Preparation"],"potions_floor_usage":[16,18,19,21,25,33],"damage_taken":[{"damage":9,"enemies":"Cultist","floor":1,"turns":5},{"damage":0,"enemies":"Jaw Worm","floor":2,"turns":4},{"damage":0,"enemies":"Small Slimes","floor":7,"turns":3},{"damage":0,"enemies":"Looter","floor":8,"turns":2},{"damage":0,"enemies":"Large Slime","floor":11,"turns":3},{"damage":4,"enemies":"3 Louse","floor":12,"turns":2},{"damage":0,"enemies":"Blue Slaver","floor":13,"turns":2},{"damage":0,"enemies":"Slime Boss","floor":16,"turns":8},{"damage":1,"enemies":"Shell Parasite","floor":18,"turns":3},{"damage":0,"enemies":"Spheric Guardian","floor":19,"turns":4},{"damage":6,"enemies":"3 Cultists","floor":21,"turns":4},{"damage":0,"enemies":"Cultist and Chosen","floor":22,"turns":4},{"damage":5,"enemies":"Gremlin Leader","floor":23,"turns":5},{"damage":61,"enemies":"Slavers","floor":25,"turns":7},{"damage":14,"enemies":"Snake Plant","floor":28,"turns":3},{"damage":11,"enemies":"Centurion and Healer","floor":30,"turns":6},{"damage":8,"enemies":"Cultist and Chosen","floor":31,"turns":5},{"damage":73,"enemies":"Champ","floor":33,"turns":7}],"seed_played":"4406565333699086038","potions_obtained":[{"floor":1,"key":"Block Potion"},{"floor":8,"key":"Block Potion"},{"floor":12,"key":"Block Potion"},{"floor":19,"key":"GamblersBrew"},{"floor":23,"key":"Regen Potion"},{"floor":28,"key":"Swift Potion"}],"is_trial":false,"path_per_floor":["M","M","T","?","?","R","M","M","T","R","M","M","M","$","R","B",null,"M","M","$","M","M","E","?","E","T","R","M","R","M","M","R","B"],"character_chosen":"THE_SILENT","items_purchased":["Toy Ornithopter","Catalyst+1","Dash"],"campfire_rested":2,"item_purchase_floors":[14,20,20],"current_hp_per_floor":[61,61,61,61,61,61,61,61,61,61,61,57,57,57,57,62,68,70,70,70,64,64,59,59,18,18,54,40,70,59,51,51,0],"gold":202,"neow_bonus":"RANDOM_COMMON_RELIC","is_prod":false,"is_daily":false,"chose_seed":false,"campfire_upgraded":4,"win_rate":0,"timestamp":1544365403,"path_taken":["M","M","?","?","?","R","M","M","T","R","M","M","M","$","R","BOSS","M","M","$","M","M","E","?","E","T","R","M","R","M","M","R","BOSS"],"build_version":"2018-12-06","purchased_purges":0,"victory":false,"max_hp_per_floor":[70,70,70,70,70,70,70,70,70,70,70,70,70,70,70,70,70,70,70,70,70,70,70,70,70,70,70,70,70,70,70,70,70],"card_choices":[{"not_picked":["Escape Plan","Quick Slash"],"picked":"Backstab","floor":1},{"not_picked":["Prepared","Setup"],"picked":"Masterful Stab","floor":2},{"not_picked":["Flying Knee","Outmaneuver+1"],"picked":"All Out Attack","floor":7},{"not_picked":["Finisher","Outmaneuver+1"],"picked":"Deflect+1","floor":8},{"not_picked":["Dagger Throw","Dagger Spray"],"picked":"Bouncing Flask+1","floor":11},{"not_picked":["Endless Agony","Tactician+1","Predator"],"picked":"SKIP","floor":12},{"not_picked":["Slice","Prepared+1"],"picked":"Bouncing Flask+1","floor":13},{"not_picked":["Doppelganger+1","After Image"],"picked":"Bullet Time+1","floor":16},{"not_picked":[],"picked":"Deflect+1","floor":18},{"not_picked":[],"picked":"Poisoned Stab","floor":19},{"not_picked":["Endless Agony"],"picked":"SKIP","floor":21},{"not_picked":["Concentrate+1"],"picked":"SKIP","floor":22},{"not_picked":[],"picked":"Sucker Punch","floor":23},{"not_picked":[],"picked":"Sucker Punch+1","floor":25},{"not_picked":[],"picked":"Caltrops+1","floor":28},{"not_picked":[],"picked":"PiercingWail+1","floor":30},{"not_picked":[],"picked":"Skewer+1","floor":31}],"player_experience":271118,"relics_obtained":[{"floor":3,"key":"Toxic Egg 2"},{"floor":9,"key":"Smiling Mask"},{"floor":23,"key":"Vajra"},{"floor":25,"key":"Regal Pillow"},{"floor":26,"key":"Bag of Preparation"}],"event_choices":[{"damage_healed":0,"gold_gain":0,"player_choice":"Leave","damage_taken":0,"max_hp_gain":0,"max_hp_loss":0,"event_name":"The Cleric","floor":4,"gold_loss":0},{"damage_healed":0,"gold_gain":0,"player_choice":"Grow","damage_taken":0,"max_hp_gain":0,"max_hp_loss":0,"event_name":"Living Wall","floor":5,"gold_loss":0,"cards_upgraded":["Neutralize"]},{"damage_healed":0,"gold_gain":0,"player_choice":"Opened","damage_taken":0,"relics_obtained":["Centennial Puzzle"],"max_hp_gain":0,"max_hp_loss":0,"event_name":"The Mausoleum","floor":24,"gold_loss":0}],"is_beta":false,"boss_relics":[{"not_picked":["HoveringKite","Tiny House"],"picked":"Busted Crown"}],"items_purged_floors":[],"is_endless":false,"potions_floor_spawned":[1,8,12,19,23,28],"killed_by":"Champ","ascension_level":5}