{"gold_per_floor":[116,116,41,116,134,165,165,165,219,219,248,280,280,298,298,376,376,394,411,411,411,423,423,423],"floor_reached":24,"playtime":1082,"items_purged":["Defend_R"],"score":443,"play_id":"e9b4acea-0b49-41e6-a9db-3039f48ee42a","local_time":"20190303004219","is_ascension_mode":true,"campfire_choices":[{"data":"Inflame","floor":8.0,"key":"SMITH"},{"data":"Whirlwind","floor":10.0,"key":"SMITH"},{"data":"True Grit","floor":13,"key":"SMITH"},{"data":"Bash","floor":15,"key":"SMITH"},{"floor":23,"key":"REST"}],"neow_cost":"NONE","seed_source_timestamp":0,"circlet_count":0,"master_deck":["AscendersBane","Strike_R","Strike_R","Strike_R","Strike_R","Defend_R","Defend_R","Defend_R","Bash+1","Whirlwind+1","Cleave","Inflame+1","Thunderclap","True Grit+1","Double Tap"],"special_seed":0,"relics":["Burning Blood","NeowsBlessing","Bronze Scales","Tiny Chest","Odd Mushroom","Singing Bowl","Black Star","MutagenicStrength"],"potions_floor_usage":[12,16,16,24],"damage_taken":[{"damage":0.0,"enemies":"2 Louse","floor":1.0,"turns":1.0},{"damage":0.0,"enemies":"Small Slimes","floor":5.0,"turns":1.0},{"damage":0.0,"enemies":"Gremlin Nob","floor":6.0,"turns":1.0},{"damage":7.0,"enemies":"The Mushroom Lair","floor":11.0,"turns":2.0},{"damage":20,"enemies":"Lagavulin","floor":12,"turns":5},{"damage":12,"enemies":"Jaw Worm","floor":14,"turns":2},{"damage":46,"enemies":"Hexaghost","floor":16,"turns":11},{"damage":34,"enemies":"2 Thieves","floor":18,"turns":4},{"damage":32,"enemies":"Spheric Guardian","floor":19,"turns":5},{"damage":8,"enemies":"3 Cultists","floor":22,"turns":3},{"damage":36,"enemies":"Snake Plant","floor":24,"turns":3}],"seed_played":"4252089432184314670","potions_obtained":[{"floor":5.0,"key":"Dexterity Potion"},{"floor":11.0,"key":"FearPotion"},{"floor":14,"key":"GamblersBrew"},{"floor":22,"key":"LiquidBronze"}],"is_trial":false,"path_per_floor":["M","?","$","?","M","E","?","R","T","R","?","E","R","M","R","B",null,"M","M","?","?","M","R","M"],"character_chosen":"IRONCLAD","items_purchased":[],"campfire_rested":1,"item_purchase_floors":[],"current_hp_per_floor":[74,67,67,56,62,68,68,68,68,68,67,53,53,49,49,9,60,34,10,10,10,10,34,0],"gold":423,"neow_bonus":"THREE_ENEMY_KILL","is_prod":false,"is_daily":false,"chose_seed":false,"campfire_upgraded":4,"win_rate":0,"timestamp":1551541339,"path_taken":["M","?","$","?","?","E","?","R","T","R","?","E","R","M","R","BOSS","M","M","?","?","M","R","M"],"build_version":"2019-01-23","purchased_purges":1,"victory":false,"max_hp_per_floor":[75,75,75,75,75,75,75,75,75,75,75,75,75,77,77,77,77,79,81,81,81,83,83,83],"card_choices":[{"not_picked":["Clothesline","Shrug It Off"],"picked":"Whirlwind","floor":1.0},{"not_picked":["Wild Strike","Iron Wave"],"picked":"Cleave","floor":5.0},{"not_picked":["Rampage","Headbutt"],"picked":"Inflame","floor":6.0},{"not_picked":["Heavy Blade","Rage"],"picked":"Thunderclap","floor":11.0},{"not_picked":["Twin Strike","Headbutt"],"picked":"True Grit","floor":12},{"not_picked":["Anger","Headbutt","Disarm"],"picked":"Singing Bowl","floor":14},{"not_picked":["Exhume","Offering"],"picked":"Double Tap","floor":16},{"not_picked":["True Grit","Fire Breathing","Dual Wield"],"picked":"Singing Bowl","floor":18},{"not_picked":["Body Slam","Sword Boomerang","Pommel Strike"],"picked":"Singing Bowl","floor":19},{"not_picked":["Dual Wield","Twin Strike","Havoc"],"picked":"Singing Bowl","floor":22}],"player_experience":1016012,"relics_obtained":[{"floor":6.0,"key":"Bronze Scales"},{"floor":9.0,"key":"Tiny Chest"},{"floor":11.0,"key":"Odd Mushroom"},{"floor":12,"key":"Singing Bowl"}],"event_choices":[{"cards_removed":["Strike_R"],"damage_healed":0.0,"max_hp_gain":0.0,"max_hp_loss":0.0,"gold_gain":0.0,"event_name":"Golden Wing","player_choice":"Card Removal","floor":2.0,"gold_loss":0.0,"damage_taken":7.0},{"damage_healed":0.0,"max_hp_gain":0.0,"max_hp_loss":0.0,"gold_gain":75.0,"event_name":"World of Goop","player_choice":"Gather Gold","floor":4.0,"gold_loss":0.0,"damage_taken":11.0},{"damage_healed":0.0,"max_hp_gain":0.0,"max_hp_loss":0.0,"gold_gain":0.0,"event_name":"Scrap Ooze","player_choice":"Fled","floor":7.0,"gold_loss":0.0,"damage_taken":0.0},{"damage_healed":0.0,"max_hp_gain":0.0,"max_hp_loss":0.0,"gold_gain":0.0,"event_name":"Mushrooms","player_choice":"Fought Mushrooms","floor":11.0,"gold_loss":0.0,"damage_taken":0.0},{"damage_healed":0,"gold_gain":0,"player_choice":"Inject Mutagens","damage_taken":0,"relics_obtained":["MutagenicStrength"],"max_hp_gain":0,"max_hp_loss":0,"event_name":"Drug Dealer","floor":20,"gold_loss":0},{"damage_healed":0,"gold_gain":0,"player_choice":"Ignored","damage_taken":0,"max_hp_gain":0,"max_hp_loss":0,"event_name":"Cursed Tome","floor":21,"gold_loss":0}],"is_beta":false,"boss_relics":[{"not_picked":["Runic Dome","Runic Cube"],"picked":"Black Star"}],"items_purged_floors":[3],"is_endless":false,"potions_floor_spawned":[5,11,14,22],"killed_by":"Snake Plant","ascension_level":19}