{"gold_per_floor":[16,28,28,48,123,123,133,133,158,169,169,188,188,199,199,299,299,312,17,32,32,51,51,64,64,64,64,93,93,18,34,34,137,137,151,151,59,29,41,76,50,50,77,96,96,114,114,127,127,127],"floor_reached":51,"playtime":1681,"items_purged":["Defend_R"],"score":714,"play_id":"31178f67-1f92-4e11-9d85-05feb5d62553","local_time":"20190303153857","is_ascension_mode":false,"campfire_choices":[{"data":"Inflame","floor":6.0,"key":"SMITH"},{"data":"Twin Strike","floor":8.0,"key":"SMITH"},{"data":"Armaments","floor":11.0,"key":"SMITH"},{"data":"Trip","floor":15,"key":"SMITH"},{"data":"Limit Break","floor":25,"key":"SMITH"},{"data":"Clothesline","floor":32,"key":"SMITH"},{"data":"Juggernaut","floor":42,"key":"SMITH"},{"data":"Juggernaut","floor":45,"key":"SMITH"},{"data":"Spot Weakness","floor":49,"key":"SMITH"}],"neow_cost":"NO_GOLD","seed_source_timestamp":871350274817,"circlet_count":0,"master_deck":["Defend_R","Defend_R","Bash","Inflame+1","Iron Wave","Twin Strike+1","Armaments+1","Rage","Thunderclap","Juggernaut+1","Trip+1","Battle Trance","Spot Weakness+1","Limit Break+1","Necronomicurse","Burning Pact+1","Bite","Bite","Bite","Bite","Bite","Rage","Clothesline+1","Juggernaut+1","Armaments+1","Flame Barrier","Iron Wave","Sword Boomerang","Parasite","Flex+1","Dropkick"],"special_seed":0,"relics":["Burning Blood","Mango","Happy Flower","Velvet Choker","Ice Cream","Necronomicon","Ancient Tea Set","Dream Catcher","Busted Crown","Vajra","Boot"],"potions_floor_usage":[16,18,24,28,28,40,46,48,50,50,50],"damage_taken":[{"damage":1.0,"enemies":"Jaw Worm","floor":1.0,"turns":3.0},{"damage":9.0,"enemies":"2 Louse","floor":2.0,"turns":4.0},{"damage":0.0,"enemies":"Cultist","floor":4.0,"turns":4.0},{"damage":7.0,"enemies":"3 Louse","floor":7.0,"turns":4.0},{"damage":7.0,"enemies":"2 Fungi Beasts","floor":10.0,"turns":3.0},{"damage":0.0,"enemies":"Looter","floor":12.0,"turns":3.0},{"damage":8,"enemies":"Large Slime","floor":14,"turns":5},{"damage":40,"enemies":"Hexaghost","floor":16,"turns":8},{"damage":10,"enemies":"3 Byrds","floor":18,"turns":4},{"damage":18,"enemies":"Shell Parasite","floor":20,"turns":3},{"damage":15,"enemies":"Snecko","floor":22,"turns":4},{"damage":23,"enemies":"Centurion and Healer","floor":24,"turns":5},{"damage":20,"enemies":"Slavers","floor":28,"turns":4},{"damage":12,"enemies":"3 Cultists","floor":31,"turns":3},{"damage":59,"enemies":"Collector","floor":33,"turns":8},{"damage":2,"enemies":"Orb Walker","floor":35,"turns":3},{"damage":16,"enemies":"3 Darklings","floor":39,"turns":4},{"damage":39,"enemies":"Nemesis","floor":40,"turns":7},{"damage":2,"enemies":"Writhing Mass","floor":44,"turns":3},{"damage":17,"enemies":"Spire Growth","floor":46,"turns":3},{"damage":11,"enemies":"Jaw Worm Horde","floor":48,"turns":3},{"damage":31,"enemies":"Donu and Deca","floor":50,"turns":6}],"seed_played":"-8243253012718765986","potions_obtained":[{"floor":2.0,"key":"Weak Potion"},{"floor":4.0,"key":"SkillPotion"},{"floor":14,"key":"FearPotion"},{"floor":16,"key":"PowerPotion"},{"floor":18,"key":"EssenceOfSteel"},{"floor":22,"key":"SkillPotion"},{"floor":35,"key":"AttackPotion"},{"floor":38,"key":"SkillPotion"},{"floor":38,"key":"EssenceOfSteel"},{"floor":44,"key":"SteroidPotion"},{"floor":46,"key":"EssenceOfSteel"},{"floor":48,"key":"GamblersBrew"}],"is_trial":false,"path_per_floor":["M","M","?","M","?","R","M","R","T","M","R","M","?","M","R","B",null,"M","$","M","?","M","?","M","R","T","$","E","?","$","M","R","B",null,"M","?","$","?","M","E","$","R","T","M","R","M","?","M","R","B",null],"character_chosen":"IRONCLAD","items_purchased":["Ice Cream","Flame Barrier","Iron Wave","Sword Boomerang"],"campfire_rested":0,"item_purchase_floors":[19,37,37,41],"current_hp_per_floor":[94,91,96,99,88,88,87,87,87,86,86,92,92,90,90,56,99,95,95,83,67,58,58,51,51,51,51,44,67,67,69,69,35,69,69,69,69,69,66,46,46,46,46,58,58,59,59,62,62,41],"gold":127,"neow_bonus":"ONE_RARE_RELIC","is_prod":false,"is_daily":false,"chose_seed":false,"campfire_upgraded":9,"win_rate":0,"timestamp":1551649137,"path_taken":["M","M","?","M","?","R","M","R","T","M","R","M","?","M","R","BOSS","M","$","?","?","M","?","M","R","T","$","E","?","$","M","R","BOSS","M","?","$","?","M","E","$","R","T","?","R","M","?","M","R","BOSS"],"build_version":"2019-01-23","purchased_purges":1,"victory":true,"max_hp_per_floor":[94,94,99,99,99,99,99,99,99,99,99,99,99,99,99,99,99,99,99,99,99,99,69,69,69,69,69,69,69,69,69,69,69,69,69,69,69,69,69,69,69,69,69,69,69,69,69,69,69,69],"card_choices":[{"not_picked":["Warcry","Twin Strike"],"picked":"Inflame","floor":1.0},{"not_picked":["Dropkick","Reckless Charge"],"picked":"Iron Wave","floor":2.0},{"not_picked":["Cleave","Second Wind"],"picked":"Iron Wave","floor":4.0},{"not_picked":["Entrench","Clothesline"],"picked":"Twin Strike","floor":7.0},{"not_picked":["Shrug It Off","Dual Wield"],"picked":"Armaments","floor":10.0},{"not_picked":["Entrench","Clash","Rage"],"picked":"SKIP","floor":12.0},{"not_picked":["Entrench","Clash"],"picked":"Rage","floor":12.0},{"not_picked":["Iron Wave","Hemokinesis"],"picked":"Spot Weakness","floor":14},{"not_picked":["Impervious","Barricade"],"picked":"Limit Break","floor":16},{"not_picked":["Pommel Strike","Perfected Strike","Second Wind"],"picked":"SKIP","floor":18},{"not_picked":["Power Through","Perfected Strike+1","Cleave"],"picked":"SKIP","floor":20},{"not_picked":["Rage","Metallicize"],"picked":"Burning Pact+1","floor":22},{"not_picked":["Thunderclap","Intimidate"],"picked":"Rage","floor":24},{"not_picked":["Havoc","Sentinel","Dark Embrace"],"picked":"SKIP","floor":28},{"not_picked":["Clash+1","Second Wind"],"picked":"Clothesline","floor":31},{"not_picked":["Bludgeon","Exhume"],"picked":"Juggernaut","floor":33},{"not_picked":[],"picked":"Armaments+1","floor":35},{"not_picked":["Warcry+1"],"picked":"SKIP","floor":39},{"not_picked":["Sever Soul"],"picked":"SKIP","floor":40},{"not_picked":["Flex+1"],"picked":"SKIP","floor":44},{"not_picked":[],"picked":"Flex+1","floor":44},{"not_picked":["Sever Soul+1"],"picked":"SKIP","floor":46},{"not_picked":["Seeing Red"],"picked":"SKIP","floor":48}],"player_experience":971978,"relics_obtained":[{"floor":9.0,"key":"Happy Flower"},{"floor":21,"key":"Necronomicon"},{"floor":26,"key":"Ancient Tea Set"},{"floor":28,"key":"Dream Catcher"},{"floor":40,"key":"Vajra"},{"floor":43,"key":"Boot"}],"event_choices":[{"damage_healed":0.0,"max_hp_gain":5.0,"max_hp_loss":0.0,"gold_gain":0.0,"event_name":"Big Fish","player_choice":"Donut","floor":3.0,"gold_loss":0.0,"damage_taken":0.0},{"damage_healed":0.0,"max_hp_gain":0.0,"max_hp_loss":0.0,"gold_gain":75.0,"event_name":"World of Goop","player_choice":"Gather Gold","floor":5.0,"gold_loss":0.0,"damage_taken":11.0},{"damage_healed":0,"gold_gain":0,"player_choice":"4 cards matched","damage_taken":0,"max_hp_gain":0,"max_hp_loss":0,"event_name":"Match and Keep!","floor":13,"gold_loss":0,"cards_obtained":["Thunderclap","Juggernaut","Trip","Battle Trance"]},{"damage_healed":0,"gold_gain":0,"player_choice":"Obtained Book","damage_taken":16,"max_hp_gain":0,"max_hp_loss":0,"event_name":"Cursed Tome","floor":21,"gold_loss":0},{"damage_healed":0,"gold_gain":0,"player_choice":"Became a vampire","damage_taken":0,"max_hp_gain":0,"max_hp_loss":30,"event_name":"Vampires","floor":23,"gold_loss":0,"cards_obtained":["Bite","Bite","Bite","Bite","Bite"]},{"damage_healed":23,"gold_gain":0,"player_choice":"Heal","damage_taken":0,"max_hp_gain":0,"max_hp_loss":0,"event_name":"The Library","floor":29,"gold_loss":0},{"cards_removed":["Iron Wave"],"damage_healed":0,"gold_gain":0,"player_choice":"Removed Attack","damage_taken":0,"max_hp_gain":0,"max_hp_loss":0,"event_name":"Falling","floor":36,"gold_loss":0},{"damage_healed":0,"gold_gain":0,"player_choice":"Bought 2 Potions","damage_taken":0,"max_hp_gain":0,"max_hp_loss":0,"event_name":"The Woman in Blue","floor":38,"gold_loss":0},{"damage_healed":0,"gold_gain":0,"cards_transformed":["Defend_R"],"player_choice":"Transformed","damage_taken":0,"max_hp_gain":0,"max_hp_loss":0,"event_name":"Transmorgrifier","floor":47,"gold_loss":0,"cards_obtained":["Dropkick"]}],"is_beta":false,"boss_relics":[{"not_picked":["Pandora\u0027s Box","Tiny House"],"picked":"Velvet Choker"},{"not_picked":["Fusion Hammer","Runic Cube"],"picked":"Busted Crown"}],"items_purged_floors":[30],"is_endless":false,"potions_floor_spawned":[2,4,14,16,18,22,35,44,46,48],"ascension_level":0}