{"gold_per_floor":[213,233,245,9,9,9,9,9,82,82,112,112,139,139],"floor_reached":14,"playtime":683,"items_purged":[],"score":120,"play_id":"5499491e-cce7-4072-a614-e586d9707acf","local_time":"20181209122216","is_ascension_mode":true,"campfire_choices":[{"data":"Neutralize","floor":6,"key":"SMITH"},{"data":"Noxious Fumes","floor":8,"key":"SMITH"},{"data":"Dagger Spray","floor":10,"key":"SMITH"}],"neow_cost":"NONE","seed_source_timestamp":1347360562059665,"circlet_count":0,"master_deck":["Defend_G+1","Defend_G","Defend_G","Defend_G+1","Defend_G","Strike_G","Strike_G","Strike_G","Strike_G","Strike_G","Survivor","Neutralize+1","Dagger Spray+1","Noxious Fumes+1","Noxious Fumes+1","Well Laid Plans","Secret Technique","Caltrops","Malaise"],"relics":["Ring of the Snake","Darkstone Periapt","Sundial","Dream Catcher"],"potions_floor_usage":[3,13],"damage_taken":[{"damage":0,"enemies":"Small Slimes","floor":1,"turns":5},{"damage":2,"enemies":"2 Louse","floor":2,"turns":2},{"damage":2,"enemies":"Jaw Worm","floor":3,"turns":4},{"damage":30,"enemies":"Gremlin Nob","floor":11,"turns":5},{"damage":14,"enemies":"Lagavulin","floor":13,"turns":5},{"damage":20,"enemies":"The Mushroom Lair","floor":14,"turns":2}],"seed_played":"1207765895977929713","potions_obtained":[{"floor":2,"key":"SpeedPotion"},{"floor":3,"key":"Energy Potion"}],"is_trial":false,"path_per_floor":["M","M","M","$","?","R","$","R","T","R","E","?","E","?"],"character_chosen":"THE_SILENT","items_purchased":["Well Laid Plans","Secret Technique"],"campfire_rested":0,"item_purchase_floors":[4,4],"current_hp_per_floor":[70,68,66,66,66,66,66,66,66,66,36,22,8,0],"gold":139,"neow_bonus":"HUNDRED_GOLD","is_prod":false,"is_daily":false,"chose_seed":false,"campfire_upgraded":3,"win_rate":0,"timestamp":1544376136,"path_taken":["M","M","M","$","?","R","$","R","T","R","E","?","E","?"],"build_version":"2018-12-06","purchased_purges":0,"victory":false,"max_hp_per_floor":[70,70,70,70,70,70,70,70,70,70,70,70,70,70],"card_choices":[{"not_picked":["Sucker Punch","Deadly Poison"],"picked":"Dagger Spray","floor":1},{"not_picked":["Bane","Dagger Spray"],"picked":"Noxious Fumes","floor":2},{"not_picked":["Underhanded Strike","Corpse Explosion"],"picked":"Noxious Fumes","floor":3},{"not_picked":["Flechettes","Acrobatics"],"picked":"Caltrops","floor":11},{"not_picked":["Deadly Poison","Finisher"],"picked":"Malaise","floor":13}],"player_experience":281440,"relics_obtained":[{"floor":9,"key":"Darkstone Periapt"},{"floor":11,"key":"Sundial"},{"floor":13,"key":"Dream Catcher"}],"event_choices":[{"damage_healed":0,"gold_gain":0,"player_choice":"Grow","damage_taken":0,"max_hp_gain":0,"max_hp_loss":0,"event_name":"Living Wall","floor":5,"gold_loss":0,"cards_upgraded":["Noxious Fumes"]},{"damage_healed":0,"gold_gain":0,"player_choice":"Entered Light","damage_taken":14,"max_hp_gain":0,"max_hp_loss":0,"event_name":"Shining Light","floor":12,"gold_loss":0,"cards_upgraded":["Defend_G","Defend_G"]},{"damage_healed":0,"gold_gain":0,"player_choice":"Fought Mushrooms","damage_taken":0,"max_hp_gain":0,"max_hp_loss":0,"event_name":"Mushrooms","floor":14,"gold_loss":0}],"is_beta":false,"boss_relics":[],"items_purged_floors":[],"is_endless":false,"potions_floor_spawned":[2,3],"killed_by":"The Mushroom Lair","ascension_level":5}