{"path_per_floor":["M","?","M","?","?","E","?","R","T","R","?","?","R","M","R","B",null,"M","$","M","?","?","R"],"character_chosen":"IRONCLAD","items_purchased":["Body Slam","Shrug It Off"],"gold_per_floor":[111,111,126,126,76,111,111,111,111,111,111,111,111,125,125,220,220,232,65,79,79,79,79],"floor_reached":24,"campfire_rested":1,"playtime":1907,"current_hp_per_floor":[80,80,72,72,72,52,45,69,69,69,69,80,80,80,80,62,80,76,76,62,62,47,47],"items_purged":["Strike_R"],"gold":79,"play_id":"3afd73a8-6678-41af-b872-36833995621d","is_prod":false,"is_daily":false,"is_ascension_mode":false,"campfire_upgraded":4,"path_taken":["M","?","?","?","?","E","?","R","T","R","?","?","R","M","R","BOSS","M","$","M","?","?","R","M"],"build_version":"2018-02-01-PROD3","purchased_purges":1,"victory":false,"master_deck":["Strike_R","Strike_R","Defend_R","Defend_R","Defend_R","Defend_R","Bash","Headbutt+1","Iron Wave+1","Bash","Metallicize+1","Reaper","Shrug It Off","Body Slam+1","Shrug It Off","Shrug It Off+1"],"max_hp_per_floor":[80,80,80,80,80,80,80,80,80,80,80,80,80,80,80,80,80,80,80,80,80,85,85],"relics":["Burning Blood","Blood Vial","Juzu Bracelet","Torii","Question Card"],"card_choices":[{"not_picked":["Seeing Red","Cleave"],"picked":"Headbutt"},{"not_picked":["Heavy Blade","Combust"],"picked":"Iron Wave"},{"not_picked":["Disarm","Rupture"],"picked":"Metallicize"},{"not_picked":["Dark Embrace","Limit Break"],"picked":"Reaper"},{"not_picked":["Sword Boomerang","Burning Pact","Feel No Pain"],"picked":"Shrug It Off"},{"not_picked":["Anger","Reckless Charge","Heavy Blade"],"picked":"Shrug It Off"}],"player_experience":48067,"potions_floor_usage":[6,16,16,16],"damage_taken":[{"damage":3,"enemies":"Jaw Worm","floor":1,"turns":6},{"damage":14,"enemies":"Blue Slaver","floor":3,"turns":5},{"damage":28,"enemies":"Gremlin Nob","floor":6,"turns":5},{"damage":1,"enemies":"2 Louse","floor":14,"turns":2},{"damage":39,"enemies":"Slime Boss","floor":16,"turns":12},{"damage":14,"enemies":"Shell Parasite","floor":18,"turns":12},{"damage":22,"enemies":"Spheric Guardian","floor":20,"turns":14},{"damage":74,"enemies":"Cultist and Chosen","floor":24,"turns":11}],"event_choices":[{"event_name":"The Lab","player_choice":"Got Potions","floor":2,"damage_taken":0},{"event_name":"Match and Keep!","player_choice":"2 cards matched","floor":4,"damage_taken":0},{"event_name":"The Cleric","player_choice":"Card Removal","floor":5,"damage_taken":0},{"event_name":"Golden Wing","player_choice":"Card Removal","floor":7,"damage_taken":0},{"event_name":"Liars Game","player_choice":"disagreed","floor":11,"damage_taken":0},{"event_name":"Bonfire Elementals","player_choice":"UNCOMMON","floor":12,"damage_taken":0},{"event_name":"The Woman in Blue","player_choice":"Bought 0 Potions","floor":21,"damage_taken":0},{"event_name":"Forgotten Altar","player_choice":"Shed Blood","floor":22,"damage_taken":0}],"boss_relics":[{"not_picked":["Calling Bell","Lizard Tail"],"picked":"Question Card"}],"potions_floor_spawned":[6,14],"seed_played":"-2331080398314117602","killed_by":"Cultist and Chosen","ascension_level":0,"is_trial":false}