{"gold_per_floor":[119,119,137,62,74,74,89,89,114,114,14,14,14,57,57,146,146,161,286,307,332,111,111,152,164,176,211,237,267,279,305,317,428,440,465,477,228,253,274,274,289,289,313,329,117,117,117,242,242,242],"floor_reached":50,"playtime":2150,"items_purged":["Strike_R","Strike_R","Strike_R","Regret","Shame"],"score":949,"play_id":"f36cf910-4f72-4194-a50b-1e63e35afbaa","local_time":"20190303170118","is_ascension_mode":true,"campfire_choices":[{"data":"Bash","floor":6.0,"key":"SMITH"},{"data":"Sword Boomerang","floor":10.0,"key":"SMITH"},{"data":"Double Tap","floor":13.0,"key":"SMITH"},{"data":"Inflame","floor":15.0,"key":"SMITH"},{"data":"Heavy Blade","floor":23.0,"key":"SMITH"},{"floor":32.0,"key":"REST"},{"data":"Battle Trance","floor":40.0,"key":"SMITH"},{"data":"Flex","floor":42.0,"key":"SMITH"},{"data":"Chrysalis","floor":47.0,"key":"SMITH"},{"floor":49.0,"key":"REST"}],"neow_cost":"NONE","seed_source_timestamp":0,"circlet_count":0,"master_deck":["AscendersBane","Defend_R","Defend_R","Bash+1","Double Tap+1","Sword Boomerang+1","Cleave","Battle Trance+1","Inflame+1","Sword Boomerang","Heavy Blade+1","Flex+1","Pummel","RitualDagger","Clumsy","Inflame+1","Sword Boomerang+1","Thunderclap","Chrysalis+1"],"special_seed":0,"relics":["Burning Blood","Strawberry","Golden Idol","Smiling Mask","Cursed Key","Gambling Chip","Meat on the Bone","Omamori","MawBank","Bottled Tornado","Calling Bell","Oddly Smooth Stone","Shuriken","Unceasing Top","MealTicket","Pen Nib","Art of War","Ginger"],"potions_floor_usage":[50],"damage_taken":[{"damage":4.0,"enemies":"Small Slimes","floor":1.0,"turns":5.0},{"damage":1.0,"enemies":"Cultist","floor":3.0,"turns":3.0},{"damage":7.0,"enemies":"Jaw Worm","floor":5.0,"turns":3.0},{"damage":17.0,"enemies":"Large Slime","floor":7.0,"turns":5.0},{"damage":13.0,"enemies":"Lagavulin","floor":14.0,"turns":5.0},{"damage":25.0,"enemies":"Hexaghost","floor":16.0,"turns":7.0},{"damage":12.0,"enemies":"3 Byrds","floor":18.0,"turns":3.0},{"damage":17.0,"enemies":"Colosseum Slavers","floor":19.0,"turns":2.0},{"damage":15.0,"enemies":"Colosseum Nobs","floor":19.0,"turns":3.0},{"damage":21.0,"enemies":"Shell Parasite","floor":20.0,"turns":2.0},{"damage":6.0,"enemies":"3 Cultists","floor":21.0,"turns":3.0},{"damage":41.0,"enemies":"Slavers","floor":24.0,"turns":3.0},{"damage":16.0,"enemies":"Shelled Parasite and Fungi","floor":27.0,"turns":2.0},{"damage":26.0,"enemies":"Snecko","floor":28.0,"turns":4.0},{"damage":9.0,"enemies":"Centurion and Healer","floor":29.0,"turns":3.0},{"damage":19.0,"enemies":"Snake Plant","floor":31.0,"turns":2.0},{"damage":44.0,"enemies":"Collector","floor":33.0,"turns":4.0},{"damage":18.0,"enemies":"Orb Walker","floor":35.0,"turns":3.0},{"damage":24.0,"enemies":"3 Darklings","floor":38.0,"turns":3.0},{"damage":30.0,"enemies":"Maw","floor":39.0,"turns":4.0},{"damage":31.0,"enemies":"Spire Growth","floor":41.0,"turns":3.0},{"damage":24.0,"enemies":"Jaw Worm Horde","floor":44.0,"turns":3.0},{"damage":0.0,"enemies":"Mind Bloom Boss Battle","floor":48.0,"turns":3.0},{"damage":70,"enemies":"Awakened One","floor":50,"turns":5}],"seed_played":"5539162137264106382","potions_obtained":[{"floor":3.0,"key":"SkillPotion"},{"floor":5.0,"key":"SpeedPotion"},{"floor":7.0,"key":"Block Potion"},{"floor":18.0,"key":"GamblersBrew"},{"floor":19.0,"key":"Fruit Juice"},{"floor":24.0,"key":"Strength Potion"},{"floor":27.0,"key":"Poison Potion"},{"floor":31.0,"key":"FearPotion"},{"floor":33.0,"key":"Ancient Potion"},{"floor":35.0,"key":"Regen Potion"},{"floor":38.0,"key":"LiquidBronze"},{"floor":39.0,"key":"BloodPotion"},{"floor":44.0,"key":"Block Potion"}],"is_trial":false,"path_per_floor":["M","?","M","$","M","R","M","?","T","R","$","?","R","E","R","B",null,"M","?","M","M","$","R","E","$","T","M","M","M","?","M","R","B",null,"M","?","$","M","M","R","M","R","T","M","$","?","R","?","R","B"],"character_chosen":"IRONCLAD","items_purchased":["Omamori","MealTicket","Art of War"],"campfire_rested":2,"item_purchase_floors":[22,37,45],"current_hp_per_floor":[70,70,75,75,74,74,63,63,70,70,70,42,42,35,35,16,66,60,40,37,54,54,54,31,31,31,33,25,34,28,27,53,27,72,60,60,60,51,39,39,34,34,34,28,43,43,43,61,87,17],"gold":242,"neow_bonus":"REMOVE_CARD","is_prod":false,"is_daily":false,"chose_seed":false,"campfire_upgraded":8,"win_rate":0,"timestamp":1551600078,"path_taken":["M","?","?","?","M","R","M","?","T","R","$","?","R","E","R","BOSS","M","?","M","M","$","R","E","$","T","M","M","M","?","M","R","BOSS","M","?","$","M","M","R","M","R","T","M","$","?","R","?","R","BOSS"],"build_version":"2019-01-23","purchased_purges":5,"victory":false,"max_hp_per_floor":[75,75,75,75,75,75,75,75,82,82,82,82,82,82,82,82,82,82,82,82,87,87,87,87,87,87,87,87,87,87,87,87,87,87,87,87,87,87,87,87,87,87,87,87,87,87,87,87,87,87],"card_choices":[{"not_picked":["Warcry","Shockwave","Clash"],"picked":"SKIP","floor":1.0},{"not_picked":["Body Slam","Reaper"],"picked":"Sword Boomerang","floor":3.0},{"not_picked":["Entrench","Twin Strike"],"picked":"Cleave","floor":5.0},{"not_picked":["Shockwave","Reckless Charge"],"picked":"Battle Trance","floor":7.0},{"not_picked":["Body Slam","Uppercut"],"picked":"Inflame","floor":14.0},{"not_picked":["Seeing Red","Wild Strike"],"picked":"Sword Boomerang","floor":18.0},{"not_picked":["Body Slam","Iron Wave"],"picked":"Heavy Blade","floor":19.0},{"not_picked":["Pommel Strike","Shrug It Off","Perfected Strike"],"picked":"SKIP","floor":20.0},{"not_picked":["Iron Wave","Sword Boomerang","Body Slam"],"picked":"SKIP","floor":21.0},{"not_picked":["Flame Barrier","Shrug It Off","Heavy Blade"],"picked":"SKIP","floor":24.0},{"not_picked":["Entrench","Armaments","Perfected Strike"],"picked":"SKIP","floor":27.0},{"not_picked":["Warcry","Armaments"],"picked":"Flex","floor":28.0},{"not_picked":["Flame Barrier","Clothesline"],"picked":"Pummel","floor":29.0},{"not_picked":["Clash+1","Iron Wave","Corruption"],"picked":"SKIP","floor":31.0},{"not_picked":["Power Through","Cleave+1","Immolate"],"picked":"SKIP","floor":35.0},{"not_picked":["Sword Boomerang+1","Shrug It Off"],"picked":"Inflame+1","floor":38.0},{"not_picked":["Carnage","Body Slam+1"],"picked":"Sword Boomerang+1","floor":39.0},{"not_picked":["Cleave","Flex","Searing Blow+1"],"picked":"SKIP","floor":41.0},{"not_picked":["Dropkick","Twin Strike"],"picked":"Thunderclap","floor":44.0},{"not_picked":["Impatience","Discovery"],"picked":"Chrysalis","floor":46.0}],"player_experience":1040681,"relics_obtained":[{"floor":9.0,"key":"Strawberry"},{"floor":14.0,"key":"Smiling Mask"},{"floor":19.0,"key":"Gambling Chip"},{"floor":19.0,"key":"Meat on the Bone"},{"floor":24.0,"key":"MawBank"},{"floor":26.0,"key":"Bottled Tornado"},{"floor":34.0,"key":"Oddly Smooth Stone"},{"floor":34.0,"key":"Shuriken"},{"floor":34.0,"key":"Unceasing Top"},{"floor":43.0,"key":"Pen Nib"},{"floor":48.0,"key":"Ginger"}],"event_choices":[{"damage_healed":0.0,"max_hp_gain":0.0,"max_hp_loss":0.0,"gold_gain":0.0,"cards_transformed":["Defend_R"],"event_name":"Transmorgrifier","player_choice":"Transformed","floor":2.0,"gold_loss":0.0,"damage_taken":0.0,"cards_obtained":["Double Tap"]},{"cards_removed":["Strike_R"],"damage_healed":0.0,"max_hp_gain":0.0,"max_hp_loss":0.0,"gold_gain":0.0,"event_name":"Living Wall","player_choice":"Forget","floor":8.0,"gold_loss":0.0,"damage_taken":0.0},{"damage_healed":0.0,"max_hp_gain":0.0,"max_hp_loss":0.0,"gold_gain":0.0,"event_name":"Golden Idol","player_choice":"Take Damage","floor":12.0,"gold_loss":0.0,"damage_taken":28.0,"relics_obtained":["Golden Idol"]},{"damage_healed":0.0,"max_hp_gain":0.0,"max_hp_loss":0.0,"gold_gain":0.0,"event_name":"Colosseum","player_choice":"Fight","floor":19.0,"gold_loss":0.0,"damage_taken":0.0},{"damage_healed":0.0,"max_hp_gain":0.0,"max_hp_loss":0.0,"gold_gain":0.0,"event_name":"Colosseum","player_choice":"Fought Nobs","floor":19.0,"gold_loss":0.0,"damage_taken":0.0},{"damage_healed":0.0,"max_hp_gain":0.0,"max_hp_loss":0.0,"gold_gain":0.0,"event_name":"Nest","player_choice":"Joined the Cult","floor":30.0,"gold_loss":0.0,"damage_taken":6.0,"cards_obtained":["RitualDagger"]},{"cards_removed":["Defend_R"],"damage_healed":0.0,"max_hp_gain":0.0,"max_hp_loss":0.0,"gold_gain":0.0,"event_name":"Falling","player_choice":"Removed Skill","floor":36.0,"gold_loss":0.0,"damage_taken":0.0},{"damage_healed":0.0,"max_hp_gain":0.0,"max_hp_loss":0.0,"gold_gain":0.0,"event_name":"SensoryStone","player_choice":"Memory 1","floor":46.0,"gold_loss":0.0,"damage_taken":0.0},{"damage_healed":0.0,"max_hp_gain":0.0,"max_hp_loss":0.0,"gold_gain":0.0,"event_name":"MindBloom","player_choice":"Fight","floor":48.0,"gold_loss":0.0,"damage_taken":0.0}],"is_beta":false,"boss_relics":[{"not_picked":["Runic Pyramid","Mark of Pain"],"picked":"Cursed Key"},{"not_picked":["Lizard Tail","Pandora\u0027s Box"],"picked":"Calling Bell"}],"items_purged_floors":[4,11,22,37,45],"is_endless":false,"potions_floor_spawned":[3,5,7,18,19,24,27,31,33,35,38,39,44],"killed_by":"Awakened One","ascension_level":20}