{"path_per_floor":["M","?","M","$","?","R","E","R","T","T","M","M","R","E","R","B",null,"M","M","$","?","?","R","M","R","T","R","$","M","M","M","R"],"character_chosen":"IRONCLAD","items_purchased":["Bronze Scales"],"gold_per_floor":[109,59,69,69,69,69,101,101,101,101,121,141,141,167,167,270,270,289,305,73,73,73,73,88,88,115,115,15,27,41,59,59],"floor_reached":33,"campfire_rested":2,"playtime":1453,"current_hp_per_floor":[80,80,80,80,73,73,79,79,79,79,80,62,62,38,77,43,80,80,58,58,58,58,58,61,61,61,61,61,56,51,45,84],"items_purged":["Havoc","Anger"],"gold":59,"score":336,"play_id":"512fa5a4-3bbb-40e7-8dd2-c3cc5fc037cd","local_time":"20180315221431","is_prod":false,"is_daily":false,"is_ascension_mode":true,"campfire_upgraded":6,"timestamp":1521166471,"path_taken":["M","?","M","$","?","R","E","R","T","?","M","?","R","E","R","BOSS","M","M","$","?","?","R","M","R","T","R","?","M","?","M","R","BOSS"],"build_version":"2018-03-15","purchased_purges":2,"victory":false,"master_deck":["Bash","Body Slam+1","Shrug It Off+1","Ghostly Armor+1","Battle Trance","Impervious","Perfected Strike+1","Sword Boomerang","Wild Strike","Dual Wield+1","Pommel Strike","Pommel Strike","Metallicize+1","Twin Strike+1","Disarm+1","Twin Strike"],"max_hp_per_floor":[80,80,80,80,80,80,80,80,80,80,80,80,80,80,80,80,80,80,80,80,80,80,80,80,80,80,80,80,82,82,84,84],"relics":["Burning Blood","NeowsBlessing","Bag of Marbles","Regal Pillow","Mercury Hourglass","Blood Vial","Happy Flower","Pandora\u0027s Box","Bronze Scales","Singing Bowl"],"card_choices":[{"not_picked":["Iron Wave","Sentinel"],"picked":"Body Slam"},{"not_picked":["Wild Strike","Feed"],"picked":"Shrug It Off"},{"not_picked":["Headbutt","Clothesline"],"picked":"Ghostly Armor"},{"not_picked":["Blood for Blood","Havoc"],"picked":"Battle Trance"},{"not_picked":["Fiend Fire","Limit Break"],"picked":"Impervious"},{"not_picked":["Thunderclap","Iron Wave"],"picked":"Metallicize"},{"not_picked":["Ghostly Armor","Shockwave"],"picked":"Twin Strike"},{"not_picked":["Clash","Burning Pact"],"picked":"Disarm"},{"not_picked":["Shockwave","Flex"],"picked":"Twin Strike"}],"player_experience":275021,"potions_floor_usage":[18,30,33,33],"damage_taken":[{"damage":0,"enemies":"2 Louse","floor":1,"turns":1},{"damage":0,"enemies":"Small Slimes","floor":3,"turns":1},{"damage":0,"enemies":"3 Sentries","floor":7,"turns":1},{"damage":1,"enemies":"Jaw Worm","floor":11,"turns":2},{"damage":24,"enemies":"Exordium Thugs","floor":12,"turns":4},{"damage":32,"enemies":"Gremlin Nob","floor":14,"turns":4},{"damage":42,"enemies":"Hexaghost","floor":16,"turns":11},{"damage":0,"enemies":"Chosen","floor":18,"turns":2},{"damage":28,"enemies":"Shell Parasite","floor":19,"turns":5},{"damage":5,"enemies":"Centurion and Healer","floor":24,"turns":3},{"damage":15,"enemies":"Snecko","floor":29,"turns":3},{"damage":13,"enemies":"Cultist and Chosen","floor":30,"turns":4},{"damage":16,"enemies":"Centurion and Healer","floor":31,"turns":4},{"damage":86,"enemies":"Champ","floor":33,"turns":10}],"event_choices":[{"event_name":"The Cleric","player_choice":"Card Removal","floor":2,"damage_taken":0},{"event_name":"Scrap Ooze","player_choice":"success","floor":5,"damage_taken":7},{"event_name":"Addict","player_choice":"Ignored","floor":21,"damage_taken":0},{"event_name":"Vampires","player_choice":"Ignored","floor":22,"damage_taken":0}],"boss_relics":[{"not_picked":["Lizard Tail","Black Star"],"picked":"Pandora\u0027s Box"}],"potions_floor_spawned":[7,11,16,18,29],"seed_played":"-2529035128696357836","killed_by":"Champ","ascension_level":4,"is_trial":false}