{"gold_per_floor":[119,129,129,27,38,38,48,48,48,64,239,254,254,354,354,354],"floor_reached":16,"playtime":607,"items_purged":["Strike_R"],"score":92,"play_id":"841038d1-a630-4b83-a7a6-315b39046880","local_time":"20181015140210","is_ascension_mode":false,"campfire_choices":[{"data":"True Grit","floor":6,"key":"SMITH"},{"data":"Flex","floor":8,"key":"SMITH"},{"data":"Whirlwind","floor":15,"key":"SMITH"}],"neow_cost":"NONE","seed_source_timestamp":470548315086497,"circlet_count":0,"master_deck":["Strike_R","Strike_R","Strike_R","Defend_R","Defend_R","Defend_R","Defend_R","Bash","Heavy Blade","True Grit+1","Flex+1","Cleave","Doubt","Whirlwind+1"],"relics":["Burning Blood","Letter Opener","Molten Egg 2"],"potions_floor_usage":[16],"damage_taken":[{"damage":9,"enemies":"Cultist","floor":1,"turns":5},{"damage":11,"enemies":"Jaw Worm","floor":2,"turns":4},{"damage":2,"enemies":"2 Louse","floor":5,"turns":3},{"damage":14,"enemies":"Blue Slaver","floor":7,"turns":4},{"damage":0,"enemies":"Large Slime","floor":10,"turns":3},{"damage":13,"enemies":"Red Slaver","floor":12,"turns":4},{"damage":64,"enemies":"The Guardian","floor":16,"turns":10}],"seed_played":"3529797395150681890","potions_obtained":[{"floor":1,"key":"Ancient Potion"},{"floor":12,"key":"Poison Potion"}],"is_trial":false,"path_per_floor":["M","M","$","$","M","R","M","R","T","M","?","M","?","?","R"],"character_chosen":"IRONCLAD","items_purchased":["Flex"],"campfire_rested":0,"item_purchase_floors":[4],"current_hp_per_floor":[77,72,72,72,76,76,68,68,68,74,74,67,60,60,60,0],"gold":354,"neow_bonus":"REMOVE_CARD","is_prod":false,"is_daily":false,"chose_seed":false,"campfire_upgraded":3,"win_rate":0,"timestamp":1539626530,"path_taken":["M","?","?","$","?","R","M","R","T","M","?","M","?","?","R","BOSS"],"build_version":"2018-10-11","purchased_purges":1,"victory":false,"max_hp_per_floor":[80,80,80,80,80,80,80,80,80,80,80,80,80,80,80,80],"card_choices":[{"not_picked":["Hemokinesis","Sword Boomerang"],"picked":"Heavy Blade","floor":1},{"not_picked":["Twin Strike","Corruption"],"picked":"True Grit","floor":2},{"not_picked":["Sword Boomerang","Pommel Strike"],"picked":"Cleave","floor":5},{"not_picked":["Feel No Pain","Evolve","Body Slam"],"picked":"SKIP","floor":7},{"not_picked":["Perfected Strike","Brutality","Cleave"],"picked":"SKIP","floor":10},{"not_picked":["Perfected Strike","Clothesline"],"picked":"Whirlwind","floor":12}],"player_experience":609721,"relics_obtained":[{"floor":9,"key":"Letter Opener"}],"event_choices":[{"event_name":"Liars Game","player_choice":"agreed","floor":11,"damage_taken":0},{"event_name":"Scrap Ooze","player_choice":"success","floor":13,"damage_taken":7},{"event_name":"Wheel of Change","player_choice":"Gold","floor":14,"damage_taken":0}],"is_beta":false,"boss_relics":[],"items_purged_floors":[4],"is_endless":false,"potions_floor_spawned":[1,12],"killed_by":"The Guardian","ascension_level":0}