{"gold_per_floor":[111,186,361,361,361,404,424,481,481,505,505,517,570,602,614,626],"floor_reached":16,"playtime":590,"items_purged":[],"score":146,"play_id":"11ffc3c3-458e-484b-99d7-815ad1a047cd","local_time":"20181128180439","is_ascension_mode":true,"campfire_choices":[{"data":"Bullet Time","floor":12,"key":"SMITH"},{"floor":15,"key":"REST"}],"neow_cost":"NONE","seed_source_timestamp":417560983239091,"circlet_count":0,"master_deck":["Defend_G","Defend_G","Defend_G","Defend_G","Defend_G","Strike_G","Strike_G","Strike_G","Strike_G","Survivor","Neutralize","Blade Dance","Doubt","Burst","Distraction","Expertise","Bullet Time+1","Flying Knee","Finisher"],"relics":["Ring of the Snake","NeowsBlessing","Golden Idol","Letter Opener","Tiny Chest","Pear","MawBank","Juzu Bracelet"],"potions_floor_usage":[13,16,16],"damage_taken":[{"damage":0,"enemies":"2 Louse","floor":1,"turns":1},{"damage":0,"enemies":"Gremlin Nob","floor":6,"turns":1},{"damage":0,"enemies":"Small Slimes","floor":7,"turns":1},{"damage":9,"enemies":"Cultist","floor":10,"turns":5},{"damage":28,"enemies":"Lagavulin","floor":13,"turns":8},{"damage":3,"enemies":"Looter","floor":14,"turns":3},{"damage":57,"enemies":"The Guardian","floor":16,"turns":7}],"seed_played":"-6865355695705899673","potions_obtained":[{"floor":6,"key":"AttackPotion"},{"floor":13,"key":"LiquidBronze"},{"floor":14,"key":"Block Potion"}],"is_trial":false,"path_per_floor":["M","?","?","?","?","E","M","T","T","M","T","R","E","M","R","B"],"character_chosen":"THE_SILENT","items_purchased":[],"campfire_rested":1,"item_purchase_floors":[],"current_hp_per_floor":[70,59,59,59,59,59,59,59,69,60,60,60,32,29,51,0],"gold":626,"neow_bonus":"THREE_ENEMY_KILL","is_prod":false,"is_daily":false,"chose_seed":false,"campfire_upgraded":1,"win_rate":0,"timestamp":1543446279,"path_taken":["M","?","?","?","?","E","M","?","T","M","?","R","E","M","R","BOSS"],"build_version":"2018-11-15","purchased_purges":0,"victory":false,"max_hp_per_floor":[70,70,70,65,65,65,65,65,75,75,75,75,75,75,75,75],"card_choices":[{"not_picked":["PiercingWail","Underhanded Strike"],"picked":"Blade Dance","floor":1},{"not_picked":["Bane","Dodge and Roll"],"picked":"Distraction","floor":6},{"not_picked":["Underhanded Strike","Leg Sweep"],"picked":"Expertise","floor":7},{"not_picked":["Backstab","Slice"],"picked":"Bullet Time","floor":10},{"not_picked":["Masterful Stab","Quick Slash"],"picked":"Flying Knee","floor":13},{"not_picked":["Prepared","Slice"],"picked":"Finisher","floor":14}],"player_experience":182669,"relics_obtained":[{"floor":6,"key":"Letter Opener"},{"floor":8,"key":"Tiny Chest"},{"floor":9,"key":"Pear"},{"floor":11,"key":"MawBank"},{"floor":13,"key":"Juzu Bracelet"}],"event_choices":[{"damage_healed":0,"gold_gain":75,"player_choice":"Gather Gold","damage_taken":11,"max_hp_gain":0,"max_hp_loss":0,"event_name":"World of Goop","floor":2,"gold_loss":0},{"damage_healed":0,"gold_gain":175,"player_choice":"AGREE","damage_taken":0,"max_hp_gain":0,"max_hp_loss":0,"event_name":"Liars Game","floor":3,"gold_loss":0,"cards_obtained":["Doubt"]},{"damage_healed":0,"gold_gain":0,"player_choice":"Lose Max HP","damage_taken":0,"relics_obtained":["Golden Idol"],"max_hp_gain":0,"max_hp_loss":5,"event_name":"Golden Idol","floor":4,"gold_loss":0},{"damage_healed":0,"gold_gain":0,"cards_transformed":["Strike_G"],"player_choice":"Change","damage_taken":0,"max_hp_gain":0,"max_hp_loss":0,"event_name":"Living Wall","floor":5,"gold_loss":0,"cards_obtained":["Burst"]}],"is_beta":false,"boss_relics":[],"items_purged_floors":[],"is_endless":false,"potions_floor_spawned":[6,13,14],"killed_by":"The Guardian","ascension_level":2}