{"gold_per_floor":[111,111,126,126,51,51,82,82,135,168,68,68,82,98,98,196,196,212,337,337,352,227,227],"floor_reached":23,"playtime":986,"items_purged":["Strike_R","Strike_R","Shame"],"score":433,"play_id":"3aeeb8ae-b9f5-43dc-8422-8984908bd86f","local_time":"20190302173128","is_ascension_mode":true,"campfire_choices":[{"data":"Searing Blow","floor":6.0,"key":"SMITH"},{"data":"Searing Blow+1","floor":8.0,"key":"SMITH"},{"data":"Searing Blow+2","floor":12.0,"key":"SMITH"},{"data":"Searing Blow+3","floor":15.0,"key":"SMITH"}],"neow_cost":"NONE","seed_source_timestamp":0,"circlet_count":0,"master_deck":["AscendersBane","Strike_R","Strike_R","Strike_R","Defend_R","Defend_R","Defend_R","Defend_R","Bash","Pummel","Searing Blow+4","Battle Trance"],"special_seed":0,"relics":["Burning Blood","NeowsBlessing","Golden Idol","Self Forming Clay","Strawberry","Dream Catcher","Velvet Choker","Ginger","Frozen Egg 2","Boot"],"potions_floor_usage":[],"damage_taken":[{"damage":0.0,"enemies":"Small Slimes","floor":1.0,"turns":1.0},{"damage":0.0,"enemies":"2 Louse","floor":3.0,"turns":1.0},{"damage":0.0,"enemies":"Lagavulin","floor":7.0,"turns":1.0},{"damage":29.0,"enemies":"Gremlin Nob","floor":10.0,"turns":4.0},{"damage":7.0,"enemies":"Jaw Worm","floor":13.0,"turns":2.0},{"damage":16.0,"enemies":"Exordium Thugs","floor":14.0,"turns":4.0},{"damage":15.0,"enemies":"Slime Boss","floor":16.0,"turns":7.0},{"damage":5.0,"enemies":"3 Byrds","floor":18.0,"turns":4.0},{"damage":13.0,"enemies":"Colosseum Slavers","floor":19.0,"turns":3.0},{"damage":11.0,"enemies":"Colosseum Nobs","floor":19.0,"turns":5.0},{"damage":19.0,"enemies":"2 Thieves","floor":21.0,"turns":4.0},{"damage":18,"enemies":"Gremlin Leader","floor":23,"turns":4}],"seed_played":"2078418861701523058","potions_obtained":[{"floor":1.0,"key":"Swift Potion"},{"floor":13.0,"key":"Poison Potion"},{"floor":16.0,"key":"Explosive Potion"}],"is_trial":false,"path_per_floor":["M","?","M","?","$","R","E","R","T","E","$","R","M","M","R","B",null,"M","?","?","M","$","E"],"character_chosen":"IRONCLAD","items_purchased":[],"campfire_rested":0,"item_purchase_floors":[],"current_hp_per_floor":[74,74,75,49,49,49,55,55,62,39,39,39,38,28,28,19,66,67,55,55,42,42,24],"gold":227,"neow_bonus":"THREE_ENEMY_KILL","is_prod":false,"is_daily":false,"chose_seed":false,"campfire_upgraded":4,"win_rate":0,"timestamp":1551515488,"path_taken":["M","?","M","?","?","R","E","R","T","E","$","R","M","M","R","BOSS","M","?","?","M","$","E"],"build_version":"2019-01-23","purchased_purges":3,"victory":false,"max_hp_per_floor":[75,75,75,75,75,75,75,75,82,82,82,82,82,82,82,82,82,82,82,82,82,82,82],"card_choices":[{"not_picked":["Corruption","Perfected Strike"],"picked":"Pummel","floor":1.0},{"not_picked":["Warcry","Headbutt"],"picked":"Searing Blow","floor":3.0},{"not_picked":["Power Through","Dropkick","Berserk"],"picked":"SKIP","floor":7.0},{"not_picked":["Anger","Impervious","Whirlwind"],"picked":"SKIP","floor":10.0},{"not_picked":["Perfected Strike","Searing Blow"],"picked":"Battle Trance","floor":13.0},{"not_picked":["Shockwave","Anger","Wild Strike"],"picked":"SKIP","floor":14.0},{"not_picked":["Twin Strike","Shockwave","Armaments"],"picked":"SKIP","floor":18.0},{"not_picked":["Rage","Inflame+1","Burning Pact"],"picked":"SKIP","floor":21.0}],"player_experience":992525,"relics_obtained":[{"floor":7.0,"key":"Self Forming Clay"},{"floor":9.0,"key":"Strawberry"},{"floor":10.0,"key":"Dream Catcher"},{"floor":19.0,"key":"Ginger"},{"floor":19.0,"key":"Frozen Egg 2"}],"event_choices":[{"damage_healed":0.0,"max_hp_gain":0.0,"max_hp_loss":0.0,"gold_gain":0.0,"event_name":"Scrap Ooze","player_choice":"Fled","floor":2.0,"gold_loss":0.0,"damage_taken":0.0},{"damage_healed":0.0,"max_hp_gain":0.0,"max_hp_loss":0.0,"gold_gain":0.0,"event_name":"Golden Idol","player_choice":"Take Damage","floor":4.0,"gold_loss":0.0,"damage_taken":26.0,"relics_obtained":["Golden Idol"]},{"damage_healed":0.0,"max_hp_gain":0.0,"max_hp_loss":0.0,"gold_gain":0.0,"event_name":"Colosseum","player_choice":"Fight","floor":19.0,"gold_loss":0.0,"damage_taken":0.0},{"damage_healed":0.0,"max_hp_gain":0.0,"max_hp_loss":0.0,"gold_gain":0.0,"event_name":"Colosseum","player_choice":"Fought Nobs","floor":19.0,"gold_loss":0.0,"damage_taken":0.0},{"damage_healed":0.0,"max_hp_gain":0.0,"max_hp_loss":0.0,"gold_gain":0.0,"event_name":"Addict","player_choice":"Stole Relic","floor":20.0,"gold_loss":0.0,"damage_taken":0.0,"relics_obtained":["Boot"],"cards_obtained":["Shame"]}],"is_beta":false,"boss_relics":[{"not_picked":["Ectoplasm","Pandora\u0027s Box"],"picked":"Velvet Choker"}],"items_purged_floors":[5,11,22],"is_endless":false,"potions_floor_spawned":[1,13,16,19],"killed_by":"Gremlin Leader","ascension_level":19}