{"path_per_floor":["M","?","M","M","M","R","M","R","T","M","R","M","M","M","R","B",null,"M","M","$","M","M","?","R","M","T","M","R","?","M","?","R"],"character_chosen":"IRONCLAD","items_purchased":["Mango","Battle Trance"],"gold_per_floor":[119,119,138,157,173,173,185,185,185,205,205,215,229,249,249,354,354,364,379,56,74,91,91,91,109,135,151,151,151,170,170,170,170],"floor_reached":33,"campfire_rested":6,"playtime":1802,"current_hp_per_floor":[77,65,67,69,45,45,16,40,40,26,50,39,44,28,52,11,63,55,39,53,48,28,28,56,19,19,9,37,37,36,20,48,0],"items_purged":[],"gold":170,"score":340,"play_id":"61e40ee3-831f-4e5b-b5a3-cfa398c0633d","local_time":"20180330202925","is_prod":false,"is_daily":false,"is_ascension_mode":true,"campfire_upgraded":1,"timestamp":1522456165,"path_taken":["M","?","M","?","M","R","M","R","T","M","R","?","M","M","R","BOSS","M","M","$","M","?","?","R","M","T","M","R","?","?","?","R","BOSS"],"build_version":"2018-03-29v2","purchased_purges":0,"victory":false,"master_deck":["Strike_R","Strike_R","Defend_R","Defend_R","Defend_R","Defend_R","Bash","True Grit","Heavy Blade+1","Shockwave","Heavy Blade","Flex","Brutality","Spot Weakness+1","Offering+1","Bludgeon+1","Battle Trance","Spot Weakness+1","Flex","Heavy Blade+1","Flex"],"max_hp_per_floor":[80,80,80,80,80,80,80,80,80,80,80,80,80,80,80,80,80,80,80,94,94,94,94,94,94,94,94,94,94,94,94,94,94],"relics":["Burning Blood","Happy Flower","Dodecahedron","Shovel","Astrolabe","Mango","Lantern","Enchiridion"],"card_choices":[{"not_picked":["Searing Blow","Iron Wave"],"picked":"True Grit","floor":1.0},{"not_picked":["Pummel","Anger"],"picked":"Heavy Blade","floor":4.0},{"not_picked":["Feel No Pain","Thunderclap"],"picked":"Shockwave","floor":7},{"not_picked":["Clothesline","Blood for Blood"],"picked":"Heavy Blade","floor":12},{"not_picked":["Flame Barrier","Shrug It Off"],"picked":"Flex","floor":13},{"not_picked":["Immolate","Impervious"],"picked":"Brutality","floor":16},{"not_picked":["Shrug It Off","Sword Boomerang"],"picked":"Spot Weakness","floor":21},{"not_picked":["Dropkick","Uppercut"],"picked":"Flex","floor":25},{"not_picked":["Anger","Sentinel"],"picked":"Flex","floor":30}],"player_experience":373845,"potions_floor_usage":[16,16,16,27,30,30,33],"damage_taken":[{"damage":9.0,"enemies":"2 Louse","floor":1.0,"turns":3.0},{"damage":4.0,"enemies":"Small Slimes","floor":3.0,"turns":5.0},{"damage":4.0,"enemies":"Jaw Worm","floor":4.0,"turns":5.0},{"damage":30.0,"enemies":"Exordium Thugs","floor":5.0,"turns":5.0},{"damage":35,"enemies":"Gremlin Gang","floor":7,"turns":7},{"damage":20,"enemies":"Lots of Slimes","floor":10,"turns":6},{"damage":17,"enemies":"Exordium Wildlife","floor":12,"turns":6},{"damage":1,"enemies":"2 Fungi Beasts","floor":13,"turns":3},{"damage":22,"enemies":"Exordium Thugs","floor":14,"turns":5},{"damage":47,"enemies":"Slime Boss","floor":16,"turns":12},{"damage":14,"enemies":"Chosen","floor":18,"turns":2},{"damage":22,"enemies":"Spheric Guardian","floor":19,"turns":4},{"damage":11,"enemies":"Centurion and Healer","floor":21,"turns":3},{"damage":26,"enemies":"Slaver and Parasite","floor":22,"turns":4},{"damage":43,"enemies":"3 Cultists","floor":25,"turns":5},{"damage":16,"enemies":"Chosen and Byrds","floor":27,"turns":4},{"damage":7,"enemies":"Slaver and Parasite","floor":30,"turns":2},{"damage":52,"enemies":"Collector","floor":33,"turns":5}],"event_choices":[{"event_name":"Scrap Ooze","player_choice":"success","floor":2.0,"damage_taken":12.0},{"event_name":"Vampires","player_choice":"Ignored","floor":23,"damage_taken":0},{"event_name":"Duplicator","player_choice":"One dupe","floor":29,"damage_taken":0},{"event_name":"Cursed Tome","player_choice":"Obtained Book","floor":31,"damage_taken":0}],"boss_relics":[{"not_picked":["Sozu","Runic Cube"],"picked":"Astrolabe"}],"potions_floor_spawned":[4,7,12,19,21,25,30],"seed_played":"490544078180539945","killed_by":"Collector","ascension_level":5,"is_trial":false}