{"path_per_floor":["M","$","?","M","$","R","E","?","T","R","M","M","M","?","R","B",null,"M","$","?","M","M","R","M","M","T","R","?"],"character_chosen":"THE_SILENT","items_purchased":["Quick Slash","Catalyst","Dash","Bouncing Flask","Poisoned Stab","Prepared"],"gold_per_floor":[110,62,137,151,40,40,71,71,71,71,85,103,116,116,116,211,211,227,78,78,88,105,105,124,143,143,143,143],"floor_reached":29,"campfire_rested":3,"playtime":1542,"current_hp_per_floor":[70,70,59,59,59,59,59,45,45,45,43,43,36,36,57,43,70,45,45,45,37,37,58,57,1,1,22,22],"items_purged":[],"gold":143,"score":250,"play_id":"5e1dc16f-cc6d-4c0c-92f8-f9d34e4efdcd","is_prod":false,"is_daily":false,"is_ascension_mode":false,"campfire_upgraded":2,"path_taken":["M","$","?","M","$","R","E","?","T","R","M","M","M","?","R","BOSS","M","$","?","M","M","R","M","M","T","R","?","M"],"build_version":"2018-02-08-PROD1","purchased_purges":0,"victory":false,"master_deck":["Defend_G","Defend_G","Defend_G","Defend_G","Defend_G","Strike_G","Strike_G","Strike_G+1","Strike_G","Strike_G","Survivor","Neutralize","Deadly Poison+1","Quick Slash","Corpse Explosion+1","Catalyst+1","Dash","Dodge and Roll","Prepared","PiercingWail","Poisoned Stab","Regret","Tools of the Trade+1","Bouncing Flask","Poisoned Stab","Prepared","Dash+1","Bane+1"],"max_hp_per_floor":[70,70,70,70,70,70,70,70,70,70,70,70,70,70,70,70,70,70,70,70,70,70,70,70,70,70,70,70],"relics":["Ring of the Snake","NeowsBlessing","Frozen Egg 2","Frozen Eye","Ninja Scroll","Velvet Choker","Torii"],"card_choices":[{"not_picked":["Slice","Deflect"],"picked":"Deadly Poison"},{"not_picked":["Acrobatics","Blur"],"picked":"Corpse Explosion"},{"not_picked":["Endless Agony","Sucker Punch"],"picked":"Dodge and Roll"},{"not_picked":["Outmaneuver","Dagger Throw"],"picked":"Prepared"},{"not_picked":["Malaise","Escape Plan"],"picked":"PiercingWail"},{"not_picked":["Eviscerate","Accuracy"],"picked":"Poisoned Stab"},{"not_picked":["Doppelganger","Tactician"],"picked":"Tools of the Trade"},{"not_picked":["Blur","Backstab"],"picked":"Dash"},{"not_picked":["Outmaneuver","Masterful Stab"],"picked":"Bane"}],"player_experience":80828,"potions_floor_usage":[16,29,29,29],"damage_taken":[{"damage":0,"enemies":"Cultist","floor":1,"turns":1},{"damage":0,"enemies":"2 Louse","floor":4,"turns":1},{"damage":0,"enemies":"Lagavulin","floor":7,"turns":1},{"damage":2,"enemies":"Blue Slaver","floor":11,"turns":4},{"damage":0,"enemies":"Large Slime","floor":12,"turns":5},{"damage":7,"enemies":"Exordium Wildlife","floor":13,"turns":4},{"damage":14,"enemies":"The Guardian","floor":16,"turns":10},{"damage":25,"enemies":"3 Byrds","floor":18,"turns":7},{"damage":8,"enemies":"2 Thieves","floor":21,"turns":2},{"damage":0,"enemies":"Centurion and Healer","floor":22,"turns":6},{"damage":1,"enemies":"Chosen and Byrds","floor":24,"turns":3},{"damage":56,"enemies":"3 Cultists","floor":25,"turns":8},{"damage":38,"enemies":"Sentry and Sphere","floor":29,"turns":5}],"event_choices":[{"event_name":"World of Goop","player_choice":"Gather Gold","floor":3,"damage_taken":0},{"event_name":"Shining Light","player_choice":"Entered Light","floor":8,"damage_taken":0},{"event_name":"Big Fish","player_choice":"Box","floor":14,"damage_taken":0},{"event_name":"Addict","player_choice":"Ignored","floor":20,"damage_taken":0},{"event_name":"Drug Dealer","player_choice":"Ignored","floor":28,"damage_taken":0}],"boss_relics":[{"not_picked":["Astrolabe","Tiny House"],"picked":"Velvet Choker"}],"potions_floor_spawned":[12,13,16,21,24,25],"seed_played":"7612828793940539970","killed_by":"Sentry and Sphere","ascension_level":0,"is_trial":false}