{"gold_per_floor":[111,111,111,11,24,63,63,63,108,8,108,108,147,162,162,293,293,312,330,80,5,5],"floor_reached":22,"playtime":1129,"items_purged":["Defend_B","Strike_B","Defend_B"],"score":190,"play_id":"120420f1-7b37-404e-a2f9-6f8240c59b18","local_time":"20190106003350","is_ascension_mode":false,"campfire_choices":[{"floor":7.0,"key":"RECALL"},{"floor":12,"key":"REST"},{"floor":15,"key":"REST"}],"neow_cost":"NONE","seed_source_timestamp":1368106748263488,"circlet_count":0,"master_deck":["Defend_B","Zap","Dualcast","Genetic Algorithm","Doom and Gloom","Stack","Loop","FTL","Redo","Sunder","All For One","Defragment+1","Loop","Sunder","Stack"],"special_seed":0,"relics":["Cracked Core","Juzu Bracelet","Golden Idol","Happy Flower","DataDisk","Empty Cage"],"potions_floor_usage":[],"damage_taken":[{"damage":0.0,"enemies":"2 Louse","floor":1.0,"turns":3.0},{"damage":0.0,"enemies":"Cultist","floor":5.0,"turns":3.0},{"damage":18.0,"enemies":"Lagavulin","floor":6.0,"turns":5.0},{"damage":40,"enemies":"3 Sentries","floor":13,"turns":7},{"damage":0,"enemies":"Jaw Worm","floor":14,"turns":3},{"damage":26,"enemies":"Slime Boss","floor":16,"turns":6},{"damage":20,"enemies":"Shell Parasite","floor":18,"turns":6},{"damage":28,"enemies":"2 Thieves","floor":19,"turns":4},{"damage":38,"enemies":"Centurion and Healer","floor":22,"turns":6}],"seed_played":"-3676949776504948149","potions_obtained":[{"floor":5.0,"key":"LiquidBronze"},{"floor":14,"key":"FocusPotion"},{"floor":18,"key":"Dexterity Potion"}],"is_trial":false,"path_per_floor":["M","?","?","$","M","E","R","?","T","$","?","R","E","M","R","B",null,"M","M","$","?","M"],"character_chosen":"DEFECT","items_purchased":["Stack","Sunder","Stack"],"campfire_rested":2,"item_purchase_floors":[4,20,20],"current_hp_per_floor":[75,75,57,57,57,39,39,44,44,44,44,68,28,28,52,26,80,60,32,32,32,0],"gold":5,"neow_bonus":"RANDOM_COMMON_RELIC","is_prod":false,"is_daily":false,"chose_seed":false,"campfire_upgraded":0,"win_rate":0,"timestamp":1546752830,"path_taken":["M","?","?","$","M","E","R","?","T","?","?","R","E","M","R","BOSS","M","M","$","?","M"],"build_version":"2019-01-03v4","purchased_purges":3,"victory":false,"max_hp_per_floor":[75,75,75,75,75,75,75,80,80,80,80,80,80,80,80,80,80,80,80,80,80,80],"card_choices":[{"not_picked":["Sweeping Beam","Stack"],"picked":"Genetic Algorithm","floor":1.0},{"not_picked":["Beam Cell","Skim"],"picked":"Loop","floor":5.0},{"not_picked":["Aggregate","Reinforced Body"],"picked":"FTL","floor":6.0},{"not_picked":["Blizzard","Scrape"],"picked":"Redo","floor":13},{"not_picked":["Hello World","Tempest"],"picked":"Sunder","floor":14},{"not_picked":["Hyperbeam","Reboot"],"picked":"All For One","floor":16},{"not_picked":["Steam","Force Field"],"picked":"Defragment+1","floor":18},{"not_picked":["Turbo","Steam"],"picked":"Loop","floor":19}],"player_experience":900431,"relics_obtained":[{"floor":6.0,"key":"Happy Flower"},{"floor":13,"key":"DataDisk"}],"event_choices":[{"damage_healed":0.0,"max_hp_gain":0.0,"max_hp_loss":0.0,"gold_gain":0.0,"cards_transformed":["Strike_B"],"event_name":"Transmorgrifier","player_choice":"Transformed","floor":2.0,"gold_loss":0.0,"damage_taken":0.0,"cards_obtained":["Doom and Gloom"]},{"damage_healed":0.0,"max_hp_gain":0.0,"max_hp_loss":0.0,"gold_gain":0.0,"event_name":"Golden Idol","player_choice":"Take Damage","floor":3.0,"gold_loss":0.0,"damage_taken":18.0,"relics_obtained":["Golden Idol"]},{"damage_healed":0.0,"max_hp_gain":5.0,"max_hp_loss":0.0,"gold_gain":0.0,"event_name":"Big Fish","player_choice":"Donut","floor":8.0,"gold_loss":0.0,"damage_taken":0.0},{"damage_healed":0,"gold_gain":100,"player_choice":"Pray","damage_taken":0,"max_hp_gain":0,"max_hp_loss":0,"event_name":"Golden Shrine","floor":11,"gold_loss":0},{"cards_removed":["Defend_B"],"damage_healed":0,"gold_gain":0,"player_choice":"Gave Gold","damage_taken":0,"max_hp_gain":0,"max_hp_loss":0,"event_name":"Beggar","floor":21,"gold_loss":75}],"is_beta":false,"boss_relics":[{"not_picked":["Coffee Dripper","Sozu"],"picked":"Empty Cage"}],"items_purged_floors":[4,10,20],"is_endless":false,"potions_floor_spawned":[5,14,18],"killed_by":"Centurion and Healer","ascension_level":0}