{"path_per_floor":["M","M","M","?","M","R","T","M","T","M","R","$","M","?","R","B",null,"M","?","$","M","$","R","?","R","T","T","M","M","M","?","R"],"character_chosen":"IRONCLAD","items_purchased":["Rupture","Flame Barrier","Armaments","Combust","Iron Wave"],"gold_per_floor":[114,133,153,153,171,171,197,207,233,245,245,47,57,57,57,162,162,182,182,13,31,31,31,31,31,31,84,94,108,126,26,26],"floor_reached":33,"campfire_rested":1,"playtime":1951,"current_hp_per_floor":[80,73,76,76,58,58,58,53,53,52,52,52,41,34,58,47,80,72,72,72,74,74,74,74,74,74,74,66,65,53,53,53],"items_purged":["Defend_R"],"gold":26,"score":263,"play_id":"d258da48-a578-4234-9841-a7df3eecc7da","is_prod":false,"is_daily":false,"is_ascension_mode":true,"campfire_upgraded":5,"path_taken":["M","M","?","?","M","R","?","M","T","M","R","$","?","?","R","BOSS","M","?","?","M","$","R","?","R","T","?","M","M","M","?","R","BOSS"],"build_version":"2018-02-22-PROD2","purchased_purges":1,"victory":false,"master_deck":["Strike_R","Strike_R","Defend_R","Defend_R","Defend_R","Bash","Dark Embrace+1","Infernal Blade+1","Inflame","Iron Wave","Combust+1","Warcry+1","Rupture","Flame Barrier","Armaments","Anger","Barricade","Metallicize+1","Combust","Iron Wave","Entrench","True Grit","Ghostly Armor","Body Slam+1","J.A.X."],"max_hp_per_floor":[80,80,80,80,80,80,80,80,80,80,80,80,80,80,80,80,80,80,80,80,80,80,80,80,80,80,80,80,80,80,80,80],"relics":["Burning Blood","Omamori","Happy Flower","Snecko Eye","Kunai","Art of War","Singing Bowl"],"card_choices":[{"not_picked":["Thunderclap","Combust"],"picked":"Infernal Blade"},{"not_picked":["Clothesline","Fire Breathing"],"picked":"Inflame"},{"not_picked":["Power Through","Thunderclap"],"picked":"Iron Wave"},{"not_picked":["Perfected Strike","Clash"],"picked":"Combust"},{"not_picked":["Carnage","Berserk"],"picked":"Warcry"},{"not_picked":["Wild Strike","Headbutt"],"picked":"Anger"},{"not_picked":["Juggernaut","Feed"],"picked":"Barricade"},{"not_picked":["Havoc","Perfected Strike"],"picked":"Metallicize"},{"not_picked":["Armaments","Warcry"],"picked":"Entrench"},{"not_picked":["Body Slam","Clothesline"],"picked":"True Grit"},{"not_picked":["Infernal Blade","Berserk"],"picked":"Ghostly Armor"},{"not_picked":["Fire Breathing","Rampage"],"picked":"Body Slam"}],"player_experience":209555,"potions_floor_usage":[33,33],"damage_taken":[{"damage":6.0,"enemies":"Cultist","floor":1.0,"turns":3.0},{"damage":13.0,"enemies":"Jaw Worm","floor":2.0,"turns":4.0},{"damage":10.0,"enemies":"Small Slimes","floor":3.0,"turns":4.0},{"damage":24.0,"enemies":"Exordium Wildlife","floor":5.0,"turns":4.0},{"damage":11.0,"enemies":"Lots of Slimes","floor":8.0,"turns":5.0},{"damage":7.0,"enemies":"2 Fungi Beasts","floor":10.0,"turns":4.0},{"damage":17.0,"enemies":"Large Slime","floor":13.0,"turns":5.0},{"damage":32.0,"enemies":"Slime Boss","floor":16.0,"turns":10.0},{"damage":14.0,"enemies":"3 Byrds","floor":18.0,"turns":5.0},{"damage":9.0,"enemies":"Chosen","floor":21.0,"turns":7.0},{"damage":14.0,"enemies":"Centurion and Healer","floor":28.0,"turns":7.0},{"damage":7.0,"enemies":"Snecko","floor":29.0,"turns":8.0},{"damage":18.0,"enemies":"Snake Plant","floor":30.0,"turns":6.0},{"damage":77,"enemies":"Collector","floor":33,"turns":7}],"event_choices":[{"event_name":"Living Wall","player_choice":"Forget","floor":4.0,"damage_taken":0.0},{"event_name":"Golden Wing","player_choice":"Card Removal","floor":14.0,"damage_taken":0.0},{"event_name":"The Mausoleum","player_choice":"Yes","floor":19.0,"damage_taken":0.0},{"event_name":"Wheel of Change","player_choice":"Card Removal","floor":24.0,"damage_taken":0.0},{"event_name":"Drug Dealer","player_choice":"Got JAXXED","floor":31,"damage_taken":0}],"boss_relics":[],"potions_floor_spawned":[1,2,3,13,29,30],"seed_played":"-5617882570431534618","killed_by":"Collector","ascension_level":2,"is_trial":false}