{"path_per_floor":["M","?","?","M","?","R","M","M","T","$","R","M","M","M","R","B",null,"M","M","$","?","M","?","M","T","$","M","R","?","M","R","B",null,"M","M","M","?","T","R","$","M","T","M","R"],"character_chosen":"DEFECT","items_purchased":["Echo Form","Cold Snap","Ancient Tea Set","Capacitor","Barrage","Strawberry"],"gold_per_floor":[117,117,67,79,79,79,97,117,188,65,65,84,96,109,109,206,206,216,235,13,13,32,32,49,49,1,20,20,20,38,38,142,172,189,206,218,218,244,244,44,62,137,152,152,152],"floor_reached":45,"campfire_rested":4,"playtime":3670,"current_hp_per_floor":[68,61,61,60,45,45,45,45,45,45,45,41,39,25,47,35,75,75,61,61,61,52,52,57,57,57,36,36,36,27,49,10,80,40,40,9,9,9,48,55,47,47,22,63,0],"items_purged":["Strike_B"],"gold":152,"score":438,"play_id":"ac2a534e-0aaf-45b5-805d-e00b0d795896","local_time":"20180505235725","is_prod":false,"is_daily":false,"chose_seed":false,"is_ascension_mode":false,"campfire_upgraded":3,"timestamp":1525579045,"path_taken":["M","?","?","?","?","R","M","M","T","$","R","M","?","M","R","BOSS","M","?","$","?","M","?","?","M","T","?","M","R","?","M","R","BOSS","M","M","?","?","?","R","$","M","T","M","R","M"],"build_version":"2018-05-03","seed_source_timestamp":0,"purchased_purges":1,"victory":false,"master_deck":["Strike_B","Defend_B","Defend_B+1","Defend_B","Defend_B","Zap","Dualcast+1","Fusion+1","Coolheaded","Chill+1","Cold Snap","Capacitor","Echo Form+1","Cold Snap","Melter","Darkness","Rainbow","Seek","Glacier+1","Cold Snap","Impulse+1","Capacitor+1","Capacitor","Barrage+1","Stack","Skim","Seek","Defragment","Impulse","Capacitor","Barrage","Impulse+1","BootSequence+1"],"max_hp_per_floor":[75,75,75,75,75,75,75,75,75,75,75,75,75,75,75,75,75,75,75,75,75,75,75,75,75,75,75,75,75,75,75,75,80,80,80,80,80,80,80,87,87,87,87,87,87],"relics":["Cracked Core","Mercury Hourglass","Sozu","Ancient Tea Set","Happy Flower","Tiny House","Regal Pillow","Strawberry","Frozen Egg 2"],"card_choices":[{"not_picked":["Ball Lightning","Barrage"],"picked":"Coolheaded","floor":1.0},{"not_picked":["Beam Cell","Streamline"],"picked":"Chill","floor":4.0},{"not_picked":["Stack","Reprogram"],"picked":"Cold Snap","floor":7.0},{"not_picked":["Go for the Eyes","Barrage"],"picked":"Capacitor","floor":8.0},{"not_picked":["Ball Lightning","Beam Cell"],"picked":"Melter","floor":12.0},{"not_picked":["Barrage","Ball Lightning"],"picked":"Darkness","floor":13.0},{"not_picked":["Ball Lightning","Rebound"],"picked":"Rainbow","floor":14.0},{"not_picked":["Multi-Cast","Hyperbeam"],"picked":"Seek","floor":16.0},{"not_picked":["Axe Kick","Go for the Eyes"],"picked":"Glacier","floor":18.0},{"not_picked":["Skim","Flux Capacitor"],"picked":"Cold Snap","floor":19.0},{"not_picked":["Sweeping Beam","Aggregate"],"picked":"Impulse","floor":22.0},{"not_picked":["Chaos","Rebound"],"picked":"Capacitor","floor":24.0},{"not_picked":["Axe Kick","Consume"],"picked":"Barrage","floor":27.0},{"not_picked":["Sweeping Beam","Amplify"],"picked":"Skim","floor":30.0},{"not_picked":["Fission","Meteor Strike"],"picked":"Seek","floor":32.0},{"not_picked":["Barrage","Lockon"],"picked":"Defragment","floor":33},{"not_picked":["Ball Lightning","Axe Kick"],"picked":"Impulse","floor":34},{"not_picked":["Leap","Sweeping Beam"],"picked":"Capacitor","floor":36},{"not_picked":["Hologram","Undo"],"picked":"Impulse","floor":41},{"not_picked":["Stack","Coolheaded"],"picked":"BootSequence","floor":43}],"player_experience":26857,"potions_floor_usage":[],"damage_taken":[{"damage":7.0,"enemies":"Small Slimes","floor":1.0,"turns":5.0},{"damage":1.0,"enemies":"Jaw Worm","floor":4.0,"turns":4.0},{"damage":0.0,"enemies":"2 Louse","floor":7.0,"turns":4.0},{"damage":0.0,"enemies":"Lots of Slimes","floor":8.0,"turns":5.0},{"damage":4.0,"enemies":"Looter","floor":12.0,"turns":4.0},{"damage":2.0,"enemies":"Large Slime","floor":13.0,"turns":5.0},{"damage":14.0,"enemies":"Exordium Thugs","floor":14.0,"turns":6.0},{"damage":12.0,"enemies":"Hexaghost","floor":16.0,"turns":10.0},{"damage":0.0,"enemies":"Spheric Guardian","floor":18.0,"turns":2.0},{"damage":14.0,"enemies":"Chosen","floor":19.0,"turns":6.0},{"damage":9.0,"enemies":"Slaver and Parasite","floor":22.0,"turns":7.0},{"damage":0.0,"enemies":"3 Cultists","floor":24.0,"turns":7.0},{"damage":10.0,"enemies":"Snecko","floor":24.0,"turns":6.0},{"damage":21.0,"enemies":"Slaver and Parasite","floor":27.0,"turns":6.0},{"damage":9.0,"enemies":"Snake Plant","floor":30.0,"turns":6.0},{"damage":39.0,"enemies":"Champ","floor":32.0,"turns":13.0},{"damage":40,"enemies":"Flame Bruiser 1 Orb","floor":34,"turns":5},{"damage":0,"enemies":"3 Shapes","floor":35,"turns":5},{"damage":31,"enemies":"Sphere and 2 Shapes","floor":36,"turns":7},{"damage":8,"enemies":"Maw","floor":41,"turns":9},{"damage":25,"enemies":"Spire Growth","floor":43,"turns":6},{"damage":69,"enemies":"Flame Bruiser 2 Orb","floor":45,"turns":2}],"event_choices":[{"event_name":"Golden Wing","player_choice":"Card Removal","floor":2.0,"damage_taken":0.0},{"event_name":"The Cleric","player_choice":"Card Removal","floor":3.0,"damage_taken":0.0},{"event_name":"Shining Light","player_choice":"Entered Light","floor":5.0,"damage_taken":0.0},{"event_name":"Drug Dealer","player_choice":"Ignored","floor":21.0,"damage_taken":0.0},{"event_name":"Ghosts","player_choice":"Ignored","floor":23.0,"damage_taken":0.0},{"event_name":"N\u0027loth","player_choice":"Ignored","floor":24.0,"damage_taken":0.0},{"event_name":"The Library","player_choice":"Read","floor":29.0,"damage_taken":0.0},{"event_name":"SensoryStone","player_choice":"Memory 1","floor":37,"damage_taken":0}],"boss_relics":[{"not_picked":["Orrery","White Beast Statue"],"picked":"Tiny House"}],"potions_floor_spawned":[4,12,14,16,27,30,36,41],"seed_played":"421611016977750365","killed_by":"Flame Bruiser 2 Orb","ascension_level":0,"is_trial":false}