{"path_per_floor":["M","M","M","M","M","R","?","R","T","M","T","M","M","M","R","B",null,"M","?","$","?","?"],"character_chosen":"IRONCLAD","items_purchased":["Body Slam","Fire Potion","Strength Potion"],"gold_per_floor":[110,125,135,147,164,164,164,164,164,179,179,195,212,222,222,320,320,330,245,20,20,53],"floor_reached":23,"campfire_rested":0,"playtime":2816,"current_hp_per_floor":[67,69,61,46,57,57,57,57,57,61,61,56,68,66,66,31,62,41,41,41,41,39],"items_purged":["Strike_R"],"gold":53,"score":259,"play_id":"95b5f8a5-cb95-4329-bbde-27edd4804781","is_prod":false,"is_daily":false,"is_ascension_mode":true,"campfire_upgraded":3,"path_taken":["M","M","M","M","M","R","?","R","T","M","?","M","M","M","R","BOSS","M","?","$","?","?","E"],"build_version":"2018-02-08-BETA1","purchased_purges":1,"victory":false,"master_deck":["Strike_R","Strike_R","Strike_R","Defend_R","Defend_R","Defend_R","Bash","Barricade+1","Reaper","Seeing Red","Shrug It Off+1","True Grit+1","Barricade","Searing Blow","Iron Wave","Impervious","Feel No Pain","Body Slam","Armaments"],"max_hp_per_floor":[72,72,72,72,72,72,72,72,72,72,72,72,72,72,72,72,72,72,72,72,72,72],"relics":["Burning Blood","Dodecahedron","Gambling Chip","Mark of Pain","Peace Pipe","Red Mask"],"card_choices":[{"not_picked":["Perfected Strike","Clothesline"],"picked":"Seeing Red"},{"not_picked":["True Grit","Sword Boomerang"],"picked":"Shrug It Off"},{"not_picked":["Perfected Strike","Battle Trance"],"picked":"True Grit"},{"not_picked":["Warcry","Sword Boomerang"],"picked":"Barricade"},{"not_picked":["Headbutt","Dual Wield"],"picked":"Searing Blow"},{"not_picked":["Perfected Strike","Second Wind"],"picked":"Iron Wave"},{"not_picked":["Double Tap","Barricade"],"picked":"Impervious"},{"not_picked":["Blood for Blood","Clothesline"],"picked":"Feel No Pain"},{"not_picked":["Twin Strike","Thunderclap"],"picked":"Armaments"}],"player_experience":120949,"potions_floor_usage":[10,16,16,16,22,22,23],"damage_taken":[{"damage":11,"enemies":"Cultist","floor":1,"turns":4},{"damage":7,"enemies":"2 Louse","floor":2,"turns":4},{"damage":14,"enemies":"Jaw Worm","floor":3,"turns":6},{"damage":21,"enemies":"Looter","floor":4,"turns":4},{"damage":3,"enemies":"3 Louse","floor":5,"turns":4},{"damage":2,"enemies":"Exordium Wildlife","floor":10,"turns":8},{"damage":17,"enemies":"Looter","floor":12,"turns":5},{"damage":2,"enemies":"Large Slime","floor":13,"turns":9},{"damage":8,"enemies":"Exordium Thugs","floor":14,"turns":4},{"damage":45,"enemies":"Slime Boss","floor":16,"turns":42},{"damage":30,"enemies":"Chosen","floor":18,"turns":10},{"damage":13,"enemies":"Masked Bandits","floor":22,"turns":5},{"damage":48,"enemies":"Slavers","floor":23,"turns":9}],"event_choices":[{"event_name":"Liars Game","player_choice":"disagreed","floor":7,"damage_taken":0},{"event_name":"Addict","player_choice":"Obtained Relic","floor":19,"damage_taken":0},{"event_name":"Drug Dealer","player_choice":"Ignored","floor":21,"damage_taken":0},{"event_name":"Masked Bandits","player_choice":"Fought over 20 gold","floor":22,"damage_taken":0}],"boss_relics":[{"not_picked":["Orrery","Calling Bell"],"picked":"Mark of Pain"}],"potions_floor_spawned":[2,4,5,12,13,22],"seed_played":"4984724756833448715","killed_by":"Slavers","ascension_level":8,"is_trial":false}