{"gold_per_floor":[13,13,33,43,56,87,104,134,134,166,166,176,176,195,195,299,299,313,346,363,380,400,400,419,419,419,419,419,419,419,439,439,535,535,546,252,268,283,298,298,333,348,401,501,526,539,553,584,584,584],"floor_reached":51,"playtime":4036,"items_purged":["Strike_R+1"],"score":790,"play_id":"3365fa5e-0da0-4620-84f9-180f7cf1e09f","local_time":"20181110090549","is_ascension_mode":false,"campfire_choices":[{"data":"Shrug It Off","floor":13,"key":"SMITH"},{"data":"True Grit","floor":15,"key":"SMITH"},{"data":"Entrench","floor":23,"key":"SMITH"},{"data":"Seeing Red","floor":25,"key":"SMITH"},{"data":"Juggernaut","floor":27,"key":"SMITH"},{"data":"Juggernaut","floor":29,"key":"SMITH"},{"data":"Juggernaut","floor":32,"key":"SMITH"},{"data":"Ghostly Armor","floor":40,"key":"SMITH"},{"data":"Bash","floor":49,"key":"SMITH"}],"neow_cost":"NO_GOLD","seed_source_timestamp":1259293240095528,"circlet_count":0,"master_deck":["Strike_R+1","Strike_R+1","Strike_R+1","Strike_R+1","Defend_R+1","Defend_R+1","Defend_R+1","Defend_R+1","Bash+1","Juggernaut+1","Seeing Red+1","Shrug It Off+1","Ghostly Armor+1","Entrench+1","Juggernaut+1","True Grit+1","Juggernaut+1","Discovery","Brutality","Parasite"],"relics":["Burning Blood","PreservedInsect","Smiling Mask","Shuriken","Dream Catcher","CultistMask","Busted Crown","Red Mask","Thread and Needle","Coffee Dripper","Bottled Tornado","Singing Bowl","Lantern","Kunai","Bottled Flame"],"potions_floor_usage":[10,10,16,21,21,33,33,41,50,50],"damage_taken":[{"damage":5,"enemies":"2 Louse","floor":1,"turns":3},{"damage":7,"enemies":"Small Slimes","floor":3,"turns":4},{"damage":1,"enemies":"Cultist","floor":4,"turns":4},{"damage":11,"enemies":"2 Fungi Beasts","floor":5,"turns":4},{"damage":39,"enemies":"3 Sentries","floor":6,"turns":10},{"damage":5,"enemies":"Looter","floor":7,"turns":4},{"damage":15,"enemies":"Gremlin Nob","floor":8,"turns":4},{"damage":12,"enemies":"3 Sentries","floor":10,"turns":5},{"damage":26,"enemies":"Lots of Slimes","floor":12,"turns":5},{"damage":12,"enemies":"Large Slime","floor":14,"turns":6},{"damage":7,"enemies":"Hexaghost","floor":16,"turns":12},{"damage":15,"enemies":"3 Byrds","floor":18,"turns":5},{"damage":55,"enemies":"Masked Bandits","floor":19,"turns":6},{"damage":16,"enemies":"Shell Parasite","floor":20,"turns":7},{"damage":2,"enemies":"Cultist and Chosen","floor":21,"turns":6},{"damage":18,"enemies":"Snake Plant","floor":22,"turns":5},{"damage":10,"enemies":"Centurion and Healer","floor":24,"turns":6},{"damage":0,"enemies":"Snecko","floor":31,"turns":4},{"damage":2,"enemies":"Champ","floor":33,"turns":7},{"damage":0,"enemies":"Orb Walker","floor":35,"turns":3},{"damage":18,"enemies":"3 Darklings","floor":37,"turns":5},{"damage":2,"enemies":"Spire Growth","floor":38,"turns":3},{"damage":4,"enemies":"Transient","floor":39,"turns":5},{"damage":4,"enemies":"Giant Head","floor":41,"turns":5},{"damage":3,"enemies":"Writhing Mass","floor":42,"turns":4},{"damage":10,"enemies":"Nemesis","floor":45,"turns":5},{"damage":5,"enemies":"Maw","floor":46,"turns":5},{"damage":4,"enemies":"Transient","floor":47,"turns":5},{"damage":5,"enemies":"Giant Head","floor":48,"turns":6},{"damage":11,"enemies":"Awakened One","floor":50,"turns":10}],"seed_played":"-1083528206144156320","potions_obtained":[{"floor":5,"key":"GamblersBrew"},{"floor":6,"key":"LiquidBronze"},{"floor":7,"key":"BloodPotion"},{"floor":8,"key":"LiquidBronze"},{"floor":19,"key":"SkillPotion"},{"floor":20,"key":"BloodPotion"},{"floor":24,"key":"Weak Potion"},{"floor":31,"key":"Energy Potion"},{"floor":41,"key":"Fruit Juice"},{"floor":42,"key":"Block Potion"},{"floor":45,"key":"EssenceOfSteel"}],"is_trial":false,"path_per_floor":["M","?","M","M","M","E","M","E","T","E","?","M","R","M","R","B",null,"M","?","M","M","M","R","M","R","T","R","?","R","?","M","R","B",null,"M","$","M","M","M","R","E","M","T","?","E","M","M","E","R","B",null],"character_chosen":"IRONCLAD","items_purchased":["Bottled Tornado"],"campfire_rested":0,"item_purchase_floors":[36],"current_hp_per_floor":[80,80,79,80,75,42,43,34,34,36,36,16,16,10,10,9,80,71,22,12,24,12,12,8,8,8,8,8,8,8,14,14,18,80,80,80,68,72,74,74,83,88,88,88,86,89,93,96,96,91],"gold":584,"neow_bonus":"THREE_RARE_CARDS","is_prod":false,"is_daily":false,"chose_seed":false,"campfire_upgraded":9,"win_rate":0,"timestamp":1541808349,"path_taken":["M","?","M","M","M","E","M","E","T","E","?","M","R","?","R","BOSS","M","?","M","M","M","R","M","R","T","R","?","R","?","M","R","BOSS","M","$","M","?","M","R","E","M","T","?","E","M","?","E","R","BOSS"],"build_version":"2018-11-08","purchased_purges":1,"victory":true,"max_hp_per_floor":[80,80,80,80,80,80,80,80,80,80,80,80,80,80,80,80,80,80,80,80,80,80,80,80,80,80,80,80,80,80,80,80,80,80,80,80,80,80,80,80,87,89,89,89,91,93,95,97,97,97],"card_choices":[{"not_picked":["Exhume","Limit Break"],"picked":"Juggernaut","floor":0},{"not_picked":["Perfected Strike","Clash","Clothesline"],"picked":"SKIP","floor":1},{"not_picked":["Perfected Strike","Flex"],"picked":"Seeing Red","floor":3},{"not_picked":["Perfected Strike","Armaments"],"picked":"Shrug It Off","floor":4},{"not_picked":["Battle Trance","Armaments","Perfected Strike"],"picked":"SKIP","floor":5},{"not_picked":["Carnage","Clothesline","Clash"],"picked":"SKIP","floor":6},{"not_picked":["Sever Soul","Havoc","Evolve"],"picked":"SKIP","floor":7},{"not_picked":["Sentinel","Whirlwind"],"picked":"Ghostly Armor","floor":8},{"not_picked":["Clothesline","Combust"],"picked":"Entrench","floor":10},{"not_picked":["Pommel Strike","Cleave"],"picked":"Juggernaut","floor":12},{"not_picked":["Warcry","Cleave"],"picked":"True Grit","floor":14},{"not_picked":["Dark Embrace","Reaper"],"picked":"Juggernaut","floor":16},{"not_picked":["Shockwave"],"picked":"SKIP","floor":18},{"not_picked":["Wild Strike"],"picked":"SKIP","floor":20},{"not_picked":["Searing Blow"],"picked":"SKIP","floor":21},{"not_picked":["Feel No Pain"],"picked":"SKIP","floor":22},{"not_picked":["Fire Breathing"],"picked":"SKIP","floor":24},{"not_picked":["Clothesline"],"picked":"SKIP","floor":31},{"not_picked":[],"picked":"Brutality","floor":33},{"not_picked":["Pommel Strike+1"],"picked":"SKIP","floor":35},{"not_picked":["Iron Wave"],"picked":"SKIP","floor":37},{"not_picked":["Sword Boomerang"],"picked":"SKIP","floor":38},{"not_picked":["Power Through"],"picked":"SKIP","floor":39},{"not_picked":["Fire Breathing"],"picked":"Singing Bowl","floor":41},{"not_picked":["Clash"],"picked":"Singing Bowl","floor":42},{"not_picked":["Armaments+1"],"picked":"Singing Bowl","floor":45},{"not_picked":["Havoc+1"],"picked":"Singing Bowl","floor":46},{"not_picked":["Rampage"],"picked":"Singing Bowl","floor":47},{"not_picked":["Hemokinesis"],"picked":"Singing Bowl","floor":48}],"player_experience":829160,"relics_obtained":[{"floor":6,"key":"PreservedInsect"},{"floor":8,"key":"Smiling Mask"},{"floor":9,"key":"Shuriken"},{"floor":10,"key":"Dream Catcher"},{"floor":19,"key":"Red Mask"},{"floor":26,"key":"Thread and Needle"},{"floor":41,"key":"Singing Bowl"},{"floor":43,"key":"Lantern"},{"floor":45,"key":"Kunai"},{"floor":48,"key":"Bottled Flame"}],"event_choices":[{"damage_healed":0,"gold_gain":0,"player_choice":"Leave","damage_taken":0,"max_hp_gain":0,"max_hp_loss":0,"event_name":"The Cleric","floor":2,"gold_loss":0},{"damage_healed":0,"gold_gain":0,"player_choice":"Trade","damage_taken":0,"relics_obtained":["CultistMask"],"max_hp_gain":0,"max_hp_loss":0,"event_name":"FaceTrader","floor":11,"gold_loss":0},{"damage_healed":0,"gold_gain":0,"player_choice":"Fought Bandits","damage_taken":0,"max_hp_gain":0,"max_hp_loss":0,"event_name":"Masked Bandits","floor":19,"gold_loss":0},{"damage_healed":0,"gold_gain":0,"player_choice":"Simplicity","damage_taken":0,"max_hp_gain":0,"max_hp_loss":0,"event_name":"Back to Basics","floor":28,"gold_loss":0,"cards_upgraded":["Strike_R","Strike_R","Strike_R","Strike_R","Strike_R","Defend_R","Defend_R","Defend_R","Defend_R"]},{"damage_healed":0,"gold_gain":0,"player_choice":"1 cards matched","damage_taken":0,"max_hp_gain":0,"max_hp_loss":0,"event_name":"Match and Keep!","floor":30,"gold_loss":0,"cards_obtained":["Discovery"]},{"damage_healed":0,"gold_gain":100,"player_choice":"Pray","damage_taken":0,"max_hp_gain":0,"max_hp_loss":0,"event_name":"Golden Shrine","floor":44,"gold_loss":0}],"is_beta":false,"boss_relics":[{"not_picked":["Eternal Feather","Runic Dome"],"picked":"Busted Crown"},{"not_picked":["Black Blood","Mark of Pain"],"picked":"Coffee Dripper"}],"items_purged_floors":[36],"is_endless":false,"potions_floor_spawned":[5,6,7,8,19,20,24,31,41,42,45,48],"ascension_level":0}