{"path_per_floor":["M","?","$","M","M","R","M","M","T","?","?","?","M","M","R","B",null,"M","$"],"character_chosen":"IRONCLAD","items_purchased":["Spot Weakness","Lantern"],"gold_per_floor":[110,110,43,61,79,79,96,115,115,115,190,190,207,226,226,331,361,378,147],"floor_reached":20,"campfire_rested":1,"playtime":1204,"current_hp_per_floor":[80,64,64,58,63,63,63,40,40,40,29,22,22,26,50,18,80,61,61],"items_purged":["Regret"],"gold":147,"score":199,"play_id":"ad7a31a3-9860-4261-bdd2-0d09c6347619","local_time":"20180315230314","is_prod":false,"is_daily":false,"is_ascension_mode":true,"campfire_upgraded":1,"timestamp":1521169394,"path_taken":["M","?","$","M","M","R","M","M","T","?","?","?","M","M","R","BOSS","M","$","M"],"build_version":"2018-03-15","purchased_purges":1,"victory":false,"master_deck":["Strike_R","Strike_R+1","Strike_R+1","Defend_R","Defend_R","Defend_R","Defend_R","Bash","Whirlwind+1","Spot Weakness","Shrug It Off","Dual Wield","Warcry","Shrug It Off","Reaper","Decay","Parasite"],"max_hp_per_floor":[80,80,80,80,80,80,80,80,80,80,80,80,80,80,80,80,80,80,80],"relics":["Burning Blood","Unceasing Top","Girya","Calling Bell","Ancient Tea Set","Art of War","Tiny Chest","Lantern"],"card_choices":[{"not_picked":["Uppercut","Pummel"],"picked":"Whirlwind"},{"not_picked":["Sword Boomerang","Warcry"],"picked":"Shrug It Off"},{"not_picked":["Feel No Pain","Corruption"],"picked":"Dual Wield"},{"not_picked":["Thunderclap","Corruption"],"picked":"Warcry"},{"not_picked":["Headbutt","Flame Barrier"],"picked":"Shrug It Off"},{"not_picked":["Juggernaut","Immolate"],"picked":"Reaper"}],"player_experience":276474,"potions_floor_usage":[8,16,20],"damage_taken":[{"damage":6,"enemies":"2 Louse","floor":1,"turns":3},{"damage":12,"enemies":"Small Slimes","floor":4,"turns":3},{"damage":1,"enemies":"Cultist","floor":5,"turns":3},{"damage":6,"enemies":"Large Slime","floor":7,"turns":6},{"damage":29,"enemies":"Gremlin Gang","floor":8,"turns":3},{"damage":6,"enemies":"2 Fungi Beasts","floor":13,"turns":2},{"damage":2,"enemies":"Looter","floor":14,"turns":4},{"damage":38,"enemies":"The Guardian","floor":16,"turns":14},{"damage":25,"enemies":"Chosen","floor":18,"turns":7},{"damage":74,"enemies":"Spheric Guardian","floor":20,"turns":9}],"event_choices":[{"event_name":"Shining Light","player_choice":"Entered Light","floor":2,"damage_taken":0},{"event_name":"Living Wall","player_choice":"Forget","floor":10,"damage_taken":0},{"event_name":"World of Goop","player_choice":"Gather Gold","floor":11,"damage_taken":0},{"event_name":"Scrap Ooze","player_choice":"success","floor":12,"damage_taken":7}],"boss_relics":[{"not_picked":["Astrolabe","Black Star"],"picked":"Calling Bell"}],"potions_floor_spawned":[1,5,14,16,18],"seed_played":"-7474382637703620898","killed_by":"Spheric Guardian","ascension_level":4,"is_trial":false}