{"path_per_floor":["M","?","$","?","M","R","E","M","T","E","M","M","E","M","R","B",null,"M","M","M","M"],"character_chosen":"IRONCLAD","items_purchased":[],"gold_per_floor":[114,114,39,39,50,50,85,96,144,179,192,203,234,244,244,339,339,353,365,376,392],"floor_reached":22,"campfire_rested":0,"playtime":2618,"current_hp_per_floor":[80,73,73,73,79,79,62,68,68,60,54,57,29,24,24,10,80,35,41,39,28],"items_purged":["Defend_R"],"gold":392,"score":242,"play_id":"fd2b8219-58ee-4c4e-9751-0fab5b07f58c","is_prod":false,"is_daily":false,"is_ascension_mode":true,"campfire_upgraded":2,"path_taken":["M","?","$","?","M","R","E","M","T","E","M","M","E","M","R","BOSS","M","M","M","M","?"],"build_version":"2018-02-08-BETA1","purchased_purges":1,"victory":false,"master_deck":["Strike_R","Strike_R","Strike_R","Strike_R","Defend_R","Defend_R","Defend_R","Bash+1","True Grit+1","Whirlwind","Pommel Strike","Dropkick","Shrug It Off","Demon Form","True Grit","Reaper","Warcry"],"max_hp_per_floor":[80,80,80,80,80,80,80,80,80,80,80,80,80,80,80,80,80,80,80,80,80],"relics":["Burning Blood","Sundial","Frozen Eye","Blood Vial","Bird Faced Urn","Juzu Bracelet","Black Star"],"card_choices":[{"not_picked":["Flex","Inflame"],"picked":"True Grit"},{"not_picked":["Disarm","Thunderclap"],"picked":"Whirlwind"},{"not_picked":["Iron Wave","Sword Boomerang"],"picked":"Pommel Strike"},{"not_picked":["Juggernaut","Warcry"],"picked":"Dropkick"},{"not_picked":["Sword Boomerang","Spot Weakness"],"picked":"Shrug It Off"},{"not_picked":["Dark Embrace","Barricade"],"picked":"Demon Form"},{"not_picked":["Shrug It Off","Rampage"],"picked":"True Grit"},{"not_picked":["Iron Wave","Warcry"],"picked":"Reaper"},{"not_picked":["Infernal Blade","Headbutt"],"picked":"Warcry"}],"player_experience":46455,"potions_floor_usage":[7,10,16,16,19,22],"damage_taken":[{"damage":2,"enemies":"2 Louse","floor":1,"turns":4},{"damage":0,"enemies":"Small Slimes","floor":5,"turns":4},{"damage":23,"enemies":"Lagavulin","floor":7,"turns":7},{"damage":0,"enemies":"Jaw Worm","floor":8,"turns":4},{"damage":16,"enemies":"Gremlin Nob","floor":10,"turns":3},{"damage":14,"enemies":"3 Louse","floor":11,"turns":2},{"damage":5,"enemies":"Exordium Wildlife","floor":12,"turns":5},{"damage":36,"enemies":"3 Sentries","floor":13,"turns":6},{"damage":13,"enemies":"Red Slaver","floor":14,"turns":4},{"damage":22,"enemies":"Slime Boss","floor":16,"turns":9},{"damage":51,"enemies":"Spheric Guardian","floor":18,"turns":8},{"damage":17,"enemies":"Shell Parasite","floor":19,"turns":10},{"damage":30,"enemies":"Chosen and Byrds","floor":20,"turns":7},{"damage":34,"enemies":"Snake Plant","floor":21,"turns":5},{"damage":31,"enemies":"Masked Bandits","floor":22,"turns":4}],"event_choices":[{"event_name":"Golden Wing","player_choice":"Card Removal","floor":2,"damage_taken":0},{"event_name":"Living Wall","player_choice":"Forget","floor":4,"damage_taken":0},{"event_name":"Masked Bandits","player_choice":"Fought over 392 gold","floor":22,"damage_taken":0}],"boss_relics":[{"not_picked":["Tiny House","White Beast Statue"],"picked":"Black Star"}],"potions_floor_spawned":[5,8,13,14,18,19],"seed_played":"4257733737840104731","killed_by":"Masked Bandits","ascension_level":3,"is_trial":false}