{"gold_per_floor":[114,114,127,127,127,142,155,173,173,173,208,72,72,34,34,136,136,152,164,164,178,32,32,63,13,13,13,28,28],"floor_reached":29,"playtime":1258,"items_purged":[],"score":304,"play_id":"808ca810-18ec-40a4-aeb2-9736b84290c1","local_time":"20181201021244","is_ascension_mode":true,"campfire_choices":[{"data":"Zap","floor":10,"key":"SMITH"},{"floor":13,"key":"REST"},{"floor":15,"key":"REST"},{"data":"Beam Cell","floor":23,"key":"SMITH"}],"neow_cost":"CURSE","seed_source_timestamp":1463981624255871,"circlet_count":0,"master_deck":["Strike_B","Strike_B","Strike_B","Strike_B+1","Defend_B","Defend_B","Defend_B","Defend_B+1","Zap+1","Dualcast+1","Shame","All For One","Beam Cell+1","Steam","Self Repair","Leap+1","Genetic Algorithm","Electrodynamics","Tempest","Turbo+1","Steam+1","Redo","Thunder Strike"],"relics":["Cracked Core","Matryoshka","Boot","Sundial","DataDisk","Unceasing Top","Dead Branch","Lizard Tail","Strawberry","Oddly Smooth Stone","War Paint"],"potions_floor_usage":[11,16,24,24,29],"damage_taken":[{"damage":1,"enemies":"2 Louse","floor":1,"turns":3},{"damage":2,"enemies":"Jaw Worm","floor":3,"turns":2},{"damage":0,"enemies":"Small Slimes","floor":6,"turns":2},{"damage":15,"enemies":"Gremlin Gang","floor":7,"turns":4},{"damage":3,"enemies":"Looter","floor":8,"turns":3},{"damage":34,"enemies":"Lagavulin","floor":11,"turns":5},{"damage":3,"enemies":"Slime Boss","floor":16,"turns":7},{"damage":12,"enemies":"Chosen","floor":18,"turns":3},{"damage":0,"enemies":"Spheric Guardian","floor":19,"turns":3},{"damage":20,"enemies":"Centurion and Healer","floor":21,"turns":4},{"damage":83,"enemies":"Book of Stabbing","floor":24,"turns":8},{"damage":8,"enemies":"Chosen and Byrds","floor":28,"turns":6},{"damage":27,"enemies":"Snecko","floor":29,"turns":3}],"seed_played":"5031564915378020263","potions_obtained":[{"floor":7,"key":"Ancient Potion"},{"floor":8,"key":"Block Potion"},{"floor":11,"key":"AttackPotion"},{"floor":16,"key":"Dexterity Potion"},{"floor":19,"key":"FearPotion"}],"is_trial":false,"path_per_floor":["M","?","M","?","T","M","M","M","T","R","E","$","R","$","R","B",null,"M","M","?","M","$","R","E","?","T","$","M","M"],"character_chosen":"DEFECT","items_purchased":["Electrodynamics","Tempest","Strawberry"],"campfire_rested":2,"item_purchase_floors":[12,14,22],"current_hp_per_floor":[74,59,57,54,54,54,39,43,43,43,16,16,38,38,60,57,71,59,66,66,53,60,60,18,18,18,18,17,0],"gold":28,"neow_bonus":"THREE_RARE_CARDS","is_prod":false,"is_daily":false,"chose_seed":false,"campfire_upgraded":2,"win_rate":0,"timestamp":1543648364,"path_taken":["M","?","M","?","?","M","M","M","T","R","E","$","R","$","R","BOSS","M","M","?","?","$","R","E","?","T","$","?","M"],"build_version":"2018-11-15","purchased_purges":0,"victory":false,"max_hp_per_floor":[75,75,75,75,75,75,75,75,75,75,75,75,75,75,75,75,75,75,75,75,75,82,82,82,82,82,82,82,82],"card_choices":[{"not_picked":["Thunder Strike","Core Surge"],"picked":"All For One","floor":0},{"not_picked":["Gash","Go for the Eyes"],"picked":"Beam Cell","floor":1},{"not_picked":["Ball Lightning","Sweeping Beam","Fission"],"picked":"SKIP","floor":3},{"not_picked":["Capacitor","Reprogram"],"picked":"Steam","floor":6},{"not_picked":["Coolheaded","Rebound"],"picked":"Self Repair","floor":7},{"not_picked":["Chill","Auto Shields"],"picked":"Leap","floor":8},{"not_picked":["Sweeping Beam","Compile Driver"],"picked":"Genetic Algorithm","floor":11},{"not_picked":["Capacitor","Hologram"],"picked":"Turbo","floor":18},{"not_picked":["Ball Lightning+1","Sweeping Beam","Storm"],"picked":"SKIP","floor":19},{"not_picked":["Compile Driver","Leap+1"],"picked":"Steam+1","floor":21},{"not_picked":["Consume","Storm"],"picked":"Redo","floor":24},{"not_picked":["Stack","Undo"],"picked":"Thunder Strike","floor":28}],"player_experience":846207,"relics_obtained":[{"floor":5,"key":"Boot"},{"floor":5,"key":"Sundial"},{"floor":9,"key":"DataDisk"},{"floor":9,"key":"Unceasing Top"},{"floor":11,"key":"Dead Branch"},{"floor":24,"key":"Oddly Smooth Stone"},{"floor":26,"key":"War Paint"}],"event_choices":[{"damage_healed":0,"gold_gain":0,"player_choice":"Entered Light","damage_taken":15,"max_hp_gain":0,"max_hp_loss":0,"event_name":"Shining Light","floor":2,"gold_loss":0,"cards_upgraded":["Defend_B","Strike_B"]},{"damage_healed":0,"gold_gain":0,"player_choice":"Success","damage_taken":3,"relics_obtained":["Matryoshka"],"max_hp_gain":0,"max_hp_loss":0,"event_name":"Scrap Ooze","floor":4,"gold_loss":0},{"damage_healed":0,"gold_gain":0,"player_choice":"Forge","damage_taken":0,"max_hp_gain":0,"max_hp_loss":0,"event_name":"Accursed Blacksmith","floor":20,"gold_loss":0,"cards_upgraded":["Dualcast"]},{"damage_healed":0,"gold_gain":0,"player_choice":"Bet on Murderer","damage_taken":0,"max_hp_gain":0,"max_hp_loss":0,"event_name":"The Joust","floor":25,"gold_loss":50}],"is_beta":false,"boss_relics":[{"not_picked":["Runic Dome","Snecko Eye"],"picked":"Lizard Tail"}],"items_purged_floors":[],"is_endless":false,"potions_floor_spawned":[7,8,11,16,19],"killed_by":"Snecko","ascension_level":5}