{"path_per_floor":["M","?","M","?","$","R","E","R","T","R","M","E","$","M","R"],"character_chosen":"THE_SILENT","items_purchased":[],"gold_per_floor":[119,194,207,207,132,132,160,160,160,160,175,209,109,121,121,121],"floor_reached":16,"campfire_rested":0,"playtime":399,"item_purchase_floors":[],"current_hp_per_floor":[63,52,52,45,45,45,45,45,45,45,33,12,12,23,23,0],"items_purged":["Defend_G","Strike_G"],"gold":121,"score":219,"play_id":"c8f2108e-cfcc-4a2e-b9e0-4665a004c834","local_time":"20180606230302","is_prod":false,"is_daily":false,"chose_seed":false,"is_ascension_mode":true,"campfire_upgraded":4,"win_rate":0,"timestamp":1528293782,"campfire_choices":[{"data":"Sucker Punch","floor":6,"key":"SMITH"},{"data":"Flying Knee","floor":8,"key":"SMITH"},{"data":"Neutralize","floor":10,"key":"SMITH"},{"data":"Cloak And Dagger","floor":15,"key":"SMITH"}],"path_taken":["M","?","M","?","?","R","E","R","T","R","M","E","$","M","R","BOSS"],"build_version":"2018-05-31","seed_source_timestamp":607476058570,"purchased_purges":2,"victory":false,"master_deck":["Defend_G","Defend_G","Defend_G","Strike_G","Strike_G","Strike_G","Strike_G","Survivor","Neutralize+1","AscendersBane","Sucker Punch+1","Flying Knee+1","Cloak And Dagger","Adrenaline","Cloak And Dagger+1"],"max_hp_per_floor":[70,70,70,70,70,70,70,70,70,70,70,70,70,70,70,70],"relics":["Ring of the Snake","NeowsBlessing","Regal Pillow","Darkstone Periapt","Meat on the Bone"],"card_choices":[{"not_picked":["PiercingWail","Backflip"],"picked":"Sucker Punch","floor":1},{"not_picked":["Quick Slash","Distraction","Malaise"],"picked":"SKIP","floor":3},{"not_picked":["Dagger Throw","Malaise"],"picked":"Flying Knee","floor":7},{"not_picked":["Heel Hook","Quick Slash"],"picked":"Cloak And Dagger","floor":11},{"not_picked":["PiercingWail","Deflect"],"picked":"Adrenaline","floor":12},{"not_picked":["Flying Knee","Deadly Poison"],"picked":"Cloak And Dagger","floor":14}],"player_experience":784026,"potions_floor_usage":[16,16,16],"damage_taken":[{"damage":0,"enemies":"Cultist","floor":1,"turns":1},{"damage":0,"enemies":"Small Slimes","floor":3,"turns":1},{"damage":0,"enemies":"Gremlin Nob","floor":7,"turns":1},{"damage":12,"enemies":"Jaw Worm","floor":11,"turns":3},{"damage":21,"enemies":"3 Sentries","floor":12,"turns":8},{"damage":1,"enemies":"2 Fungi Beasts","floor":14,"turns":4},{"damage":24,"enemies":"Slime Boss","floor":16,"turns":9}],"relics_obtained":[{"floor":7,"key":"Regal Pillow"},{"floor":9,"key":"Darkstone Periapt"},{"floor":12,"key":"Meat on the Bone"}],"event_choices":[{"event_name":"World of Goop","player_choice":"Gather Gold","floor":2,"damage_taken":0},{"event_name":"Golden Wing","player_choice":"Card Removal","floor":4,"damage_taken":0}],"boss_relics":[],"items_purged_floors":[5,13],"potions_floor_spawned":[3,11,12],"seed_played":"4197634124120119485","killed_by":"Slime Boss","ascension_level":13,"potions_obtained":[{"floor":3,"key":"Block Potion"},{"floor":11,"key":"FearPotion"},{"floor":12,"key":"Energy Potion"}],"is_trial":false}