{"path_per_floor":["M","?","?","$","?","E","R","E","T","R","M","R","?","M","R","B",null,"M","?","?","?","M","R"],"character_chosen":"IRONCLAD","items_purchased":["Dropkick"],"gold_per_floor":[115,115,115,47,47,72,72,99,125,125,145,145,145,163,163,267,267,286,486,486,486,451,451,451],"floor_reached":24,"campfire_rested":1,"playtime":1047,"current_hp_per_floor":[78,78,78,78,78,80,80,80,80,80,80,80,64,70,70,33,68,57,57,57,57,18,42,0],"items_purged":[],"gold":451,"score":325,"play_id":"83eddc4b-6261-4d9f-a2d8-87249d9a08b9","local_time":"20180422000108","is_prod":false,"is_daily":false,"chose_seed":false,"is_ascension_mode":true,"campfire_upgraded":4,"timestamp":1524369668,"path_taken":["M","?","?","?","?","E","R","E","T","R","M","R","?","M","R","BOSS","M","?","?","?","M","R","M"],"build_version":"2018-04-19","seed_source_timestamp":639488245229756,"purchased_purges":0,"victory":false,"master_deck":["Strike_R","Strike_R","Strike_R","Strike_R","Strike_R+1","Defend_R+1","Defend_R","Defend_R","Defend_R+1","Bash+1","Twin Strike","Normality","Dropkick+1","Double Tap+1","Fiend Fire","Havoc+1","Sever Soul","Dual Wield+1","Dark Embrace","Shrug It Off"],"max_hp_per_floor":[80,80,80,80,80,80,80,80,80,80,80,80,80,80,80,80,80,80,80,80,80,80,80,80],"relics":["Burning Blood","NeowsBlessing","Omamori","Prayer Wheel","War Paint","Orichalcum","Juzu Bracelet"],"card_choices":[{"not_picked":["Armaments","Headbutt"],"picked":"Twin Strike","floor":1},{"not_picked":["Feed","Body Slam"],"picked":"Fiend Fire","floor":6},{"not_picked":["Flame Barrier","Sword Boomerang"],"picked":"Havoc","floor":8},{"not_picked":["Clash","Spot Weakness"],"picked":"Sever Soul","floor":11},{"not_picked":["Uppercut","Perfected Strike"],"picked":"Dual Wield","floor":14},{"not_picked":["Fiend Fire","Juggernaut"],"picked":"Dark Embrace","floor":16},{"not_picked":["Twin Strike","Anger"],"picked":"Shrug It Off","floor":22}],"player_experience":490622,"potions_floor_usage":[16,16],"damage_taken":[{"damage":0,"enemies":"Small Slimes","floor":1,"turns":2},{"damage":0,"enemies":"3 Sentries","floor":6,"turns":2},{"damage":0,"enemies":"Gremlin Nob","floor":8,"turns":1},{"damage":0,"enemies":"Cultist","floor":11,"turns":3},{"damage":0,"enemies":"Jaw Worm","floor":14,"turns":2},{"damage":58,"enemies":"The Guardian","floor":16,"turns":17},{"damage":17,"enemies":"Shell Parasite","floor":18,"turns":4},{"damage":45,"enemies":"2 Thieves","floor":22,"turns":5},{"damage":58,"enemies":"Chosen and Byrds","floor":24,"turns":7}],"event_choices":[{"event_name":"Accursed Blacksmith","player_choice":"Rummage","floor":2,"damage_taken":0},{"event_name":"Big Fish","player_choice":"Box","floor":3,"damage_taken":0},{"event_name":"Match and Keep!","player_choice":"1 cards matched","floor":5,"damage_taken":0},{"event_name":"Shining Light","player_choice":"Entered Light","floor":13,"damage_taken":0},{"event_name":"Wheel of Change","player_choice":"Gold","floor":19,"damage_taken":0},{"event_name":"Vampires","player_choice":"Ignored","floor":20,"damage_taken":0},{"event_name":"The Woman in Blue","player_choice":"Bought 0 Potions","floor":21,"damage_taken":0}],"boss_relics":[{"not_picked":["Philosopher\u0027s Stone","Pandora\u0027s Box","Calling Bell"]}],"potions_floor_spawned":[6,8,16,22],"seed_played":"-6261278250829741491","killed_by":"Chosen and Byrds","ascension_level":6,"is_trial":false}