{"gold_per_floor":[112,112,127,137,62,62,82,82,159,192,207,236,236,251,251,354,354,365,365,275,292,311,311,330,362,362,362,373,373,406,422,422,518,518,533,633,643,438,438,438,471,471,498,533,533,533,548,548,548,548],"floor_reached":51,"playtime":3204,"items_purged":["Defend_R","Defend_R"],"score":755,"play_id":"0ea580bc-242a-49fe-8808-68a63c6c9e81","local_time":"20190120123443","is_ascension_mode":false,"campfire_choices":[{"data":"Demon Form","floor":6,"key":"SMITH"},{"data":"Body Slam","floor":13,"key":"SMITH"},{"data":"Bash","floor":15,"key":"SMITH"},{"data":"Limit Break","floor":23,"key":"SMITH"},{"data":"True Grit","floor":27,"key":"SMITH"},{"data":"Thunderclap","floor":29,"key":"SMITH"},{"data":"Cleave","floor":32,"key":"SMITH"},{"data":"Warcry","floor":40,"key":"SMITH"},{"data":"Strike_R","floor":42,"key":"PURGE"},{"data":"Defend_R","floor":45,"key":"PURGE"},{"data":"Strike_R","floor":49,"key":"PURGE"}],"neow_cost":"TEN_PERCENT_HP_LOSS","seed_source_timestamp":0,"circlet_count":0,"master_deck":["Strike_R","Defend_R+1","Bash+1","Demon Form+1","True Grit+1","Cleave+1","Ghostly Armor","Body Slam+1","Limit Break+1","Twin Strike+1","Warcry+1","Reaper","Thunderclap+1","Metallicize+1","Twin Strike+1","Feed","Warcry+1","Armaments+1","Flex+1","Parasite"],"special_seed":0,"relics":["Burning Blood","FossilizedHelix","The Courier","Bag of Marbles","Regal Pillow","Runic Pyramid","Orichalcum","Peace Pipe","Happy Flower","Coffee Dripper","Magic Flower","Blood Vial","Du-Vu Doll","Red Skull","PreservedInsect"],"potions_floor_usage":[11,12,18,25,25,30,33,33,40],"damage_taken":[{"damage":0.0,"enemies":"2 Louse","floor":1.0,"turns":3.0},{"damage":0.0,"enemies":"Cultist","floor":3.0,"turns":3.0},{"damage":7,"enemies":"Jaw Worm","floor":4,"turns":3},{"damage":5,"enemies":"Blue Slaver","floor":7,"turns":5},{"damage":17,"enemies":"Gremlin Nob","floor":10,"turns":4},{"damage":5,"enemies":"Gremlin Gang","floor":11,"turns":3},{"damage":13,"enemies":"3 Sentries","floor":12,"turns":6},{"damage":0,"enemies":"Large Slime","floor":14,"turns":5},{"damage":41,"enemies":"Hexaghost","floor":16,"turns":7},{"damage":37,"enemies":"3 Byrds","floor":18,"turns":5},{"damage":0,"enemies":"Chosen","floor":21,"turns":4},{"damage":28,"enemies":"Centurion and Healer","floor":22,"turns":5},{"damage":13,"enemies":"Sentry and Sphere","floor":24,"turns":5},{"damage":19,"enemies":"Slavers","floor":25,"turns":4},{"damage":9,"enemies":"Cultist and Chosen","floor":28,"turns":7},{"damage":35,"enemies":"Gremlin Leader","floor":30,"turns":5},{"damage":0,"enemies":"Snecko","floor":31,"turns":4},{"damage":38,"enemies":"Automaton","floor":33,"turns":8},{"damage":17,"enemies":"Orb Walker","floor":35,"turns":4},{"damage":0,"enemies":"Mind Bloom Boss Battle","floor":36,"turns":7},{"damage":16,"enemies":"3 Darklings","floor":37,"turns":4},{"damage":59,"enemies":"Reptomancer","floor":41,"turns":5},{"damage":42,"enemies":"Nemesis","floor":44,"turns":5},{"damage":0,"enemies":"Writhing Mass","floor":47,"turns":4},{"damage":57,"enemies":"Time Eater","floor":50,"turns":7}],"seed_played":"-8844422703136957264","potions_obtained":[{"floor":1.0,"key":"Fire Potion"},{"floor":3.0,"key":"FearPotion"},{"floor":4,"key":"SkillPotion"},{"floor":12,"key":"Weak Potion"},{"floor":21,"key":"Strength Potion"},{"floor":25,"key":"SkillPotion"},{"floor":28,"key":"SteroidPotion"},{"floor":31,"key":"Explosive Potion"},{"floor":33,"key":"Fire Potion"},{"floor":37,"key":"Fruit Juice"},{"floor":41,"key":"SpeedPotion"}],"is_trial":false,"path_per_floor":["M","?","M","M","$","R","M","$","T","E","M","E","R","M","R","B",null,"M","?","?","M","M","R","M","E","T","R","M","R","E","M","R","B",null,"M","?","M","$","?","R","E","R","T","E","R","?","M","?","R","B",null],"character_chosen":"IRONCLAD","items_purchased":["Blood Vial"],"campfire_rested":0,"item_purchase_floors":[38],"current_hp_per_floor":[72,72,72,71,71,71,72,72,72,61,62,55,55,61,61,26,72,41,41,41,47,25,25,18,24,24,24,64,64,43,68,68,36,72,64,78,78,78,74,79,77,77,77,87,87,87,91,91,91,43],"gold":548,"neow_bonus":"ONE_RARE_RELIC","is_prod":false,"is_daily":false,"chose_seed":false,"campfire_upgraded":8,"win_rate":0,"timestamp":1547955283,"path_taken":["M","?","?","M","$","R","M","?","T","E","M","E","R","M","R","BOSS","M","?","?","?","M","R","M","E","T","R","M","R","E","M","R","BOSS","M","?","M","$","?","R","E","R","T","E","R","?","M","?","R","BOSS"],"build_version":"2019-01-17v2","purchased_purges":2,"victory":true,"max_hp_per_floor":[72,72,72,72,72,72,72,72,72,72,72,72,72,72,72,72,72,72,72,72,72,72,72,72,72,72,72,72,72,72,72,72,72,72,75,78,78,78,74,79,83,83,83,87,87,87,91,91,91,91],"card_choices":[{"not_picked":["Infernal Blade","Shockwave","Heavy Blade"],"picked":"SKIP","floor":1.0},{"not_picked":["Iron Wave","Armaments","Wild Strike"],"picked":"SKIP","floor":3.0},{"not_picked":["Entrench","Corruption"],"picked":"True Grit","floor":4},{"not_picked":["Searing Blow","Wild Strike","Dual Wield"],"picked":"SKIP","floor":7},{"not_picked":["Power Through","Rampage"],"picked":"Cleave","floor":10},{"not_picked":["Rupture","Perfected Strike"],"picked":"Ghostly Armor","floor":11},{"not_picked":["Demon Form","Battle Trance"],"picked":"Body Slam","floor":12},{"not_picked":["Warcry","Shockwave","Second Wind"],"picked":"SKIP","floor":14},{"not_picked":["Warcry","Shockwave","Second Wind"],"picked":"SKIP","floor":14},{"not_picked":["Demon Form","Immolate"],"picked":"Limit Break","floor":16},{"not_picked":["True Grit","Feel No Pain"],"picked":"Twin Strike+1","floor":18},{"not_picked":["Rage","Blood for Blood","True Grit"],"picked":"SKIP","floor":21},{"not_picked":["Searing Blow","Sentinel+1"],"picked":"Warcry","floor":22},{"not_picked":["Warcry+1","Reckless Charge"],"picked":"Reaper","floor":24},{"not_picked":["Havoc","Anger"],"picked":"Thunderclap","floor":25},{"not_picked":["Heavy Blade","Anger"],"picked":"Metallicize+1","floor":28},{"not_picked":["Exhume","Havoc+1"],"picked":"Twin Strike+1","floor":30},{"not_picked":["Anger","Rupture","Havoc"],"picked":"SKIP","floor":31},{"not_picked":["Brutality","Barricade"],"picked":"Feed","floor":33},{"not_picked":["Clash+1","Iron Wave"],"picked":"Warcry+1","floor":35},{"not_picked":["Feel No Pain","Infernal Blade"],"picked":"Armaments+1","floor":37},{"not_picked":["Headbutt","Rage+1","Immolate"],"picked":"SKIP","floor":41},{"not_picked":["Anger+1","True Grit+1"],"picked":"Flex+1","floor":44},{"not_picked":["Shrug It Off","Pommel Strike+1","True Grit+1"],"picked":"SKIP","floor":47}],"player_experience":842242,"relics_obtained":[{"floor":9,"key":"The Courier"},{"floor":10,"key":"Bag of Marbles"},{"floor":12,"key":"Regal Pillow"},{"floor":25,"key":"Orichalcum"},{"floor":26,"key":"Peace Pipe"},{"floor":30,"key":"Happy Flower"},{"floor":36,"key":"Magic Flower"},{"floor":41,"key":"Du-Vu Doll"},{"floor":43,"key":"Red Skull"},{"floor":44,"key":"PreservedInsect"}],"event_choices":[{"damage_healed":0.0,"max_hp_gain":0.0,"max_hp_loss":0.0,"gold_gain":0.0,"event_name":"Match and Keep!","player_choice":"1 cards matched","floor":2.0,"gold_loss":0.0,"damage_taken":0.0,"cards_obtained":["Demon Form"]},{"damage_healed":0,"gold_gain":0,"player_choice":"Ignored","damage_taken":0,"max_hp_gain":0,"max_hp_loss":0,"event_name":"Ghosts","floor":19,"gold_loss":0},{"cards_removed":["Strike_R"],"damage_healed":0,"gold_gain":0,"player_choice":"Upgrade and Remove","damage_taken":0,"max_hp_gain":0,"max_hp_loss":0,"event_name":"Designer","floor":20,"gold_loss":90,"cards_upgraded":["Defend_R"]},{"damage_healed":0,"gold_gain":0,"player_choice":"Fight","damage_taken":0,"max_hp_gain":0,"max_hp_loss":0,"event_name":"MindBloom","floor":36,"gold_loss":0},{"damage_healed":0,"gold_gain":0,"player_choice":"Max HP","damage_taken":0,"max_hp_gain":0,"max_hp_loss":4,"event_name":"Winding Halls","floor":39,"gold_loss":0},{"cards_removed":["Strike_R"],"damage_healed":0,"gold_gain":0,"player_choice":"Removed Attack","damage_taken":0,"max_hp_gain":0,"max_hp_loss":0,"event_name":"Falling","floor":46,"gold_loss":0},{"damage_healed":0,"gold_gain":0,"player_choice":"Memory 1","damage_taken":0,"max_hp_gain":0,"max_hp_loss":0,"event_name":"SensoryStone","floor":48,"gold_loss":0}],"is_beta":false,"boss_relics":[{"not_picked":["Empty Cage","Pandora\u0027s Box"],"picked":"Runic Pyramid"},{"not_picked":["Lizard Tail","Black Star"],"picked":"Coffee Dripper"}],"items_purged_floors":[5,38],"is_endless":false,"potions_floor_spawned":[1,3,4,10,12,21,25,28,31,33,37,41],"ascension_level":0}