{"gold_per_floor":[110,121,135,135,152,152,180,180,210,135,168,187,187,205,205,205],"floor_reached":16,"playtime":1009,"items_purged":["Strike_R"],"score":118,"play_id":"07b7730f-a2d7-45a1-8cd3-d389d66410b4","local_time":"20190303233923","is_ascension_mode":true,"campfire_choices":[{"data":"Metallicize","floor":6,"key":"SMITH"},{"floor":8,"key":"REST"},{"floor":13,"key":"REST"},{"data":"Flame Barrier","floor":15,"key":"SMITH"}],"neow_cost":"NONE","seed_source_timestamp":183763225179069,"circlet_count":0,"master_deck":["Strike_R","Strike_R","Strike_R","Defend_R","Defend_R","Defend_R","Defend_R","Bash","Flame Barrier+1","Pummel","Dropkick","Metallicize+1","Evolve","Thunderclap","Infernal Blade","Fire Breathing"],"relics":["Burning Blood","Boot","Tiny Chest","Matryoshka"],"potions_floor_usage":[7],"damage_taken":[{"damage":8,"enemies":"Small Slimes","floor":1,"turns":4},{"damage":0,"enemies":"Jaw Worm","floor":2,"turns":4},{"damage":6,"enemies":"Cultist","floor":3,"turns":6},{"damage":15,"enemies":"3 Louse","floor":5,"turns":4},{"damage":51,"enemies":"3 Sentries","floor":7,"turns":22},{"damage":32,"enemies":"Lagavulin","floor":11,"turns":10},{"damage":6,"enemies":"Exordium Thugs","floor":12,"turns":6},{"damage":4,"enemies":"Looter","floor":14,"turns":5},{"damage":52,"enemies":"The Guardian","floor":16,"turns":16}],"seed_played":"-8171629697353133346","potions_obtained":[{"floor":2,"key":"Block Potion"},{"floor":3,"key":"Ancient Potion"},{"floor":7,"key":"Poison Potion"}],"is_trial":false,"path_per_floor":["M","M","M","?","M","R","E","R","T","$","E","M","R","M","R","B"],"character_chosen":"IRONCLAD","items_purchased":[],"campfire_rested":2,"item_purchase_floors":[],"current_hp_per_floor":[78,80,80,80,71,71,26,50,50,50,24,24,48,50,50,0],"gold":205,"neow_bonus":"REMOVE_CARD","is_prod":false,"is_daily":false,"chose_seed":false,"campfire_upgraded":2,"win_rate":0,"timestamp":1551627563,"path_taken":["M","M","M","?","M","R","E","R","T","$","E","M","R","M","R","BOSS"],"build_version":"2019-01-23","purchased_purges":1,"victory":false,"max_hp_per_floor":[80,80,80,80,80,80,80,80,80,80,80,80,80,80,80,80],"card_choices":[{"not_picked":["Anger","Cleave"],"picked":"Flame Barrier","floor":1},{"not_picked":["Perfected Strike","Exhume"],"picked":"Pummel","floor":2},{"not_picked":["Sword Boomerang","Reckless Charge"],"picked":"Dropkick","floor":3},{"not_picked":["Shockwave","Anger"],"picked":"Metallicize","floor":5},{"not_picked":["Heavy Blade","Ghostly Armor"],"picked":"Evolve","floor":7},{"not_picked":["Cleave","Flame Barrier"],"picked":"Thunderclap","floor":11},{"not_picked":["Body Slam","Sword Boomerang"],"picked":"Infernal Blade","floor":12},{"not_picked":["Reckless Charge","Shrug It Off"],"picked":"Fire Breathing","floor":14}],"player_experience":319429,"relics_obtained":[{"floor":7,"key":"Boot"},{"floor":9,"key":"Tiny Chest"},{"floor":11,"key":"Matryoshka"}],"event_choices":[{"damage_healed":0,"gold_gain":0,"player_choice":"Ignored","damage_taken":0,"max_hp_gain":0,"max_hp_loss":0,"event_name":"Shining Light","floor":4,"gold_loss":0}],"is_beta":false,"boss_relics":[],"items_purged_floors":[10],"is_endless":false,"potions_floor_spawned":[2,3,7],"killed_by":"The Guardian","ascension_level":1}