{"gold_per_floor":[359,35,35,50,4,4,23,34,34,54,70,86,101,111,111,215,215,231,231,231,214,229,229],"floor_reached":23,"playtime":3713,"items_purged":[],"score":189,"play_id":"48aa1f7b-2f72-43ac-aba1-f618e50fa53f","local_time":"20181007231127","is_ascension_mode":false,"campfire_choices":[{"data":"Neutralize","floor":6,"key":"SMITH"},{"floor":15,"key":"REST"}],"neow_cost":"CURSE","seed_source_timestamp":266204788728373,"circlet_count":0,"master_deck":["Defend_G","Defend_G","Defend_G","Defend_G","Defend_G","Strike_G","Strike_G","Strike_G","Survivor","Neutralize+1","Doubt","Dodge and Roll","Prepared","Night Terror","Noxious Fumes","Quick Slash","Dagger Spray","Bane","Unload","Dagger Throw","Blade Dance","Expertise","Phantasmal Killer","Burst","Backflip","Deflect+1","Footwork"],"relics":["Ring of the Snake","Calipers","Letter Opener","WristBlade","CultistMask"],"potions_floor_usage":[16,16,22,22,23],"damage_taken":[{"damage":0,"enemies":"Jaw Worm","floor":1,"turns":5},{"damage":0,"enemies":"2 Louse","floor":4,"turns":3},{"damage":0,"enemies":"Cultist","floor":7,"turns":5},{"damage":9,"enemies":"Exordium Wildlife","floor":8,"turns":5},{"damage":5,"enemies":"Exordium Thugs","floor":10,"turns":5},{"damage":2,"enemies":"Looter","floor":11,"turns":3},{"damage":5,"enemies":"2 Fungi Beasts","floor":12,"turns":3},{"damage":11,"enemies":"Gremlin Gang","floor":13,"turns":4},{"damage":13,"enemies":"Exordium Thugs","floor":14,"turns":5},{"damage":26,"enemies":"Slime Boss","floor":16,"turns":10},{"damage":32,"enemies":"Spheric Guardian","floor":18,"turns":7},{"damage":22,"enemies":"2 Thieves","floor":21,"turns":4},{"damage":7,"enemies":"Centurion and Healer","floor":22,"turns":9},{"damage":10,"enemies":"Chosen and Byrds","floor":23,"turns":4}],"seed_played":"-2380383194474653165","potions_obtained":[{"floor":1,"key":"Poison Potion"},{"floor":4,"key":"AttackPotion"},{"floor":10,"key":"SteroidPotion"},{"floor":14,"key":"SpeedPotion"},{"floor":21,"key":"SkillPotion"},{"floor":22,"key":"Energy Potion"}],"is_trial":false,"path_per_floor":["M","$","?","M","$","R","M","M","T","M","M","M","M","M","R","B",null,"M","?","?","M","M"],"character_chosen":"THE_SILENT","items_purchased":["Calipers","Prepared","Quick Slash"],"campfire_rested":1,"item_purchase_floors":[2,2,5],"current_hp_per_floor":[70,70,70,70,70,70,70,61,61,56,54,49,38,25,46,20,70,38,38,38,16,9,0],"gold":229,"neow_bonus":"TWO_FIFTY_GOLD","is_prod":false,"is_daily":false,"chose_seed":false,"campfire_upgraded":1,"win_rate":0,"timestamp":1538950287,"path_taken":["M","$","?","M","?","R","M","M","T","M","M","?","?","M","R","BOSS","M","?","?","M","M","M"],"build_version":"2018-10-04v2","purchased_purges":0,"victory":false,"max_hp_per_floor":[70,70,70,70,70,70,70,70,70,70,70,70,70,70,70,70,70,70,70,70,70,70,70],"card_choices":[{"not_picked":["Outmaneuver","Flying Knee"],"picked":"Dodge and Roll","floor":1},{"not_picked":["Flying Knee","Dagger Throw"],"picked":"Noxious Fumes","floor":4},{"not_picked":["Riddle With Holes","Choke"],"picked":"Dagger Spray","floor":7},{"not_picked":["Catalyst","Predator"],"picked":"Bane","floor":8},{"not_picked":["Accuracy","Sucker Punch"],"picked":"Unload","floor":10},{"not_picked":["Slice","Calculated Gamble"],"picked":"Dagger Throw","floor":11},{"not_picked":["Bane","Reflex"],"picked":"Blade Dance","floor":12},{"not_picked":["Prepared","Flying Knee"],"picked":"Expertise","floor":13},{"not_picked":["Deflect","Prepared"],"picked":"Phantasmal Killer","floor":14},{"not_picked":["A Thousand Cuts","Unload"],"picked":"Burst","floor":16},{"not_picked":["Blur","Slice"],"picked":"Backflip","floor":18},{"not_picked":["Calculated Gamble","Outmaneuver"],"picked":"Deflect+1","floor":21},{"not_picked":["Skewer+1","Caltrops+1"],"picked":"Footwork","floor":22}],"player_experience":186267,"relics_obtained":[{"floor":9,"key":"Letter Opener"}],"event_choices":[{"event_name":"Living Wall","player_choice":"Change","floor":3,"damage_taken":0},{"event_name":"Back to Basics","player_choice":"Elegance","floor":19,"damage_taken":0},{"event_name":"FaceTrader","player_choice":"Trade","floor":20,"damage_taken":0}],"is_beta":false,"boss_relics":[{"not_picked":["Lizard Tail","Cursed Key"],"picked":"WristBlade"}],"items_purged_floors":[],"is_endless":false,"potions_floor_spawned":[1,4,10,11,14,21,22],"killed_by":"Chosen and Byrds","ascension_level":0}