{"gold_per_floor":[11,11,11,24,40,40,69,88,88,88],"floor_reached":10,"playtime":401,"items_purged":[],"score":134,"play_id":"1a1b11ac-21e4-4435-b9c5-6527216ffab7","local_time":"20190218220928","is_ascension_mode":true,"campfire_choices":[{"data":"Hologram","floor":6,"key":"SMITH"}],"neow_cost":"NO_GOLD","seed_source_timestamp":390266920944900,"circlet_count":0,"master_deck":["AscendersBane","Strike_B","Strike_B","Strike_B","Defend_B","Defend_B","Defend_B","Zap+1","Dualcast","Consume","Hologram+1","Leap","Gash"],"relics":["Cracked Core","Pear","Cables"],"potions_floor_usage":[7,10],"damage_taken":[{"damage":12,"enemies":"Jaw Worm","floor":1,"turns":3},{"damage":1,"enemies":"Cultist","floor":4,"turns":3},{"damage":11,"enemies":"Small Slimes","floor":5,"turns":3},{"damage":47,"enemies":"Gremlin Nob","floor":7,"turns":4},{"damage":1,"enemies":"Looter","floor":8,"turns":4},{"damage":15,"enemies":"Exordium Thugs","floor":10,"turns":1}],"seed_played":"-136529638913839748","potions_obtained":[{"floor":1,"key":"EssenceOfSteel"},{"floor":8,"key":"Poison Potion"}],"is_trial":false,"path_per_floor":["M","?","?","M","M","R","E","M","T","M"],"character_chosen":"DEFECT","items_purchased":[],"campfire_rested":0,"item_purchase_floors":[],"current_hp_per_floor":[56,61,61,60,49,49,12,11,11,0],"gold":88,"neow_bonus":"REMOVE_TWO","is_prod":false,"is_daily":false,"chose_seed":false,"campfire_upgraded":1,"win_rate":0,"timestamp":1550545768,"path_taken":["M","?","?","M","M","R","E","M","T","M"],"build_version":"2019-01-23","purchased_purges":0,"victory":false,"max_hp_per_floor":[75,80,80,80,80,80,90,90,90,90],"card_choices":[{"not_picked":["Stack","Coolheaded"],"picked":"Consume","floor":1},{"not_picked":["Rebound","Chaos"],"picked":"Hologram","floor":4},{"not_picked":["Steam Power","Recycle","Leap"],"picked":"SKIP","floor":5},{"not_picked":["Steam Power","Rebound"],"picked":"Leap","floor":7},{"not_picked":["Auto Shields","Barrage"],"picked":"Gash","floor":8}],"player_experience":1235009,"relics_obtained":[{"floor":7,"key":"Pear"},{"floor":9,"key":"Cables"}],"event_choices":[{"damage_healed":0,"gold_gain":0,"player_choice":"Donut","damage_taken":0,"max_hp_gain":5,"max_hp_loss":0,"event_name":"Big Fish","floor":2,"gold_loss":0},{"damage_healed":0,"gold_gain":0,"player_choice":"Upgraded","damage_taken":0,"max_hp_gain":0,"max_hp_loss":0,"event_name":"Upgrade Shrine","floor":3,"gold_loss":0,"cards_upgraded":["Zap"]}],"is_beta":false,"boss_relics":[],"items_purged_floors":[],"is_endless":false,"potions_floor_spawned":[1,8],"killed_by":"Exordium Thugs","ascension_level":12}