{"gold_per_floor":[11,28,28,42,62,62,89,102,157,177,208,208],"floor_reached":12,"playtime":611,"items_purged":[],"score":92,"play_id":"7e2b3c95-9486-4bc4-a5e3-0ec80feca2b9","local_time":"20190120135111","is_ascension_mode":false,"campfire_choices":[{"data":"Redo","floor":6,"key":"SMITH"}],"neow_cost":"NO_GOLD","seed_source_timestamp":762402895888769,"circlet_count":0,"master_deck":["Strike_B","Strike_B","Strike_B","Strike_B","Defend_B","Defend_B","Defend_B","Defend_B","Zap","Dualcast","Gash","Darkness","Redo+1","Glacier","Tempest","Rebound","Redo"],"relics":["Cracked Core","Gambling Chip","Smiling Mask","Tiny Chest","Strawberry"],"potions_floor_usage":[5,11],"damage_taken":[{"damage":1,"enemies":"Cultist","floor":1,"turns":3},{"damage":8,"enemies":"Jaw Worm","floor":2,"turns":3},{"damage":10,"enemies":"Small Slimes","floor":4,"turns":3},{"damage":14,"enemies":"Blue Slaver","floor":5,"turns":3},{"damage":40,"enemies":"3 Sentries","floor":7,"turns":7},{"damage":0,"enemies":"Large Slime","floor":8,"turns":4},{"damage":0,"enemies":"Exordium Wildlife","floor":10,"turns":3},{"damage":2,"enemies":"Lagavulin","floor":11,"turns":5},{"damage":16,"enemies":"Gremlin Gang","floor":12,"turns":2}],"seed_played":"-3849850962201166752","potions_obtained":[{"floor":2,"key":"Weak Potion"},{"floor":3,"key":"Regen Potion"},{"floor":3,"key":"GamblersBrew"},{"floor":4,"key":"Swift Potion"},{"floor":5,"key":"Weak Potion"}],"is_trial":false,"path_per_floor":["M","M","?","M","M","R","E","M","T","M","E","M"],"character_chosen":"DEFECT","items_purchased":[],"campfire_rested":0,"item_purchase_floors":[],"current_hp_per_floor":[74,66,66,56,51,51,11,11,11,11,16,0],"gold":208,"neow_bonus":"ONE_RARE_RELIC","is_prod":false,"is_daily":false,"chose_seed":false,"campfire_upgraded":1,"win_rate":0,"timestamp":1547959871,"path_taken":["M","M","?","M","M","R","E","M","T","M","E","?"],"build_version":"2019-01-17v2","purchased_purges":0,"victory":false,"max_hp_per_floor":[75,75,75,75,75,75,75,75,75,75,82,82],"card_choices":[{"not_picked":["Fusion","Compile Driver"],"picked":"Gash","floor":1},{"not_picked":["Compile Driver","Reinforced Body","Aggregate"],"picked":"SKIP","floor":2},{"not_picked":["Stack","Compile Driver"],"picked":"Darkness","floor":4},{"not_picked":["Leap","Genetic Algorithm"],"picked":"Redo","floor":5},{"not_picked":["Multi-Cast","FTL"],"picked":"Glacier","floor":7},{"not_picked":["Beam Cell","Coolheaded"],"picked":"Tempest","floor":8},{"not_picked":["Recycle","Stack"],"picked":"Rebound","floor":10},{"not_picked":["Blizzard","Consume"],"picked":"Redo","floor":11}],"player_experience":849351,"relics_obtained":[{"floor":7,"key":"Smiling Mask"},{"floor":9,"key":"Tiny Chest"},{"floor":11,"key":"Strawberry"}],"event_choices":[{"damage_healed":0,"gold_gain":0,"player_choice":"Got Potions","damage_taken":0,"max_hp_gain":0,"max_hp_loss":0,"event_name":"Lab","floor":3,"gold_loss":0}],"is_beta":false,"boss_relics":[],"items_purged_floors":[],"is_endless":false,"potions_floor_spawned":[2,4,5,7],"killed_by":"Gremlin Gang","ascension_level":0}