{"path_per_floor":["M","M","?","M","M","E","$","R","T","R","E","M","M","E","R","B",null,"M","$","?","?","?","E","M","R","T","M","R","E","T","M","R","B",null,"M","M","?","M","?","E","R","E","T","?","R","?","R","E","R","B"],"character_chosen":"IRONCLAD","items_purchased":["Block Potion"],"gold_per_floor":[116,126,126,143,162,189,65,65,65,65,100,114,133,168,168,266,266,266,166,91,91,41,41,41,41,41,41,41,41,41,41,41,41,41,41,41,41,41,41,41,41,41,41,41,41,41,41,41,41,41],"floor_reached":51,"campfire_rested":1,"playtime":6005,"current_hp_per_floor":[67,73,78,82,63,45,45,45,45,45,41,35,38,40,40,25,72,80,80,80,80,80,68,77,77,77,78,78,71,71,70,70,41,73,80,82,82,87,92,97,97,104,104,104,104,107,107,50,82,15],"items_purged":["Strike_R","Strike_R"],"gold":41,"play_id":"a80eaa7e-cc60-4194-a820-8b5f43004606","is_prod":false,"is_daily":false,"is_ascension_mode":true,"campfire_upgraded":3,"path_taken":["M","M","?","M","?","E","$","R","T","R","E","M","M","E","R","BOSS","M","$","?","?","?","E","M","R","T","?","R","E","?","M","R","BOSS","M","M","?","M","?","E","R","E","T","?","R","?","R","E","R","BOSS"],"build_version":"2018-02-01-PROD3","purchased_purges":2,"victory":true,"master_deck":["Strike_R","Defend_R","Defend_R","Defend_R","Defend_R","Bash+1","Spot Weakness","True Grit+1","Battle Trance","Feed+1","Iron Wave","Pommel Strike+1","Impervious","Shrug It Off","Feel No Pain","Offering","Fiend Fire","Sentinel+1","Havoc+1","Whirlwind+1","Rampage+1","Writhe","Headbutt"],"max_hp_per_floor":[77,77,82,82,82,82,82,82,82,82,82,82,85,85,85,88,88,91,91,91,91,91,91,94,94,94,99,99,101,101,101,101,104,83,88,93,93,96,99,102,102,107,107,107,107,107,107,107,107,107],"relics":["Burning Blood","Matryoshka","Centennial Puzzle","Happy Flower","Vajra","Red Skull","Ectoplasm","Shovel","Singing Bowl","Gremlin Horn","Thread and Needle","Lantern","Art of War","Prayer Wheel","Calipers","Runic Cube","Frozen Eye","The Courier","Bottled Tornado","Shuriken","Gambling Chip","Whetstone","Oddly Smooth Stone","Dodecahedron"],"card_choices":[{"not_picked":["Infernal Blade","Shrug It Off"],"picked":"Spot Weakness"},{"not_picked":["Warcry","Twin Strike"],"picked":"True Grit"},{"not_picked":["Thunderclap","Heavy Blade"],"picked":"Battle Trance"},{"not_picked":["Havoc","Ghostly Armor"],"picked":"Feed"},{"not_picked":["Twin Strike","Heavy Blade"],"picked":"Iron Wave"},{"not_picked":["True Grit","Exhume"],"picked":"Pommel Strike"},{"not_picked":["Barricade","Demon Form"],"picked":"Impervious"},{"not_picked":["Havoc","Heavy Blade"],"picked":"Shrug It Off"},{"not_picked":["Thunderclap","Ghostly Armor"],"picked":"Feel No Pain"},{"not_picked":["Bludgeon","Berserk"],"picked":"Offering"},{"not_picked":["Uppercut","Clash"],"picked":"Sentinel"},{"not_picked":["Anger","Cleave"],"picked":"Havoc"},{"not_picked":["Double Tap","Cleave"],"picked":"Whirlwind"},{"not_picked":["Clothesline","Second Wind"],"picked":"Rampage"},{"not_picked":["Disarm","Cleave"],"picked":"Headbutt"}],"player_experience":660215,"potions_floor_usage":[6,11,11,12,23,42,48,48],"damage_taken":[{"damage":11,"enemies":"Cultist","floor":1,"turns":4},{"damage":0,"enemies":"Small Slimes","floor":2,"turns":3},{"damage":1,"enemies":"2 Louse","floor":4,"turns":5},{"damage":25,"enemies":"Red Slaver","floor":5,"turns":5},{"damage":24,"enemies":"3 Sentries","floor":6,"turns":9},{"damage":10,"enemies":"Lagavulin","floor":11,"turns":5},{"damage":12,"enemies":"Exordium Thugs","floor":12,"turns":5},{"damage":6,"enemies":"3 Louse","floor":13,"turns":4},{"damage":4,"enemies":"3 Sentries","floor":14,"turns":7},{"damage":24,"enemies":"The Guardian","floor":16,"turns":9},{"damage":1,"enemies":"3 Byrds","floor":18,"turns":5},{"damage":18,"enemies":"Book of Stabbing","floor":23,"turns":5},{"damage":0,"enemies":"Shell Parasite","floor":24,"turns":3},{"damage":10,"enemies":"Cultist and Chosen","floor":27,"turns":7},{"damage":15,"enemies":"Gremlin Leader","floor":29,"turns":7},{"damage":7,"enemies":"Snake Plant","floor":31,"turns":5},{"damage":38,"enemies":"Automaton","floor":33,"turns":10},{"damage":4,"enemies":"Orb Walker","floor":35,"turns":4},{"damage":9,"enemies":"3 Darklings","floor":36,"turns":8},{"damage":4,"enemies":"Sphere and 2 Shapes","floor":38,"turns":5},{"damage":4,"enemies":"Mysterious Sphere","floor":39,"turns":6},{"damage":4,"enemies":"Nemesis","floor":40,"turns":10},{"damage":4,"enemies":"2 Orb Walkers","floor":42,"turns":3},{"damage":63,"enemies":"Nemesis","floor":48,"turns":10},{"damage":73,"enemies":"Time Eater","floor":50,"turns":8}],"event_choices":[{"event_name":"Big Fish","player_choice":"Donut","floor":3,"damage_taken":0},{"event_name":"Beggar","player_choice":"Gave Gold","floor":20,"damage_taken":0},{"event_name":"Drug Dealer","player_choice":"Ignored","floor":21,"damage_taken":0},{"event_name":"The Joust","player_choice":"Bet on Murderer","floor":22,"damage_taken":0},{"event_name":"Match and Keep!","player_choice":"1 cards matched","floor":37,"damage_taken":0},{"event_name":"Mysterious Sphere","player_choice":"Fight","floor":39,"damage_taken":0},{"event_name":"Winding Halls","player_choice":"Writhe","floor":46,"damage_taken":0}],"boss_relics":[{"not_picked":["Cursed Key","Mark of Pain"],"picked":"Ectoplasm"},{"not_picked":["Calling Bell","Snecko Eye"],"picked":"Runic Cube"}],"potions_floor_spawned":[1,2,6,11,16,24,29,31,33,36,38,40],"seed_played":"-2353288083893080542","ascension_level":10,"is_trial":false}