{"gold_per_floor":[110,35,35,35,55,55,69,69,69,69,133,33,65,79,79,79],"floor_reached":16,"playtime":538,"items_purged":["Strike_R","Defend_R"],"score":191,"play_id":"5118dc27-dd1d-4ecd-977d-adbe4372ccbe","local_time":"20190302224919","is_ascension_mode":true,"campfire_choices":[{"data":"Cleave","floor":6,"key":"SMITH"},{"data":"Bash","floor":8,"key":"SMITH"},{"data":"Metallicize","floor":10,"key":"SMITH"},{"data":"Iron Wave","floor":15,"key":"SMITH"}],"neow_cost":"NONE","seed_source_timestamp":0,"circlet_count":0,"master_deck":["AscendersBane","Strike_R","Strike_R","Strike_R","Strike_R","Defend_R","Defend_R","Defend_R","Bash+1","Cleave+1","Metallicize+1","Warcry","Iron Wave+1"],"special_seed":0,"relics":["Burning Blood","Bronze Scales","Singing Bowl","Bottled Lightning","Vajra"],"potions_floor_usage":[13],"damage_taken":[{"damage":2.0,"enemies":"Cultist","floor":1.0,"turns":4.0},{"damage":11,"enemies":"Jaw Worm","floor":5,"turns":4},{"damage":0,"enemies":"2 Louse","floor":7,"turns":2},{"damage":29,"enemies":"3 Sentries","floor":11,"turns":8},{"damage":33,"enemies":"Gremlin Nob","floor":13,"turns":5},{"damage":0,"enemies":"Large Slime","floor":14,"turns":4},{"damage":40,"enemies":"Hexaghost","floor":16,"turns":8}],"seed_played":"-2771642265858105406","potions_obtained":[{"floor":7,"key":"EssenceOfSteel"}],"is_trial":false,"path_per_floor":["M","$","?","?","M","R","M","R","T","R","?","$","E","M","R","B"],"character_chosen":"IRONCLAD","items_purchased":[],"campfire_rested":0,"item_purchase_floors":[],"current_hp_per_floor":[72,72,77,77,72,72,78,78,78,78,57,57,32,38,38,0],"gold":79,"neow_bonus":"RANDOM_COMMON_RELIC","is_prod":false,"is_daily":false,"chose_seed":false,"campfire_upgraded":4,"win_rate":0,"timestamp":1551534559,"path_taken":["M","$","?","?","M","R","M","R","T","R","?","$","E","M","R","BOSS"],"build_version":"2019-01-23","purchased_purges":2,"victory":false,"max_hp_per_floor":[75,75,80,80,80,80,80,80,80,80,82,82,84,84,84,84],"card_choices":[{"not_picked":["Pommel Strike","Warcry"],"picked":"Cleave","floor":1.0},{"not_picked":["Clothesline","Warcry"],"picked":"Metallicize","floor":5},{"not_picked":["Seeing Red","Twin Strike"],"picked":"Warcry","floor":7},{"not_picked":["Warcry","Rupture","Pommel Strike"],"picked":"Singing Bowl","floor":11},{"not_picked":["Wild Strike","Headbutt","Dark Embrace"],"picked":"Singing Bowl","floor":13},{"not_picked":["Twin Strike","Body Slam"],"picked":"Iron Wave","floor":14}],"player_experience":1010331,"relics_obtained":[{"floor":9,"key":"Singing Bowl"},{"floor":11,"key":"Bottled Lightning"},{"floor":13,"key":"Vajra"}],"event_choices":[{"damage_healed":0.0,"max_hp_gain":5.0,"max_hp_loss":0.0,"gold_gain":0.0,"event_name":"Big Fish","player_choice":"Donut","floor":3.0,"gold_loss":0.0,"damage_taken":0.0},{"damage_healed":0,"gold_gain":0,"player_choice":"Fled","damage_taken":0,"max_hp_gain":0,"max_hp_loss":0,"event_name":"Scrap Ooze","floor":4,"gold_loss":0},{"damage_healed":0,"gold_gain":0,"player_choice":"Searched \u00272\u0027 times","damage_taken":0,"max_hp_gain":0,"max_hp_loss":0,"event_name":"Dead Adventurer","floor":11,"gold_loss":0}],"is_beta":false,"boss_relics":[],"items_purged_floors":[2,12],"is_endless":false,"potions_floor_spawned":[7],"killed_by":"Hexaghost","ascension_level":19}