{"gold_per_floor":[113,124,124,124,85,116,116,127,127,146,146,171,186,220,220,322,322,342,356,32,32,32],"floor_reached":22,"playtime":873,"items_purged":[],"score":307,"play_id":"0bc2c743-8bdc-4fb8-9ac6-7822c413570b","local_time":"20181230095218","is_ascension_mode":true,"campfire_choices":[{"data":"Inflame","floor":7,"key":"SMITH"},{"floor":15,"key":"REST"}],"neow_cost":"NONE","seed_source_timestamp":834815336977135,"circlet_count":0,"master_deck":["Strike_R","Strike_R","Strike_R+1","Strike_R","Strike_R+1","Defend_R","Defend_R","Defend_R","Defend_R","Bash+1","Cleave","Heavy Blade","Rupture","Inflame+1","Fiend Fire+1","Feel No Pain","Thunderclap","Iron Wave","Shrug It Off","Limit Break","Pain","Doubt","Shame","Seeing Red+1","Fire Breathing","Inflame"],"relics":["Burning Blood","NeowsBlessing","Paper Frog","Matryoshka","Blue Candle","Potion Belt","Calling Bell","Champion Belt","Mummified Hand","Strawberry","Meat on the Bone","Enchiridion"],"potions_floor_usage":[10,12,14,16],"damage_taken":[{"damage":0,"enemies":"Jaw Worm","floor":1,"turns":1},{"damage":0,"enemies":"2 Louse","floor":2,"turns":2},{"damage":0,"enemies":"3 Sentries","floor":6,"turns":2},{"damage":0,"enemies":"Cultist","floor":8,"turns":2},{"damage":0,"enemies":"Large Slime","floor":10,"turns":3},{"damage":31,"enemies":"Lagavulin","floor":12,"turns":4},{"damage":13,"enemies":"Red Slaver","floor":13,"turns":3},{"damage":9,"enemies":"3 Sentries","floor":14,"turns":2},{"damage":0,"enemies":"Slime Boss","floor":16,"turns":5},{"damage":22,"enemies":"Spheric Guardian","floor":18,"turns":4},{"damage":52,"enemies":"3 Byrds","floor":19,"turns":6},{"damage":21,"enemies":"Cultist and Chosen","floor":22,"turns":6}],"seed_played":"-6982033957437760027","potions_obtained":[{"floor":2,"key":"Fire Potion"},{"floor":8,"key":"Strength Potion"},{"floor":12,"key":"AttackPotion"},{"floor":13,"key":"Swift Potion"},{"floor":19,"key":"Strength Potion"}],"is_trial":false,"path_per_floor":["M","M","?","?","$","E","R","M","T","M","?","E","M","E","R","B",null,"M","M","$","?","M"],"character_chosen":"IRONCLAD","items_purchased":["Rupture","Meat on the Bone","Inflame"],"campfire_rested":1,"item_purchase_floors":[5,20,20],"current_hp_per_floor":[80,80,80,64,64,70,70,76,76,80,80,55,48,45,69,75,87,71,25,25,9,0],"gold":32,"neow_bonus":"THREE_ENEMY_KILL","is_prod":false,"is_daily":false,"chose_seed":false,"campfire_upgraded":1,"win_rate":0,"timestamp":1546181538,"path_taken":["M","M","?","?","?","E","R","M","T","?","?","E","?","E","R","BOSS","M","?","$","?","M"],"build_version":"2018-12-20","purchased_purges":0,"victory":false,"max_hp_per_floor":[80,80,80,80,80,80,80,80,80,80,80,80,80,80,80,80,87,87,87,87,87,87],"card_choices":[{"not_picked":["Flex","Dual Wield"],"picked":"Cleave","floor":1},{"not_picked":["Thunderclap","Clash"],"picked":"Heavy Blade","floor":2},{"not_picked":["Infernal Blade","Iron Wave"],"picked":"Inflame","floor":6},{"not_picked":["Shrug It Off","Anger"],"picked":"Fiend Fire","floor":8},{"not_picked":["True Grit","Cleave"],"picked":"Feel No Pain","floor":10},{"not_picked":["Twin Strike","Heavy Blade"],"picked":"Thunderclap","floor":12},{"not_picked":["Perfected Strike","Fire Breathing"],"picked":"Iron Wave","floor":13},{"not_picked":["Sword Boomerang","Warcry"],"picked":"Shrug It Off","floor":14},{"not_picked":["Dark Embrace","Berserk"],"picked":"Limit Break","floor":16},{"not_picked":["Pommel Strike","Perfected Strike"],"picked":"Seeing Red+1","floor":18},{"not_picked":["Clothesline","Pommel Strike"],"picked":"Fire Breathing","floor":19}],"player_experience":393590,"relics_obtained":[{"floor":6,"key":"Paper Frog"},{"floor":9,"key":"Matryoshka"},{"floor":12,"key":"Blue Candle"},{"floor":14,"key":"Potion Belt"},{"floor":17,"key":"Champion Belt"},{"floor":17,"key":"Mummified Hand"},{"floor":17,"key":"Strawberry"},{"floor":21,"key":"Enchiridion"}],"event_choices":[{"damage_healed":0,"gold_gain":0,"player_choice":"Grow","damage_taken":0,"max_hp_gain":0,"max_hp_loss":0,"event_name":"Living Wall","floor":3,"gold_loss":0,"cards_upgraded":["Bash"]},{"damage_healed":0,"gold_gain":0,"player_choice":"Entered Light","damage_taken":16,"max_hp_gain":0,"max_hp_loss":0,"event_name":"Shining Light","floor":4,"gold_loss":0,"cards_upgraded":["Strike_R","Strike_R"]},{"damage_healed":0,"gold_gain":0,"player_choice":"Upgraded","damage_taken":0,"max_hp_gain":0,"max_hp_loss":0,"event_name":"Upgrade Shrine","floor":11,"gold_loss":0,"cards_upgraded":["Fiend Fire"]},{"damage_healed":0,"gold_gain":0,"player_choice":"Obtained Book","damage_taken":16,"max_hp_gain":0,"max_hp_loss":0,"event_name":"Cursed Tome","floor":21,"gold_loss":0}],"is_beta":false,"boss_relics":[{"not_picked":["Black Star","Runic Dome"],"picked":"Calling Bell"}],"items_purged_floors":[],"is_endless":false,"potions_floor_spawned":[2,8,12,13,19],"killed_by":"Cultist and Chosen","ascension_level":2}