{"gold_per_floor":[117,117,129,142,155,155,133,148,148,148,161,188,263,291,291,387,387,399,399,399,418,517,545,545,346,346,346],"floor_reached":27,"playtime":1190,"items_purged":[],"score":349,"play_id":"4b4cb934-118c-48e0-a9bb-fbc2b541f39d","local_time":"20190223115007","is_ascension_mode":true,"campfire_choices":[{"data":"Bash","floor":6,"key":"SMITH"},{"data":"Perfected Strike","floor":10,"key":"SMITH"},{"data":"Uppercut","floor":15,"key":"SMITH"},{"floor":24,"key":"REST"}],"neow_cost":"NONE","seed_source_timestamp":756975177435400,"circlet_count":0,"master_deck":["Strike_R","Strike_R","Strike_R","Strike_R","Defend_R","Defend_R","Defend_R","Defend_R","Bash+1","Shrug It Off","Perfected Strike+1","Wild Strike","Disarm","Twin Strike","Flex","Uppercut+1","Inflame","Twin Strike","Double Tap","Wild Strike","J.A.X.","Pommel Strike","Dual Wield+1","Armaments"],"relics":["Burning Blood","Blood Vial","Pear","Bag of Preparation","Unceasing Top","Snecko Eye","Anchor","Vajra","Bottled Lightning"],"potions_floor_usage":[14,14,16,27,27],"damage_taken":[{"damage":11,"enemies":"Cultist","floor":1,"turns":4},{"damage":1,"enemies":"Small Slimes","floor":3,"turns":5},{"damage":0,"enemies":"2 Louse","floor":4,"turns":3},{"damage":16,"enemies":"Exordium Thugs","floor":5,"turns":6},{"damage":8,"enemies":"3 Louse","floor":8,"turns":3},{"damage":12,"enemies":"2 Fungi Beasts","floor":11,"turns":4},{"damage":14,"enemies":"3 Sentries","floor":12,"turns":7},{"damage":4,"enemies":"Gremlin Nob","floor":14,"turns":4},{"damage":31,"enemies":"Hexaghost","floor":16,"turns":10},{"damage":6,"enemies":"Spheric Guardian","floor":18,"turns":3},{"damage":17,"enemies":"Shell Parasite","floor":21,"turns":3},{"damage":41,"enemies":"Book of Stabbing","floor":23,"turns":4},{"damage":71,"enemies":"Gremlin Leader","floor":27,"turns":4}],"seed_played":"-5379231293144775469","potions_obtained":[{"floor":5,"key":"Dexterity Potion"},{"floor":11,"key":"Block Potion"},{"floor":12,"key":"Block Potion"},{"floor":16,"key":"LiquidBronze"},{"floor":20,"key":"Block Potion"},{"floor":20,"key":"PowerPotion"}],"is_trial":false,"path_per_floor":["M","?","M","M","M","R","$","M","T","R","M","E","?","E","R","B",null,"M","?","?","M","?","E","R","$","T","E"],"character_chosen":"IRONCLAD","items_purchased":["Twin Strike","Vajra","Armaments"],"campfire_rested":1,"item_purchase_floors":[7,25,25],"current_hp_per_floor":[69,69,76,80,70,70,70,70,80,80,76,70,59,63,63,40,78,80,80,80,71,71,38,65,65,65,0],"gold":346,"neow_bonus":"RANDOM_COMMON_RELIC","is_prod":false,"is_daily":false,"chose_seed":false,"campfire_upgraded":3,"win_rate":0,"timestamp":1550940607,"path_taken":["M","?","M","M","M","R","$","M","T","R","?","E","?","E","R","BOSS","M","?","?","?","?","E","R","$","T","E"],"build_version":"2019-01-23","purchased_purges":0,"victory":false,"max_hp_per_floor":[80,80,80,80,80,80,80,80,90,90,90,90,90,90,90,90,90,90,90,90,90,90,90,90,90,90,90],"card_choices":[{"not_picked":["Wild Strike","Sever Soul"],"picked":"Shrug It Off","floor":1},{"not_picked":["Warcry","Pommel Strike"],"picked":"Perfected Strike","floor":3},{"not_picked":["Rupture","Metallicize"],"picked":"Wild Strike","floor":4},{"not_picked":["Thunderclap","Hemokinesis"],"picked":"Disarm","floor":5},{"not_picked":["Clothesline","Warcry"],"picked":"Flex","floor":8},{"not_picked":["Rupture","Anger"],"picked":"Uppercut","floor":11},{"not_picked":["Thunderclap","Bloodletting"],"picked":"Inflame","floor":12},{"not_picked":["Infernal Blade","Fiend Fire"],"picked":"Twin Strike","floor":14},{"not_picked":["Brutality","Fiend Fire"],"picked":"Double Tap","floor":16},{"not_picked":["Havoc+1","Warcry+1"],"picked":"Wild Strike","floor":18},{"not_picked":["Anger","Warcry+1"],"picked":"Pommel Strike","floor":21},{"not_picked":["Warcry","Uppercut+1"],"picked":"Dual Wield+1","floor":23}],"player_experience":527625,"relics_obtained":[{"floor":9,"key":"Pear"},{"floor":12,"key":"Bag of Preparation"},{"floor":14,"key":"Unceasing Top"},{"floor":23,"key":"Anchor"},{"floor":26,"key":"Bottled Lightning"}],"event_choices":[{"cards_removed":["Strike_R"],"damage_healed":0,"gold_gain":0,"player_choice":"Offered Basic","damage_taken":0,"max_hp_gain":0,"max_hp_loss":0,"event_name":"Bonfire Elementals","floor":2,"gold_loss":0},{"damage_healed":0,"gold_gain":75,"player_choice":"Gather Gold","damage_taken":11,"max_hp_gain":0,"max_hp_loss":0,"event_name":"World of Goop","floor":13,"gold_loss":0},{"damage_healed":0,"gold_gain":0,"player_choice":"Obtain J.A.X.","damage_taken":0,"max_hp_gain":0,"max_hp_loss":0,"event_name":"Drug Dealer","floor":19,"gold_loss":0,"cards_obtained":["J.A.X."]},{"damage_healed":0,"gold_gain":0,"player_choice":"Got Potions","damage_taken":0,"max_hp_gain":0,"max_hp_loss":0,"event_name":"Lab","floor":20,"gold_loss":0},{"damage_healed":0,"gold_gain":99,"player_choice":"Stole From Cult","damage_taken":0,"max_hp_gain":0,"max_hp_loss":0,"event_name":"Nest","floor":22,"gold_loss":0}],"is_beta":false,"boss_relics":[{"not_picked":["Empty Cage","Tiny House"],"picked":"Snecko Eye"}],"items_purged_floors":[],"is_endless":false,"potions_floor_spawned":[5,11,12,16,21],"killed_by":"Gremlin Leader","ascension_level":9}