{"gold_per_floor":[13,25,45,59,77,77,111,111,111,111,138,154,154,187,187,260,260,274,189,201,201,50,83,83,112,112,112,129,129,129,162,162,236,236,254,254,267,117,137,162,162,189,189,189,204,39,74,74,74,74,74,74,74,23,50,50],"floor_reached":57,"playtime":3242,"items_purged":["Strike_G","Writhe","Strike_G"],"score":2882,"play_id":"71f837d8-e800-42ae-841a-232b8be234b1","local_time":"20190225205442","is_ascension_mode":true,"campfire_choices":[{"data":"Catalyst","floor":6.0,"key":"SMITH"},{"data":"Corpse Explosion","floor":8.0,"key":"SMITH"},{"data":"Neutralize","floor":10.0,"key":"SMITH"},{"floor":15.0,"key":"REST"},{"data":"Footwork","floor":24,"key":"SMITH"},{"data":"Noxious Fumes","floor":27,"key":"SMITH"},{"data":"Malaise","floor":32,"key":"SMITH"},{"data":"Footwork","floor":41,"key":"SMITH"},{"floor":49,"key":"RECALL"},{"data":"Burst","floor":53,"key":"SMITH"}],"neow_cost":"NO_GOLD","seed_source_timestamp":806287142552380,"circlet_count":0,"master_deck":["AscendersBane","Defend_G+1","Defend_G+1","Defend_G","Defend_G","Defend_G","Strike_G+1","Survivor","Neutralize+1","Corpse Explosion+1","Endless Agony","Poisoned Stab+1","Catalyst+1","PiercingWail","Backflip","Footwork+1","Poisoned Stab","Malaise+1","Cloak And Dagger","Concentrate","Noxious Fumes+1","Backflip","Outmaneuver+1","Accuracy","Setup","Adrenaline","Footwork+1","Madness","Madness","Deadly Poison","Dodge and Roll","Corpse Explosion","Burst+1","Caltrops","Deadly Poison","Backflip"],"special_seed":0,"relics":["Ring of the Snake","Matryoshka","Juzu Bracelet","Meat on the Bone","Runic Pyramid","Pantograph","Nloth\u0027s Gift","StoneCalendar","War Paint","Bag of Marbles","Turnip","Molten Egg 2","Blue Candle","Sozu","Art of War","The Specimen","Lantern","Whetstone","Frozen Egg 2","Sundial"],"potions_floor_usage":[16,33,56],"damage_taken":[{"damage":3.0,"enemies":"Cultist","floor":1.0,"turns":4.0},{"damage":7.0,"enemies":"Jaw Worm","floor":2.0,"turns":4.0},{"damage":3.0,"enemies":"2 Louse","floor":3.0,"turns":2.0},{"damage":2.0,"enemies":"Red Slaver","floor":4.0,"turns":3.0},{"damage":1.0,"enemies":"2 Fungi Beasts","floor":5.0,"turns":2.0},{"damage":12.0,"enemies":"Lagavulin","floor":7.0,"turns":5.0},{"damage":1.0,"enemies":"Gremlin Nob","floor":11.0,"turns":3.0},{"damage":0.0,"enemies":"Exordium Wildlife","floor":12.0,"turns":5.0},{"damage":10.0,"enemies":"3 Sentries","floor":14.0,"turns":3.0},{"damage":31,"enemies":"Slime Boss","floor":16,"turns":9},{"damage":24,"enemies":"Shell Parasite","floor":18,"turns":5},{"damage":12,"enemies":"3 Byrds","floor":20,"turns":2},{"damage":8,"enemies":"Book of Stabbing","floor":23,"turns":7},{"damage":22,"enemies":"Slavers","floor":25,"turns":3},{"damage":0,"enemies":"3 Cultists","floor":28,"turns":3},{"damage":24,"enemies":"Gremlin Leader","floor":31,"turns":5},{"damage":39,"enemies":"Collector","floor":33,"turns":9},{"damage":9,"enemies":"3 Shapes","floor":35,"turns":6},{"damage":12,"enemies":"Orb Walker","floor":37,"turns":4},{"damage":2,"enemies":"Transient","floor":39,"turns":6},{"damage":37,"enemies":"Reptomancer","floor":40,"turns":7},{"damage":10,"enemies":"Giant Head","floor":42,"turns":8},{"damage":0,"enemies":"Sphere and 2 Shapes","floor":45,"turns":4},{"damage":0,"enemies":"Nemesis","floor":47,"turns":7},{"damage":27,"enemies":"Awakened One","floor":50,"turns":12},{"damage":44,"enemies":"Time Eater","floor":51,"turns":10},{"damage":49,"enemies":"Shield and Spear","floor":55,"turns":5},{"damage":29,"enemies":"The Heart","floor":56,"turns":10}],"seed_played":"-632898535911572949","potions_obtained":[{"floor":3.0,"key":"PowerPotion"},{"floor":4.0,"key":"Strength Potion"},{"floor":11.0,"key":"Explosive Potion"},{"floor":12.0,"key":"GhostInAJar"},{"floor":28,"key":"AttackPotion"},{"floor":31,"key":"GhostInAJar"}],"is_trial":false,"path_per_floor":["M","M","M","M","M","R","E","R","T","R","E","M","?","E","R","B",null,"M","?","M","?","$","E","R","E","T","R","M","?","?","E","R","B",null,"M","?","M","$","M","E","R","E","T","?","M","$","E","T","R","B","B",null,"R","$","E","B",null],"character_chosen":"THE_SILENT","items_purchased":["Noxious Fumes","Dodge and Roll","Caltrops","Deadly Poison"],"campfire_rested":1,"item_purchase_floors":[22,38,46,54],"current_hp_per_floor":[56,49,46,44,43,43,31,31,31,31,30,30,23,13,32,13,53,41,41,41,41,41,45,45,35,35,35,35,35,35,23,23,21,55,46,34,34,34,44,19,19,21,21,21,33,33,45,45,45,39,32,58,58,58,21,29],"gold":50,"neow_bonus":"THREE_RARE_CARDS","is_prod":false,"is_daily":false,"chose_seed":false,"campfire_upgraded":8,"win_rate":0,"timestamp":1551099282,"path_taken":["M","M","?","M","M","R","E","R","T","R","E","M","?","E","R","BOSS","M","?","M","?","$","E","R","E","T","R","M","?","?","E","R","BOSS","M","?","M","$","M","E","R","E","T","?","M","$","E","?","R","BOSS","BOSS","R","$","E","BOSS"],"build_version":"2019-01-23","purchased_purges":3,"victory":true,"max_hp_per_floor":[66,66,66,66,66,66,66,66,66,66,66,66,66,66,66,66,66,66,66,66,66,66,66,66,66,66,66,66,66,66,66,66,66,66,66,66,66,66,66,66,66,66,66,66,66,66,66,66,66,66,66,66,66,66,66,66],"card_choices":[{"not_picked":["Burst","Tools of the Trade"],"picked":"Corpse Explosion","floor":0.0},{"not_picked":["Slice","Outmaneuver"],"picked":"Endless Agony","floor":1.0},{"not_picked":["Acrobatics","Sucker Punch"],"picked":"Poisoned Stab","floor":2.0},{"not_picked":["Backflip","Deflect"],"picked":"Catalyst","floor":3.0},{"not_picked":["Acrobatics","Blade Dance","Endless Agony"],"picked":"SKIP","floor":4.0},{"not_picked":["Blade Dance","Slice"],"picked":"PiercingWail","floor":5.0},{"not_picked":["Infinite Blades","Venomology"],"picked":"Backflip","floor":7.0},{"not_picked":["Caltrops","Backflip"],"picked":"Footwork","floor":11.0},{"not_picked":["Expertise","Prepared"],"picked":"Poisoned Stab","floor":12.0},{"not_picked":["Dagger Spray","Prepared","Slice"],"picked":"SKIP","floor":14.0},{"not_picked":["Phantasmal Killer","Storm of Steel"],"picked":"Malaise","floor":16},{"not_picked":["Acrobatics","Blade Dance"],"picked":"Cloak And Dagger","floor":18},{"not_picked":["Bouncing Flask","Underhanded Strike"],"picked":"Concentrate","floor":20},{"not_picked":["Masterful Stab","Sucker Punch"],"picked":"Backflip","floor":23},{"not_picked":["Underhanded Strike","Slice","Flying Knee"],"picked":"SKIP","floor":25},{"not_picked":["Flying Knee","Distraction+1"],"picked":"Outmaneuver+1","floor":28},{"not_picked":["Tools of the Trade","Sucker Punch+1"],"picked":"Setup","floor":31},{"not_picked":["Unload+1","Envenom"],"picked":"Adrenaline","floor":33},{"not_picked":["PiercingWail","Slice+1"],"picked":"Footwork","floor":35},{"not_picked":["Cloak And Dagger","Acrobatics"],"picked":"Deadly Poison","floor":37},{"not_picked":["Dash+1","Poisoned Stab+1","Prepared"],"picked":"SKIP","floor":39},{"not_picked":["Accuracy+1","Predator+1"],"picked":"Corpse Explosion","floor":40},{"not_picked":["Envenom","Unload+1"],"picked":"Burst","floor":42},{"not_picked":["Flying Knee+1","Bane+1","Underhanded Strike+1"],"picked":"SKIP","floor":45},{"not_picked":["Choke+1","Blade Dance+1","Slice+1"],"picked":"SKIP","floor":47},{"not_picked":["Dagger Spray+1","Expertise"],"picked":"Backflip","floor":55}],"player_experience":578385,"relics_obtained":[{"floor":7.0,"key":"Bag of Preparation"},{"floor":9.0,"key":"Matryoshka"},{"floor":11.0,"key":"Juzu Bracelet"},{"floor":14.0,"key":"Meat on the Bone"},{"floor":23,"key":"StoneCalendar"},{"floor":25,"key":"War Paint"},{"floor":26,"key":"Bag of Marbles"},{"floor":26,"key":"Turnip"},{"floor":31,"key":"Blue Candle"},{"floor":40,"key":"Art of War"},{"floor":42,"key":"The Specimen"},{"floor":43,"key":"Lantern"},{"floor":47,"key":"Whetstone"},{"floor":48,"key":"Frozen Egg 2"},{"floor":55,"key":"Sundial"}],"event_choices":[{"cards_removed":["Strike_G"],"damage_healed":0.0,"max_hp_gain":0.0,"max_hp_loss":0.0,"gold_gain":0.0,"event_name":"Golden Wing","player_choice":"Card Removal","floor":13.0,"gold_loss":0.0,"damage_taken":7.0},{"damage_healed":0,"gold_gain":0,"player_choice":"Obtained Relic","damage_taken":0,"relics_obtained":["Pantograph"],"max_hp_gain":0,"max_hp_loss":0,"event_name":"Addict","floor":19,"gold_loss":85},{"damage_healed":0,"gold_gain":0,"player_choice":"Traded Relic","damage_taken":0,"relics_obtained":["Nloth\u0027s Gift"],"max_hp_gain":0,"max_hp_loss":0,"event_name":"N\u0027loth","floor":21,"relics_lost":["Bag of Preparation"],"gold_loss":0},{"damage_healed":0,"gold_gain":0,"player_choice":"Opened","damage_taken":0,"relics_obtained":["Molten Egg 2"],"max_hp_gain":0,"max_hp_loss":0,"event_name":"The Mausoleum","floor":29,"gold_loss":0,"cards_obtained":["Writhe"]},{"damage_healed":0,"gold_gain":0,"cards_transformed":["Strike_G"],"player_choice":"Transformed","damage_taken":0,"max_hp_gain":0,"max_hp_loss":0,"event_name":"Transmorgrifier","floor":30,"gold_loss":0,"cards_obtained":["Accuracy"]},{"damage_healed":0,"gold_gain":0,"player_choice":"Embrace Madness","damage_taken":12,"max_hp_gain":0,"max_hp_loss":0,"event_name":"Winding Halls","floor":36,"gold_loss":0,"cards_obtained":["Madness","Madness"]},{"damage_healed":0,"gold_gain":0,"player_choice":"Ignored","damage_taken":0,"max_hp_gain":0,"max_hp_loss":0,"event_name":"Tomb of Lord Red Mask","floor":44,"gold_loss":0}],"is_beta":false,"boss_relics":[{"not_picked":["WristBlade","Eternal Feather"],"picked":"Runic Pyramid"},{"not_picked":["Calling Bell","Cursed Key"],"picked":"Sozu"}],"items_purged_floors":[22,38,46],"is_endless":false,"potions_floor_spawned":[3,4,11,12,28,31,35,37,45],"ascension_level":20}