{"gold_per_floor":[113,113,128,146,156,156,188,188,188,201,219,239,254,271,271,374,374,390,405,255,271,271,297,317,329,406,424,437,437,467,467,467,569,569,569],"floor_reached":35,"playtime":4543,"items_purged":["Strike_G"],"score":432,"play_id":"dab2262f-9018-4dc1-be2a-b02d018ea192","local_time":"20190228165158","is_ascension_mode":false,"campfire_choices":[{"data":"Neutralize","floor":6.0,"key":"SMITH"},{"data":"Skewer","floor":8.0,"key":"SMITH"},{"data":"Cloak And Dagger","floor":15.0,"key":"SMITH"},{"floor":29.0,"key":"REST"},{"data":"Noxious Fumes","floor":32.0,"key":"SMITH"}],"neow_cost":"NONE","seed_source_timestamp":0,"circlet_count":0,"master_deck":["Defend_G","Defend_G","Defend_G","Defend_G","Defend_G","Strike_G","Strike_G","Strike_G","Survivor","Neutralize+1","Well Laid Plans","Underhanded Strike","Cloak And Dagger+1","Skewer+1","Predator","Leg Sweep","Deflect","Finisher","Malaise","Backflip","Noxious Fumes+1","Dagger Spray","Iron Wave","Footwork","Dodge and Roll","PiercingWail+1","Backflip+1","J.A.X.","Adrenaline"],"special_seed":0,"relics":["Ring of the Snake","FossilizedHelix","Du-Vu Doll","Velvet Choker","The Specimen","Kunai","Ice Cream","Snecko Eye"],"potions_floor_usage":[],"damage_taken":[{"damage":0.0,"enemies":"2 Louse","floor":1.0,"turns":3.0},{"damage":0.0,"enemies":"Small Slimes","floor":3.0,"turns":6.0},{"damage":0.0,"enemies":"Cultist","floor":4.0,"turns":3.0},{"damage":10.0,"enemies":"2 Fungi Beasts","floor":5.0,"turns":4.0},{"damage":22.0,"enemies":"Gremlin Nob","floor":7.0,"turns":5.0},{"damage":0.0,"enemies":"Looter","floor":10.0,"turns":4.0},{"damage":1.0,"enemies":"Exordium Wildlife","floor":11.0,"turns":5.0},{"damage":3.0,"enemies":"Lots of Slimes","floor":12.0,"turns":6.0},{"damage":0.0,"enemies":"2 Fungi Beasts","floor":13.0,"turns":5.0},{"damage":4.0,"enemies":"Exordium Thugs","floor":14.0,"turns":7.0},{"damage":10.0,"enemies":"The Guardian","floor":16.0,"turns":10.0},{"damage":0.0,"enemies":"3 Byrds","floor":18.0,"turns":7.0},{"damage":0.0,"enemies":"Chosen","floor":19.0,"turns":5.0},{"damage":29.0,"enemies":"3 Cultists","floor":21.0,"turns":7.0},{"damage":18.0,"enemies":"Slavers","floor":23.0,"turns":7.0},{"damage":0.0,"enemies":"Chosen and Byrds","floor":24.0,"turns":5.0},{"damage":2.0,"enemies":"Centurion and Healer","floor":25.0,"turns":7.0},{"damage":0.0,"enemies":"Cultist and Chosen","floor":27.0,"turns":8.0},{"damage":0.0,"enemies":"Snecko","floor":28.0,"turns":5.0},{"damage":0.0,"enemies":"Book of Stabbing","floor":30.0,"turns":9.0},{"damage":13.0,"enemies":"Collector","floor":33.0,"turns":10.0},{"damage":0,"enemies":"Orb Walker","floor":35,"turns":1}],"seed_played":"1074723422039949244","potions_obtained":[{"floor":1.0,"key":"Energy Potion"},{"floor":11.0,"key":"EssenceOfSteel"},{"floor":13.0,"key":"Strength Potion"},{"floor":14.0,"key":"Poison Potion"},{"floor":16.0,"key":"SpeedPotion"},{"floor":18.0,"key":"GamblersBrew"},{"floor":24.0,"key":"FairyPotion"},{"floor":25.0,"key":"GamblersBrew"},{"floor":30.0,"key":"AttackPotion"},{"floor":33.0,"key":"FearPotion"}],"is_trial":false,"path_per_floor":["M","?","M","M","M","R","E","R","T","M","M","M","M","M","R","B",null,"M","M","$","M","?","E","M","M","T","M","M","R","E","?","R","B",null,"M"],"character_chosen":"THE_SILENT","items_purchased":["Noxious Fumes"],"campfire_rested":1,"item_purchase_floors":[20],"current_hp_per_floor":[70,70,70,70,60,60,38,38,38,38,37,34,34,30,30,20,70,70,70,70,41,41,23,23,21,21,21,21,42,42,42,42,29,70,70],"gold":569,"neow_bonus":"THREE_CARDS","is_prod":false,"is_daily":false,"chose_seed":false,"campfire_upgraded":4,"win_rate":0,"timestamp":1551401518,"path_taken":["M","?","M","M","M","R","E","R","T","M","M","M","M","M","R","BOSS","M","M","$","M","?","E","M","?","T","M","M","R","E","?","R","BOSS","M"],"build_version":"2019-01-23","purchased_purges":1,"victory":false,"max_hp_per_floor":[70,70,70,70,70,70,70,70,70,70,70,70,70,70,70,70,70,70,70,70,70,70,70,70,70,70,70,70,70,70,70,70,70,70,70],"card_choices":[{"not_picked":["Outmaneuver","Prepared"],"picked":"Well Laid Plans","floor":0.0},{"not_picked":["Prepared","Backflip"],"picked":"Underhanded Strike","floor":1.0},{"not_picked":["Deadly Poison","Blade Dance"],"picked":"Cloak And Dagger","floor":3.0},{"not_picked":["Outmaneuver","Bouncing Flask"],"picked":"Skewer","floor":4.0},{"not_picked":["Venomology","Dodge and Roll"],"picked":"Predator","floor":5.0},{"not_picked":["Tactician","Riddle With Holes","Sucker Punch"],"picked":"SKIP","floor":7.0},{"not_picked":["Escape Plan","Sucker Punch"],"picked":"Leg Sweep","floor":10.0},{"not_picked":["Catalyst","Deadly Poison"],"picked":"Deflect","floor":11.0},{"not_picked":["Flying Knee","Dagger Throw","Doppelganger"],"picked":"SKIP","floor":12.0},{"not_picked":["Tactician","Dagger Throw"],"picked":"Finisher","floor":13.0},{"not_picked":["Dagger Throw","Underhanded Strike","Catalyst"],"picked":"SKIP","floor":14.0},{"not_picked":["Doppelganger","Phantasmal Killer"],"picked":"Malaise","floor":16.0},{"not_picked":["Deadly Poison","Dodge and Roll"],"picked":"Backflip","floor":18.0},{"not_picked":["Reflex+1","Finisher","Eviscerate"],"picked":"SKIP","floor":19.0},{"not_picked":["Slice","Prepared+1"],"picked":"Dagger Spray","floor":21.0},{"not_picked":["Prepared","Acrobatics"],"picked":"Footwork","floor":23.0},{"not_picked":["Riddle With Holes","Dagger Throw"],"picked":"Dodge and Roll","floor":24.0},{"not_picked":["Sucker Punch","Well Laid Plans","Outmaneuver"],"picked":"SKIP","floor":25.0},{"not_picked":["Slice","Sucker Punch","Flechettes+1"],"picked":"SKIP","floor":27.0},{"not_picked":["Well Laid Plans","Acrobatics"],"picked":"PiercingWail+1","floor":28.0},{"not_picked":["Sucker Punch","Bane"],"picked":"Backflip+1","floor":30.0},{"not_picked":["Phantasmal Killer","Wraith Form v2"],"picked":"Adrenaline","floor":33.0}],"player_experience":55063,"relics_obtained":[{"floor":7.0,"key":"FossilizedHelix"},{"floor":9.0,"key":"Du-Vu Doll"},{"floor":23.0,"key":"The Specimen"},{"floor":26.0,"key":"Kunai"},{"floor":30.0,"key":"Ice Cream"}],"event_choices":[{"damage_healed":0.0,"max_hp_gain":0.0,"max_hp_loss":0.0,"gold_gain":0.0,"event_name":"Liars Game","player_choice":"Ignored","floor":2.0,"gold_loss":0.0,"damage_taken":0.0},{"cards_removed":["Strike_G"],"damage_healed":0.0,"max_hp_gain":0.0,"max_hp_loss":0.0,"gold_gain":0.0,"event_name":"NoteForYourself","player_choice":"Took Card","floor":22.0,"gold_loss":0.0,"damage_taken":0.0,"cards_obtained":["Iron Wave"]},{"damage_healed":0.0,"max_hp_gain":0.0,"max_hp_loss":0.0,"gold_gain":0.0,"event_name":"Drug Dealer","player_choice":"Obtain J.A.X.","floor":31.0,"gold_loss":0.0,"damage_taken":0.0,"cards_obtained":["J.A.X."]}],"is_beta":false,"boss_relics":[{"not_picked":["Runic Pyramid","Empty Cage"],"picked":"Velvet Choker"},{"not_picked":["Pandora\u0027s Box","HoveringKite"],"picked":"Snecko Eye"}],"items_purged_floors":[20],"is_endless":false,"potions_floor_spawned":[1,11,13,14,16,18,24,25,30,33],"killed_by":"Orb Walker","ascension_level":0}