{"gold_per_floor":[111,286,286,302,321,321,332,332,378,388,403,12,12,26,26,126,126,141,141,50,50,68,68,88,88,88,108,108,127,142,142],"floor_reached":31,"playtime":1189,"items_purged":["Strike_B"],"score":256,"play_id":"1e637f31-7437-4257-962a-3acd06bb9f01","local_time":"20190113204357","is_ascension_mode":false,"campfire_choices":[{"data":"Loop","floor":6,"key":"SMITH"},{"data":"Buffer","floor":8,"key":"SMITH"},{"data":"Zap","floor":13,"key":"SMITH"},{"data":"Dualcast","floor":15,"key":"SMITH"},{"data":"Redo","floor":23,"key":"SMITH"},{"floor":28,"key":"REST"}],"neow_cost":"NONE","seed_source_timestamp":400637797797847,"circlet_count":0,"master_deck":["Strike_B","Defend_B","Defend_B","Defend_B","Defend_B","Zap+1","Dualcast+1","Buffer+1","Ball Lightning","Ball Lightning","Loop+1","Reboot","Steam","Leap","Capacitor+1","Defragment+1","Buffer+1","Defragment+1","Redo+1","Leap+1","Ball Lightning","Stack","Ball Lightning"],"relics":["Cracked Core","Omamori","Frozen Egg 2","Sundial","Dead Branch"],"potions_floor_usage":[16,16,29,29,30],"damage_taken":[{"damage":0,"enemies":"Cultist","floor":1,"turns":3},{"damage":1,"enemies":"2 Louse","floor":4,"turns":2},{"damage":0,"enemies":"Jaw Worm","floor":5,"turns":3},{"damage":8,"enemies":"Red Slaver","floor":7,"turns":4},{"damage":1,"enemies":"2 Fungi Beasts","floor":10,"turns":3},{"damage":8,"enemies":"Exordium Wildlife","floor":11,"turns":4},{"damage":0,"enemies":"Blue Slaver","floor":14,"turns":2},{"damage":19,"enemies":"Hexaghost","floor":16,"turns":9},{"damage":0,"enemies":"Chosen","floor":18,"turns":4},{"damage":0,"enemies":"Spheric Guardian","floor":22,"turns":4},{"damage":37,"enemies":"Snake Plant","floor":24,"turns":3},{"damage":35,"enemies":"Shelled Parasite and Fungi","floor":27,"turns":5},{"damage":8,"enemies":"3 Cultists","floor":29,"turns":4},{"damage":16,"enemies":"Snake Plant","floor":30,"turns":3},{"damage":3,"enemies":"Centurion and Healer","floor":31,"turns":2}],"seed_played":"-8303294120705320719","potions_obtained":[{"floor":4,"key":"Ancient Potion"},{"floor":7,"key":"Block Potion"},{"floor":14,"key":"PowerPotion"},{"floor":22,"key":"SpeedPotion"},{"floor":24,"key":"EssenceOfSteel"},{"floor":29,"key":"LiquidBronze"}],"is_trial":false,"path_per_floor":["M","?","?","M","M","R","M","R","T","M","M","$","R","M","R","B",null,"M","?","$","T","M","R","M","?","T","M","R","M","M","M"],"character_chosen":"DEFECT","items_purchased":["Frozen Egg 2","Capacitor+1","Defragment+1","Redo"],"campfire_rested":1,"item_purchase_floors":[12,12,20,20],"current_hp_per_floor":[75,75,75,74,74,74,66,66,66,65,57,57,57,57,57,38,75,75,75,75,75,75,75,38,38,38,3,25,17,1,0],"gold":142,"neow_bonus":"ONE_RANDOM_RARE_CARD","is_prod":false,"is_daily":false,"chose_seed":false,"campfire_upgraded":5,"win_rate":0,"timestamp":1547430237,"path_taken":["M","?","?","M","M","R","M","R","T","M","M","$","R","M","R","BOSS","M","?","$","?","M","R","M","?","T","?","R","M","M","M"],"build_version":"2019-01-10","purchased_purges":1,"victory":false,"max_hp_per_floor":[75,75,75,75,75,75,75,75,75,75,75,75,75,75,75,75,75,75,75,75,75,75,75,75,75,75,75,75,75,75,75],"card_choices":[{"not_picked":["Leap","Hologram"],"picked":"Ball Lightning","floor":1},{"not_picked":["Go for the Eyes","Rip and Tear"],"picked":"Ball Lightning","floor":4},{"not_picked":["Hologram","Skim"],"picked":"Loop","floor":5},{"not_picked":["Rebound","Rip and Tear"],"picked":"Reboot","floor":7},{"not_picked":["Hologram","Coolheaded"],"picked":"Steam","floor":10},{"not_picked":["Rebound","Hologram"],"picked":"Leap","floor":11},{"not_picked":["Rebound","Fusion"],"picked":"Defragment+1","floor":14},{"not_picked":["Echo Form+1","Creative AI+1"],"picked":"Buffer+1","floor":16},{"not_picked":["Go for the Eyes","Fusion","Compile Driver"],"picked":"SKIP","floor":18},{"not_picked":["Rebound+1","Compile Driver"],"picked":"Leap+1","floor":22},{"not_picked":["Hologram","Go for the Eyes"],"picked":"Ball Lightning","floor":24},{"not_picked":["Rip and Tear","Hologram"],"picked":"Stack","floor":27},{"not_picked":["Barrage","Rip and Tear"],"picked":"Ball Lightning","floor":29},{"not_picked":["Force Field","Cold Snap+1","Rip and Tear+1"],"picked":"SKIP","floor":30}],"player_experience":933752,"relics_obtained":[{"floor":9,"key":"Omamori"},{"floor":21,"key":"Sundial"},{"floor":26,"key":"Dead Branch"}],"event_choices":[{"damage_healed":0,"gold_gain":175,"player_choice":"AGREE","damage_taken":0,"max_hp_gain":0,"max_hp_loss":0,"event_name":"Liars Game","floor":2,"gold_loss":0,"cards_obtained":["Doubt"]},{"cards_removed":["Doubt"],"damage_healed":0,"gold_gain":0,"player_choice":"Purged","damage_taken":0,"max_hp_gain":0,"max_hp_loss":0,"event_name":"Purifier","floor":3,"gold_loss":0},{"cards_removed":["Strike_B"],"damage_healed":0,"gold_gain":0,"player_choice":"Offered Basic","damage_taken":0,"max_hp_gain":0,"max_hp_loss":0,"event_name":"Bonfire Elementals","floor":19,"gold_loss":0},{"cards_removed":["Strike_B"],"damage_healed":0,"gold_gain":0,"player_choice":"Elegance","damage_taken":0,"max_hp_gain":0,"max_hp_loss":0,"event_name":"Back to Basics","floor":25,"gold_loss":0}],"is_beta":false,"boss_relics":[{"not_picked":["Fusion Hammer","Runic Dome","Black Star"]}],"items_purged_floors":[12],"is_endless":false,"potions_floor_spawned":[4,7,14,22,24,29],"killed_by":"Centurion and Healer","ascension_level":0}