{"gold_per_floor":[118,118,129,129,82,111,111,61,61,71,132,150,150,170,170,170],"floor_reached":16,"playtime":2488,"items_purged":[],"score":171,"play_id":"319d5a71-ba39-4872-9689-00193cfb6526","local_time":"20190201120852","is_ascension_mode":true,"campfire_choices":[{"floor":7,"key":"REST"},{"floor":13,"key":"REST"},{"floor":15,"key":"REST"}],"neow_cost":"NONE","seed_source_timestamp":1068834688667964,"circlet_count":0,"master_deck":["AscendersBane","Strike_R","Strike_R","Strike_R","Strike_R+1","Defend_R","Defend_R","Defend_R","Defend_R","Bash","Clothesline+1","Whirlwind","Flame Barrier","Flame Barrier","Battle Trance","Sword Boomerang","Headbutt"],"relics":["Burning Blood","Pen Nib","Frozen Egg 2","Darkstone Periapt","Tiny Chest"],"potions_floor_usage":[16,16],"damage_taken":[{"damage":0,"enemies":"Small Slimes","floor":1,"turns":4},{"damage":4,"enemies":"Jaw Worm","floor":3,"turns":3},{"damage":30,"enemies":"Gremlin Nob","floor":6,"turns":5},{"damage":0,"enemies":"2 Louse","floor":10,"turns":2},{"damage":65,"enemies":"3 Sentries","floor":11,"turns":14},{"damage":11,"enemies":"Large Slime","floor":12,"turns":6},{"damage":16,"enemies":"Exordium Thugs","floor":14,"turns":5},{"damage":65,"enemies":"Slime Boss","floor":16,"turns":9}],"seed_played":"9222338599205079562","potions_obtained":[{"floor":3,"key":"FairyPotion"},{"floor":11,"key":"Swift Potion"},{"floor":14,"key":"SteroidPotion"}],"is_trial":false,"path_per_floor":["M","?","M","?","?","E","R","?","T","M","E","M","R","M","R","B"],"character_chosen":"IRONCLAD","items_purchased":[],"campfire_rested":3,"item_purchase_floors":[],"current_hp_per_floor":[78,62,64,64,64,40,64,64,64,70,11,14,38,28,52,0],"gold":170,"neow_bonus":"RANDOM_COMMON_RELIC","is_prod":false,"is_daily":false,"chose_seed":false,"campfire_upgraded":0,"win_rate":0,"timestamp":1549040932,"path_taken":["M","?","M","?","?","E","R","?","T","M","E","M","R","M","R","BOSS"],"build_version":"2019-01-23","purchased_purges":0,"victory":false,"max_hp_per_floor":[80,80,80,80,80,80,80,80,80,80,80,80,80,80,80,80],"card_choices":[{"not_picked":["True Grit","Cleave"],"picked":"Clothesline","floor":1},{"not_picked":["Twin Strike","Anger"],"picked":"Whirlwind","floor":3},{"not_picked":["Perfected Strike","Twin Strike"],"picked":"Flame Barrier","floor":6},{"not_picked":["Dropkick","Wild Strike"],"picked":"Flame Barrier","floor":10},{"not_picked":["Headbutt","Clash"],"picked":"Battle Trance","floor":11},{"not_picked":["Wild Strike","Anger"],"picked":"Sword Boomerang","floor":12},{"not_picked":["Flex","True Grit"],"picked":"Headbutt","floor":14}],"player_experience":1092938,"relics_obtained":[{"floor":6,"key":"Frozen Egg 2"},{"floor":9,"key":"Darkstone Periapt"},{"floor":11,"key":"Tiny Chest"}],"event_choices":[{"damage_healed":0,"gold_gain":0,"player_choice":"Entered Light","damage_taken":16,"max_hp_gain":0,"max_hp_loss":0,"event_name":"Shining Light","floor":2,"gold_loss":0,"cards_upgraded":["Clothesline","Strike_R"]},{"damage_healed":0,"gold_gain":0,"player_choice":"Ignored","damage_taken":0,"max_hp_gain":0,"max_hp_loss":0,"event_name":"Liars Game","floor":4,"gold_loss":0},{"damage_healed":0,"gold_gain":0,"player_choice":"Left Gold","damage_taken":0,"max_hp_gain":0,"max_hp_loss":0,"event_name":"World of Goop","floor":5,"gold_loss":47},{"cards_removed":["Strike_R"],"damage_healed":0,"gold_gain":0,"player_choice":"Card Removal","damage_taken":0,"max_hp_gain":0,"max_hp_loss":0,"event_name":"The Cleric","floor":8,"gold_loss":50}],"is_beta":false,"boss_relics":[],"items_purged_floors":[],"is_endless":false,"potions_floor_spawned":[3,11,14],"killed_by":"Slime Boss","ascension_level":11}