{"gold_per_floor":[113,131,146,146,163,163,190,206,206,206,223,284,300,400,400,501,501,517,534,187,187,42,42,59,71,96,96,11,11,0,16,16,121,121,135,135,135,0,0],"floor_reached":39,"playtime":3856,"items_purged":["Strike_G"],"score":610,"play_id":"7d6c37b7-40eb-42b4-9b89-e2f08b83387a","local_time":"20190215171925","is_ascension_mode":true,"campfire_choices":[{"data":"Neutralize","floor":6,"key":"SMITH"},{"floor":10,"key":"REST"},{"floor":15,"key":"REST"},{"data":"Noxious Fumes","floor":23,"key":"SMITH"},{"data":"Footwork","floor":27,"key":"SMITH"},{"data":"Blur","floor":29,"key":"SMITH"},{"floor":32,"key":"REST"}],"neow_cost":"NONE","seed_source_timestamp":110199923238700,"circlet_count":0,"master_deck":["AscendersBane","Defend_G","Defend_G","Defend_G","Defend_G","Defend_G","Survivor","Neutralize+1","Dagger Throw","Backflip","Die Die Die","Slice","Dagger Throw","Dash","Malaise","Heel Hook+1","Terror+1","Tools of the Trade+1","Footwork+1","Noxious Fumes+1","Blur+1","Iron Wave+1","Madness","Madness"],"relics":["Busted Crown","Gremlin Horn","Boot","Astrolabe","PrismaticShard","Ancient Tea Set","Centennial Puzzle","Eternal Feather","Red Mask"],"potions_floor_usage":[5,16,18,19,31,39],"damage_taken":[{"damage":1,"enemies":"Small Slimes","floor":1,"turns":4},{"damage":3,"enemies":"2 Louse","floor":2,"turns":3},{"damage":0,"enemies":"Cultist","floor":3,"turns":4},{"damage":8,"enemies":"Large Slime","floor":5,"turns":3},{"damage":34,"enemies":"Lagavulin","floor":7,"turns":11},{"damage":0,"enemies":"3 Louse","floor":8,"turns":4},{"damage":0,"enemies":"2 Fungi Beasts","floor":11,"turns":3},{"damage":4,"enemies":"Blue Slaver","floor":13,"turns":2},{"damage":24,"enemies":"The Guardian","floor":16,"turns":16},{"damage":18,"enemies":"Spheric Guardian","floor":18,"turns":6},{"damage":0,"enemies":"Chosen","floor":19,"turns":5},{"damage":12,"enemies":"Sentry and Sphere","floor":24,"turns":9},{"damage":3,"enemies":"Snecko","floor":25,"turns":7},{"damage":0,"enemies":"Centurion and Healer","floor":31,"turns":7},{"damage":13,"enemies":"Automaton","floor":33,"turns":13},{"damage":0,"enemies":"3 Shapes","floor":35,"turns":6},{"damage":58,"enemies":"2 Orb Walkers","floor":39,"turns":5}],"seed_played":"-7793934706567422162","potions_obtained":[{"floor":1,"key":"Fire Potion"},{"floor":7,"key":"AttackPotion"},{"floor":11,"key":"Ancient Potion"},{"floor":16,"key":"EssenceOfSteel"},{"floor":18,"key":"Explosive Potion"},{"floor":19,"key":"FearPotion"}],"is_trial":false,"path_per_floor":["M","M","M","?","M","R","E","M","T","R","M","?","M","?","R","B",null,"M","M","$","?","$","R","M","M","T","R","?","R","?","M","R","B",null,"M","?","$","?","?"],"character_chosen":"THE_SILENT","items_purchased":["Footwork","PrismaticShard","Noxious Fumes","Blur"],"campfire_rested":3,"item_purchase_floors":[20,20,22,22],"current_hp_per_floor":[62,59,59,59,51,51,17,17,17,38,38,38,34,34,55,31,60,42,42,42,65,65,65,53,50,50,50,50,50,50,50,70,57,67,67,58,58,58,0],"gold":0,"neow_bonus":"BOSS_RELIC","is_prod":false,"is_daily":false,"chose_seed":false,"campfire_upgraded":4,"win_rate":0,"timestamp":1550269165,"path_taken":["M","M","M","?","M","R","E","M","T","R","M","?","M","?","R","BOSS","M","M","?","?","$","R","M","M","T","R","?","R","?","M","R","BOSS","M","?","$","?","?"],"build_version":"2019-01-23","purchased_purges":1,"victory":false,"max_hp_per_floor":[70,70,70,70,70,70,70,70,70,70,70,70,70,70,70,70,70,70,70,70,70,70,70,70,70,70,70,70,70,70,70,70,70,70,70,70,70,70,70],"card_choices":[{"not_picked":["Distraction"],"picked":"SKIP","floor":1},{"not_picked":[],"picked":"Dagger Throw","floor":2},{"not_picked":[],"picked":"Backflip","floor":3},{"not_picked":["Flying Knee"],"picked":"SKIP","floor":5},{"not_picked":[],"picked":"Slice","floor":7},{"not_picked":["Masterful Stab"],"picked":"SKIP","floor":8},{"not_picked":[],"picked":"Dagger Throw","floor":11},{"not_picked":[],"picked":"Dash","floor":13},{"not_picked":[],"picked":"Malaise","floor":16},{"not_picked":["Dagger Throw"],"picked":"SKIP","floor":18},{"not_picked":["Dagger Throw"],"picked":"SKIP","floor":19},{"not_picked":["Storm"],"picked":"SKIP","floor":24},{"not_picked":["Stack"],"picked":"SKIP","floor":25},{"not_picked":["Cleave"],"picked":"SKIP","floor":31},{"not_picked":[],"picked":"Iron Wave+1","floor":35}],"player_experience":1205335,"relics_obtained":[{"floor":7,"key":"Gremlin Horn"},{"floor":9,"key":"Boot"},{"floor":26,"key":"Ancient Tea Set"}],"event_choices":[{"damage_healed":0,"gold_gain":0,"cards_transformed":["Strike_G"],"player_choice":"Change","damage_taken":0,"max_hp_gain":0,"max_hp_loss":0,"event_name":"Living Wall","floor":4,"gold_loss":0,"cards_obtained":["Die Die Die"]},{"damage_healed":0,"gold_gain":61,"player_choice":"Gained Gold","damage_taken":0,"max_hp_gain":0,"max_hp_loss":0,"event_name":"Golden Wing","floor":12,"gold_loss":0},{"damage_healed":0,"gold_gain":100,"player_choice":"Pray","damage_taken":0,"max_hp_gain":0,"max_hp_loss":0,"event_name":"Golden Shrine","floor":14,"gold_loss":0},{"damage_healed":23,"gold_gain":0,"player_choice":"Heal","damage_taken":0,"max_hp_gain":0,"max_hp_loss":0,"event_name":"The Library","floor":21,"gold_loss":0},{"damage_healed":0,"gold_gain":0,"player_choice":"Obtained Relic","damage_taken":0,"relics_obtained":["Centennial Puzzle"],"max_hp_gain":0,"max_hp_loss":0,"event_name":"Addict","floor":28,"gold_loss":85},{"damage_healed":0,"gold_gain":0,"player_choice":"Paid Fearfully","damage_taken":0,"max_hp_gain":0,"max_hp_loss":0,"event_name":"Masked Bandits","floor":30,"gold_loss":11},{"damage_healed":0,"gold_gain":0,"player_choice":"Embrace Madness","damage_taken":9,"max_hp_gain":0,"max_hp_loss":0,"event_name":"Winding Halls","floor":36,"gold_loss":0,"cards_obtained":["Madness","Madness"]},{"damage_healed":0,"gold_gain":0,"player_choice":"Paid","damage_taken":0,"relics_obtained":["Red Mask"],"max_hp_gain":0,"max_hp_loss":0,"event_name":"Tomb of Lord Red Mask","floor":38,"gold_loss":135},{"damage_healed":0,"gold_gain":0,"player_choice":"Fight","damage_taken":0,"max_hp_gain":0,"max_hp_loss":0,"event_name":"Mysterious Sphere","floor":39,"gold_loss":0}],"is_beta":false,"boss_relics":[{"not_picked":["HoveringKite","Philosopher\u0027s Stone"],"picked":"Astrolabe"},{"not_picked":["Tiny House","Calling Bell"],"picked":"Eternal Feather"}],"items_purged_floors":[20],"is_endless":false,"potions_floor_spawned":[1,7,11,13,16,18,19],"killed_by":"2 Orb Walkers","ascension_level":12}