{"gold_per_floor":[118,43,318,337,348,348,376,376,401,401,401,413,423,154,154,230,230,241,216,216,216,216],"floor_reached":22,"playtime":573,"items_purged":["Strike_R","Strike_R"],"score":359,"play_id":"360512b0-2a5e-4248-8d6c-9e9185e97727","local_time":"20190302190527","is_ascension_mode":true,"campfire_choices":[{"data":"Rampage","floor":6,"key":"SMITH"},{"data":"Iron Wave","floor":8,"key":"SMITH"},{"data":"Bash","floor":11,"key":"SMITH"},{"data":"Body Slam","floor":15,"key":"SMITH"}],"neow_cost":"NONE","seed_source_timestamp":78348233499712,"circlet_count":0,"master_deck":["AscendersBane","Defend_R","Defend_R","Defend_R","Bash+1","Rampage+1","Iron Wave+1","Anger","Body Slam+1","Feed","Dark Embrace+1","Limit Break+1","Uppercut+1","True Grit"],"relics":["Burning Blood","NeowsBlessing","Bronze Scales","Smiling Mask","MealTicket","Astrolabe","Nilry\u0027s Codex"],"potions_floor_usage":[7,12,19,22],"damage_taken":[{"damage":0,"enemies":"Cultist","floor":1,"turns":1},{"damage":0,"enemies":"Small Slimes","floor":4,"turns":1},{"damage":0,"enemies":"Jaw Worm","floor":5,"turns":1},{"damage":24,"enemies":"Gremlin Nob","floor":7,"turns":4},{"damage":3,"enemies":"3 Louse","floor":12,"turns":3},{"damage":0,"enemies":"2 Fungi Beasts","floor":13,"turns":3},{"damage":62,"enemies":"Hexaghost","floor":16,"turns":8},{"damage":28,"enemies":"Shell Parasite","floor":18,"turns":5},{"damage":21,"enemies":"2 Thieves","floor":19,"turns":4},{"damage":0,"enemies":"Snake Plant","floor":22,"turns":1}],"seed_played":"6163690232037784014","potions_obtained":[{"floor":1,"key":"Block Potion"},{"floor":4,"key":"Weak Potion"},{"floor":16,"key":"SkillPotion"},{"floor":19,"key":"AttackPotion"}],"is_trial":false,"path_per_floor":["M","$","?","M","M","R","E","R","T","?","R","M","M","$","R","B",null,"M","M","?","?","M"],"character_chosen":"IRONCLAD","items_purchased":["MealTicket"],"campfire_rested":0,"item_purchase_floors":[14],"current_hp_per_floor":[74,74,74,75,75,75,57,57,57,57,57,60,66,66,66,10,59,37,22,1,1,1],"gold":216,"neow_bonus":"THREE_ENEMY_KILL","is_prod":false,"is_daily":false,"chose_seed":false,"campfire_upgraded":4,"win_rate":0,"timestamp":1551521127,"path_taken":["M","$","?","M","?","R","E","R","T","?","R","M","M","$","R","BOSS","M","M","?","?","M"],"build_version":"2019-01-23","purchased_purges":2,"victory":false,"max_hp_per_floor":[75,75,75,75,75,75,75,75,75,75,75,75,75,75,75,75,75,75,75,75,75,75],"card_choices":[{"not_picked":["Heavy Blade","Intimidate"],"picked":"Rampage","floor":1},{"not_picked":["Clothesline","Sword Boomerang"],"picked":"Iron Wave","floor":4},{"not_picked":["Perfected Strike","Dark Embrace"],"picked":"Anger","floor":5},{"not_picked":["Entrench","Pummel","Clothesline"],"picked":"SKIP","floor":7},{"not_picked":["Body Slam","Pommel Strike","Pummel"],"picked":"SKIP","floor":12},{"not_picked":["Pommel Strike","Pummel"],"picked":"Body Slam","floor":12},{"not_picked":["Carnage","Cleave","Pummel"],"picked":"SKIP","floor":13},{"not_picked":["Fiend Fire","Berserk"],"picked":"Feed","floor":16},{"not_picked":["Clash","Body Slam"],"picked":"True Grit","floor":18},{"not_picked":["Reckless Charge","Iron Wave","Armaments"],"picked":"SKIP","floor":19}],"player_experience":998485,"relics_obtained":[{"floor":7,"key":"Bronze Scales"},{"floor":9,"key":"Smiling Mask"},{"floor":20,"key":"Nilry\u0027s Codex"}],"event_choices":[{"damage_healed":0,"gold_gain":275,"player_choice":"Desecrate","damage_taken":0,"max_hp_gain":0,"max_hp_loss":0,"event_name":"Golden Shrine","floor":3,"gold_loss":0,"cards_obtained":["Regret"]},{"cards_removed":["Regret"],"damage_healed":0,"gold_gain":0,"player_choice":"Forget","damage_taken":0,"max_hp_gain":0,"max_hp_loss":0,"event_name":"Living Wall","floor":10,"gold_loss":0},{"damage_healed":0,"gold_gain":0,"player_choice":"Obtained Book","damage_taken":21,"max_hp_gain":0,"max_hp_loss":0,"event_name":"Cursed Tome","floor":20,"gold_loss":0},{"cards_removed":["Defend_R"],"damage_healed":0,"gold_gain":0,"player_choice":"Elegance","damage_taken":0,"max_hp_gain":0,"max_hp_loss":0,"event_name":"Back to Basics","floor":21,"gold_loss":0}],"is_beta":false,"boss_relics":[{"not_picked":["Ectoplasm","Cursed Key"],"picked":"Astrolabe"}],"items_purged_floors":[2,14],"is_endless":false,"potions_floor_spawned":[1,4,16,19],"killed_by":"Snake Plant","ascension_level":19}