{"path_per_floor":["M","$","?","?","M","E","$","R","T","?","E","?","M","E","R","B",null,"M","T","M","?","$"],"character_chosen":"IRONCLAD","items_purchased":["Feed","Kunai","Iron Wave"],"gold_per_floor":[218,70,70,70,90,120,20,20,50,50,83,105,121,153,153,254,254,272,295,307,307,31],"floor_reached":23,"campfire_rested":0,"playtime":1998,"current_hp_per_floor":[77,77,77,77,76,64,64,64,64,52,35,34,43,33,33,9,69,61,61,52,37,37],"items_purged":["Parasite","Strike_R"],"gold":31,"play_id":"bb134276-2a3c-455b-8b94-6fe6acb359e3","is_prod":false,"is_daily":false,"is_ascension_mode":true,"campfire_upgraded":2,"path_taken":["M","$","?","?","M","E","$","R","T","?","E","?","M","E","R","BOSS","M","?","?","?","$","E"],"build_version":"2018-02-01-PROD3","purchased_purges":3,"victory":false,"master_deck":["Strike_R","Strike_R","Strike_R","Strike_R","Defend_R","Defend_R","Defend_R","Defend_R","Bash+1","Inflame+1","Feed","Cleave+1","Dual Wield","Battle Trance+1","True Grit+1","Havoc+1","Demon Form","Body Slam+1","Second Wind+1","Iron Wave"],"max_hp_per_floor":[80,77,77,77,77,80,80,80,80,80,83,86,89,89,89,89,89,89,89,89,94,94],"relics":["Burning Blood","Calipers","Tiny Chest","Omamori","Toxic Egg 2","Odd Mushroom","Vajra","Mark of Pain","Bronze Scales","Kunai"],"card_choices":[{"not_picked":["Pummel","Wild Strike"],"picked":"Inflame"},{"not_picked":["Dark Embrace","Flex"],"picked":"Cleave"},{"not_picked":["Barricade","Clash"],"picked":"Dual Wield"},{"not_picked":["Pommel Strike","Reckless Charge"],"picked":"Battle Trance"},{"not_picked":["Perfected Strike","Inflame"],"picked":"True Grit"},{"not_picked":["Power Through","Inflame"],"picked":"Havoc"},{"not_picked":["Exhume","Impervious"],"picked":"Demon Form"},{"not_picked":["Twin Strike","Intimidate"],"picked":"Body Slam"},{"not_picked":["Clothesline","Entrench"],"picked":"Second Wind"}],"player_experience":556377,"potions_floor_usage":[11,12,14,16,16],"damage_taken":[{"damage":1,"enemies":"Cultist","floor":1,"turns":4},{"damage":7,"enemies":"Jaw Worm","floor":5,"turns":4},{"damage":21,"enemies":"Gremlin Nob","floor":6,"turns":4},{"damage":26,"enemies":"3 Sentries","floor":11,"turns":9},{"damage":10,"enemies":"The Mushroom Lair","floor":12,"turns":4},{"damage":0,"enemies":"Small Slimes","floor":13,"turns":4},{"damage":16,"enemies":"Gremlin Nob","floor":14,"turns":3},{"damage":30,"enemies":"Hexaghost","floor":16,"turns":8},{"damage":14,"enemies":"Shell Parasite","floor":18,"turns":3},{"damage":15,"enemies":"Chosen","floor":20,"turns":4},{"damage":39,"enemies":"Slavers","floor":23,"turns":2}],"event_choices":[{"event_name":"Living Wall","player_choice":"Grow","floor":3,"damage_taken":0},{"event_name":"Liars Game","player_choice":"disagreed","floor":4,"damage_taken":0},{"event_name":"Scrap Ooze","player_choice":"success","floor":10,"damage_taken":12},{"event_name":"Mushrooms","player_choice":"Fought Mushrooms","floor":12,"damage_taken":0},{"event_name":"Forgotten Altar","player_choice":"Shed Blood","floor":21,"damage_taken":0}],"boss_relics":[{"not_picked":["Calling Bell","Lizard Tail"],"picked":"Mark of Pain"}],"potions_floor_spawned":[1,6,11,12,14],"seed_played":"-1087422833546300513","killed_by":"Slavers","ascension_level":10,"is_trial":false}