{"path_per_floor":["M","?","$","M","M","E","$","R","T","M","?","R","M","?","R"],"character_chosen":"IRONCLAD","items_purchased":["Rampage","Shrug It Off"],"gold_per_floor":[110,110,37,57,67,94,43,43,97,112,132,132,146,146,146,146],"floor_reached":16,"campfire_rested":1,"playtime":561,"current_hp_per_floor":[78,78,78,80,80,36,36,36,36,23,17,17,20,20,44,0],"items_purged":[],"gold":146,"score":130,"play_id":"7223c178-1a5e-4228-a9c2-a8fec5f16137","local_time":"20180419173716","is_prod":false,"is_daily":false,"chose_seed":false,"is_ascension_mode":true,"campfire_upgraded":2,"timestamp":1524173836,"path_taken":["M","?","$","?","M","E","$","R","T","M","?","R","M","?","R","BOSS"],"build_version":"2018-04-12","seed_source_timestamp":444142785140315,"purchased_purges":0,"victory":false,"master_deck":["Strike_R","Strike_R","Strike_R","Strike_R+1","Strike_R","Defend_R","Defend_R","Defend_R","Bash+1","Pommel Strike","Regret","Rampage+1","Perfected Strike+1","Hemokinesis","Corruption","Shrug It Off+1","Armaments+1","Combust"],"max_hp_per_floor":[80,80,80,80,80,80,80,80,80,80,80,80,80,80,80,80],"relics":["Burning Blood","NeowsBlessing","Toxic Egg 2","Shovel","Whetstone","Odd Mushroom"],"card_choices":[{"not_picked":["Reckless Charge","Clothesline"],"picked":"Pommel Strike","floor":1},{"not_picked":["Thunderclap","Shrug It Off"],"picked":"Perfected Strike","floor":4},{"not_picked":["Sentinel","Power Through"],"picked":"Hemokinesis","floor":5},{"not_picked":["Rage","Warcry"],"picked":"Corruption","floor":6},{"not_picked":["Reckless Charge","Evolve"],"picked":"Armaments","floor":13}],"player_experience":479762,"potions_floor_usage":[16,16,16],"damage_taken":[{"damage":0,"enemies":"Jaw Worm","floor":1,"turns":1},{"damage":0,"enemies":"2 Louse","floor":4,"turns":1},{"damage":0,"enemies":"Cultist","floor":5,"turns":1},{"damage":50,"enemies":"Lagavulin","floor":6,"turns":6},{"damage":19,"enemies":"Exordium Wildlife","floor":10,"turns":4},{"damage":12,"enemies":"The Mushroom Lair","floor":11,"turns":4},{"damage":3,"enemies":"3 Louse","floor":13,"turns":3},{"damage":44,"enemies":"The Guardian","floor":16,"turns":9}],"event_choices":[{"event_name":"Big Fish","player_choice":"Box","floor":2,"damage_taken":0},{"event_name":"Mushrooms","player_choice":"Fought Mushrooms","floor":11,"damage_taken":0},{"event_name":"Transmorgrifier","player_choice":"Transform","floor":14,"damage_taken":0}],"boss_relics":[],"potions_floor_spawned":[4,10,11,13],"seed_played":"2545866302994182062","killed_by":"The Guardian","ascension_level":6,"is_trial":false}