{"path_per_floor":["M","M","?","M","?","R","?","R","T","M","R","M","M"],"character_chosen":"THE_SILENT","items_purchased":[],"gold_per_floor":[111,123,73,91,91,91,166,166,166,191,191,214,233,233],"floor_reached":14,"campfire_rested":0,"playtime":427,"item_purchase_floors":[],"current_hp_per_floor":[54,54,54,54,38,38,27,27,27,27,27,26,22,0],"items_purged":[],"gold":233,"score":139,"play_id":"f09b6d6f-60c2-4aa6-94eb-1b50bc2139f2","local_time":"20180607020530","is_prod":false,"is_daily":false,"chose_seed":false,"is_ascension_mode":true,"campfire_upgraded":3,"win_rate":0,"timestamp":1528304730,"campfire_choices":[{"data":"Dash","floor":6,"key":"SMITH"},{"data":"Blur","floor":8,"key":"SMITH"},{"data":"Setup","floor":11,"key":"SMITH"}],"path_taken":["M","M","?","?","?","R","?","R","T","M","R","M","?","E"],"build_version":"2018-05-31","seed_source_timestamp":11527289944611,"purchased_purges":0,"victory":false,"master_deck":["Defend_G","Defend_G","Defend_G","Defend_G","Strike_G","Strike_G","Strike_G","Strike_G","Strike_G","Survivor","Neutralize","AscendersBane","Dash+1","Blur+1","Setup+1","Dagger Spray"],"max_hp_per_floor":[66,66,66,66,66,66,66,66,66,66,66,66,66,66],"relics":["Ring of the Snake","Ancient Tea Set","Golden Idol","Bottled Flame"],"card_choices":[{"not_picked":["Backflip","Acrobatics"],"picked":"Dash","floor":1},{"not_picked":["Quick Slash","Dagger Throw","Underhanded Strike"],"picked":"SKIP","floor":2},{"not_picked":["Acrobatics","Concentrate"],"picked":"Blur","floor":4},{"not_picked":["Crippling Poison","Leg Sweep"],"picked":"Setup","floor":10},{"not_picked":["Quick Slash","Poisoned Stab"],"picked":"Dagger Spray","floor":12},{"not_picked":["Skewer","Underhanded Strike","Malaise"],"picked":"SKIP","floor":13}],"player_experience":794252,"potions_floor_usage":[14,14],"damage_taken":[{"damage":5,"enemies":"2 Louse","floor":1,"turns":4},{"damage":0,"enemies":"Small Slimes","floor":2,"turns":5},{"damage":0,"enemies":"Cultist","floor":4,"turns":4},{"damage":0,"enemies":"Looter","floor":10,"turns":3},{"damage":1,"enemies":"3 Louse","floor":12,"turns":4},{"damage":4,"enemies":"2 Fungi Beasts","floor":13,"turns":3},{"damage":23,"enemies":"Gremlin Nob","floor":14,"turns":5}],"relics_obtained":[{"floor":9,"key":"Bottled Flame"}],"event_choices":[{"event_name":"The Cleric","player_choice":"Card Removal","floor":3,"damage_taken":0},{"event_name":"Golden Idol","player_choice":"Take Damage","floor":5,"damage_taken":0},{"event_name":"World of Goop","player_choice":"Gather Gold","floor":7,"damage_taken":0}],"boss_relics":[],"items_purged_floors":[],"potions_floor_spawned":[2,13],"seed_played":"-6357457379095499585","killed_by":"Gremlin Nob","ascension_level":14,"potions_obtained":[{"floor":2,"key":"Weak Potion"},{"floor":13,"key":"EssenceOfSteel"}],"is_trial":false}