{"path_per_floor":["M","$","?","?","M","R","M","?","T","R","$","M","M","M","R","B",null,"M","?","M","?","$","R","M","R","T","R","$","M","$","M","R","B",null,"M","?","M"],"character_chosen":"THE_SILENT","items_purchased":["Infinite Blades","Crippling Poison","Bullet Time","Accuracy"],"gold_per_floor":[114,33,33,33,45,45,55,55,81,81,12,32,49,66,66,168,168,178,178,197,197,44,44,64,64,64,64,64,76,5,18,18,115,115,127,127,138],"floor_reached":38,"campfire_rested":4,"playtime":2882,"current_hp_per_floor":[66,66,66,66,65,65,60,60,60,60,60,54,42,36,57,4,70,36,36,18,18,18,54,38,70,84,84,84,71,71,27,67,11,84,53,53,30],"items_purged":[],"gold":138,"score":341,"play_id":"51d9b88f-a12b-40d9-9f96-d4b3c845e566","is_prod":false,"is_daily":false,"is_ascension_mode":false,"campfire_upgraded":3,"path_taken":["M","$","?","?","M","R","M","?","T","R","$","M","?","M","R","BOSS","M","?","?","?","$","R","M","R","T","R","$","M","$","M","R","BOSS","M","?","M","?"],"build_version":"2018-02-12-PROD1","purchased_purges":0,"victory":false,"master_deck":["Defend_G","Defend_G","Defend_G","Defend_G","Defend_G","Strike_G","Strike_G+1","Strike_G+1","Survivor","Neutralize","Catalyst","Dodge and Roll","Infinite Blades+1","Well Laid Plans+1","Cloak And Dagger+1","Crippling Poison","Blade Dance","Deadly Poison","Caltrops","Bullet Time","Parasite","Regret","Pain","PiercingWail","Acrobatics","Deadly Poison","Noxious Fumes+1","Bullet Time","Tools of the Trade","Accuracy","Bouncing Flask","Night Terror","Caltrops+1","Glass Knife","PiercingWail+1"],"max_hp_per_floor":[70,70,70,70,70,70,70,70,70,70,70,70,70,70,70,70,70,70,70,70,70,70,70,70,70,84,84,84,84,84,84,84,84,84,84,84,84],"relics":["Ring of the Snake","Whetstone","Calling Bell","Pen Nib","Dead Branch","Regal Pillow","Mango","Lizard Tail"],"card_choices":[{"not_picked":["Terror","Escape Plan"],"picked":"Catalyst"},{"not_picked":["Acrobatics","Dagger Throw"],"picked":"Dodge and Roll"},{"not_picked":["Riddle With Holes","Finisher"],"picked":"Well Laid Plans"},{"not_picked":["Dodge and Roll","Reflex"],"picked":"Cloak And Dagger"},{"not_picked":["Finisher","Deflect"],"picked":"Blade Dance"},{"not_picked":["Terror","Acrobatics"],"picked":"Deadly Poison"},{"not_picked":["Dagger Throw","Outmaneuver"],"picked":"Caltrops"},{"not_picked":["Wraith Form","Die Die Die"],"picked":"Bullet Time"},{"not_picked":["Malaise","Dagger Spray"],"picked":"PiercingWail"},{"not_picked":["Quick Slash","Underhanded Strike"],"picked":"Deadly Poison"},{"not_picked":["Expertise","Underhanded Strike"],"picked":"Tools of the Trade"},{"not_picked":["Heel Hook","Flechettes"],"picked":"Bouncing Flask"},{"not_picked":["Tactician","Tools of the Trade"],"picked":"Night Terror"},{"not_picked":["Backstab","Masterful Stab"],"picked":"Caltrops"},{"not_picked":["Quick Slash","Sucker Punch"],"picked":"PiercingWail"}],"player_experience":116623,"potions_floor_usage":[],"damage_taken":[{"damage":4.0,"enemies":"Blue Slaver","floor":1.0,"turns":6.0},{"damage":1.0,"enemies":"Cultist","floor":5.0,"turns":4.0},{"damage":5.0,"enemies":"Small Slimes","floor":7.0,"turns":5.0},{"damage":6.0,"enemies":"2 Fungi Beasts","floor":12.0,"turns":4.0},{"damage":12.0,"enemies":"Lots of Slimes","floor":13.0,"turns":6.0},{"damage":6.0,"enemies":"Looter","floor":14.0,"turns":3.0},{"damage":53.0,"enemies":"Slime Boss","floor":16.0,"turns":11.0},{"damage":34.0,"enemies":"Spheric Guardian","floor":18.0,"turns":5.0},{"damage":18.0,"enemies":"Shell Parasite","floor":20.0,"turns":5.0},{"damage":16.0,"enemies":"Centurion and Healer","floor":24.0,"turns":7.0},{"damage":13.0,"enemies":"Snecko","floor":29.0,"turns":5.0},{"damage":44.0,"enemies":"Cultist and Chosen","floor":31.0,"turns":8.0},{"damage":56.0,"enemies":"Champ","floor":33.0,"turns":9.0},{"damage":31,"enemies":"Orb Walker","floor":35,"turns":4},{"damage":23,"enemies":"3 Shapes","floor":37,"turns":6},{"damage":38,"enemies":"Sphere and 2 Shapes","floor":38,"turns":4}],"event_choices":[{"event_name":"Bonfire Elementals","player_choice":"BASIC","floor":3.0,"damage_taken":0.0},{"event_name":"Living Wall","player_choice":"Grow","floor":4.0,"damage_taken":0.0},{"event_name":"The Woman in Blue","player_choice":"Bought 0 Potions","floor":8.0,"damage_taken":0.0},{"event_name":"Transmorgrifier","player_choice":"Transform","floor":19.0,"damage_taken":0.0},{"event_name":"The Library","player_choice":"Read","floor":21.0,"damage_taken":0.0},{"event_name":"Match and Keep!","player_choice":"1 cards matched","floor":36,"damage_taken":0}],"boss_relics":[{"not_picked":["Pandora\u0027s Box","Question Card"],"picked":"Lizard Tail"}],"potions_floor_spawned":[1,5,16,18,29,31,37],"seed_played":"4556812340345999846","killed_by":"Sphere and 2 Shapes","ascension_level":0,"is_trial":false}