{"gold_per_floor":[109,126,136,67,82,82,94,94,117,42,42,62,62,73,73,178,178,194,9,20,33,33,33,62,62,107,107,107,107,118,39,39,39],"floor_reached":33,"playtime":1233,"items_purged":["Strike_R","Strike_R"],"score":321,"play_id":"18d2f51b-e4d4-4a36-b3d0-73a4081acda9","local_time":"20181201194631","is_ascension_mode":true,"campfire_choices":[{"data":"Heavy Blade","floor":6.0,"key":"SMITH"},{"data":"Inflame","floor":11.0,"key":"SMITH"},{"data":"Inflame","floor":13.0,"key":"SMITH"},{"floor":15.0,"key":"REST"},{"floor":23,"key":"REST"},{"floor":25,"key":"REST"},{"floor":32,"key":"REST"}],"neow_cost":"NONE","seed_source_timestamp":1522677862705523,"circlet_count":0,"master_deck":["Strike_R","Strike_R","Defend_R","Defend_R","Defend_R","Defend_R","Bash","Inflame+1","Dual Wield","Inflame+1","Heavy Blade+1","Disarm","Cleave","Heavy Blade","Demon Form","Ghostly Armor+1","Shrug It Off","Battle Trance","True Grit","Whirlwind","RitualDagger","Heavy Blade","Inflame"],"special_seed":0,"relics":["Burning Blood","NeowsBlessing","GremlinMask","Bag of Preparation","Mark of Pain","Centennial Puzzle","Strawberry"],"potions_floor_usage":[20,24,33],"damage_taken":[{"damage":0.0,"enemies":"Jaw Worm","floor":1.0,"turns":1.0},{"damage":0.0,"enemies":"Cultist","floor":2.0,"turns":1.0},{"damage":0.0,"enemies":"2 Louse","floor":3.0,"turns":1.0},{"damage":21.0,"enemies":"Large Slime","floor":5.0,"turns":5.0},{"damage":20.0,"enemies":"Gremlin Gang","floor":7.0,"turns":4.0},{"damage":13.0,"enemies":"Blue Slaver","floor":12.0,"turns":5.0},{"damage":18.0,"enemies":"Large Slime","floor":14.0,"turns":4.0},{"damage":33.0,"enemies":"Slime Boss","floor":16.0,"turns":8.0},{"damage":39,"enemies":"2 Thieves","floor":18,"turns":3},{"damage":13,"enemies":"Spheric Guardian","floor":20,"turns":4},{"damage":11,"enemies":"Snecko","floor":21,"turns":4},{"damage":38,"enemies":"Book of Stabbing","floor":24,"turns":7},{"damage":34,"enemies":"Shelled Parasite and Fungi","floor":30,"turns":5},{"damage":62,"enemies":"Automaton","floor":33,"turns":6}],"seed_played":"-7377180158493573880","potions_obtained":[{"floor":1.0,"key":"Dexterity Potion"},{"floor":5.0,"key":"Poison Potion"},{"floor":16.0,"key":"Weak Potion"},{"floor":18,"key":"Block Potion"},{"floor":20,"key":"FearPotion"},{"floor":30,"key":"FearPotion"}],"is_trial":false,"path_per_floor":["M","M","M","$","M","R","M","?","T","$","R","M","R","M","R","B",null,"M","$","M","M","$","R","E","R","T","$","?","?","M","$","R","B"],"character_chosen":"IRONCLAD","items_purchased":["Inflame","Shrug It Off","Battle Trance","Inflame"],"campfire_rested":4,"item_purchase_floors":[4,19,19,31],"current_hp_per_floor":[80,80,80,80,65,65,51,51,51,51,51,44,44,32,56,29,67,34,34,27,22,22,46,14,38,45,45,39,39,11,11,37,0],"gold":39,"neow_bonus":"THREE_ENEMY_KILL","is_prod":false,"is_daily":false,"chose_seed":false,"campfire_upgraded":3,"win_rate":0,"timestamp":1543711591,"path_taken":["M","M","M","$","M","R","M","?","T","?","R","?","R","M","R","BOSS","M","$","M","?","$","R","E","R","T","?","?","?","M","$","R","BOSS"],"build_version":"2018-11-15","purchased_purges":2,"victory":false,"max_hp_per_floor":[80,80,80,80,80,80,80,80,80,80,80,80,80,80,80,80,80,80,80,80,80,80,80,80,80,87,87,87,87,87,87,87,87],"card_choices":[{"not_picked":["Feel No Pain","Flex"],"picked":"Inflame","floor":1.0},{"not_picked":["Intimidate","Clothesline"],"picked":"Dual Wield","floor":2.0},{"not_picked":["Iron Wave","Armaments","Headbutt"],"picked":"SKIP","floor":3.0},{"not_picked":["Blood for Blood","Warcry"],"picked":"Heavy Blade","floor":5.0},{"not_picked":["Cleave","Havoc"],"picked":"Disarm","floor":7.0},{"not_picked":["Wild Strike","Anger"],"picked":"Cleave","floor":12.0},{"not_picked":["Impervious","Flame Barrier"],"picked":"Heavy Blade","floor":14.0},{"not_picked":["Offering","Bludgeon"],"picked":"Demon Form","floor":16.0},{"not_picked":["Armaments","Perfected Strike"],"picked":"Ghostly Armor+1","floor":18},{"not_picked":["Battle Trance+1","Fire Breathing+1"],"picked":"True Grit","floor":20},{"not_picked":["Wild Strike","Clothesline+1"],"picked":"Whirlwind","floor":21},{"not_picked":["Corruption","Dark Embrace","Cleave"],"picked":"SKIP","floor":24},{"not_picked":["Body Slam","Wild Strike+1"],"picked":"Heavy Blade","floor":30}],"player_experience":856820,"relics_obtained":[{"floor":9.0,"key":"Bag of Preparation"},{"floor":24,"key":"Centennial Puzzle"},{"floor":26,"key":"Strawberry"}],"event_choices":[{"damage_healed":0.0,"max_hp_gain":0.0,"max_hp_loss":0.0,"gold_gain":0.0,"event_name":"FaceTrader","player_choice":"Trade","floor":8.0,"gold_loss":0.0,"damage_taken":0.0,"relics_obtained":["GremlinMask"]},{"damage_healed":0,"gold_gain":0,"player_choice":"Joined the Cult","damage_taken":6,"max_hp_gain":0,"max_hp_loss":0,"event_name":"Nest","floor":28,"gold_loss":0,"cards_obtained":["RitualDagger"]},{"cards_removed":["Strike_R"],"damage_healed":0,"gold_gain":0,"player_choice":"Offered Basic","damage_taken":0,"max_hp_gain":0,"max_hp_loss":0,"event_name":"Bonfire Elementals","floor":29,"gold_loss":0}],"is_beta":false,"boss_relics":[{"not_picked":["Calling Bell","Velvet Choker"],"picked":"Mark of Pain"}],"items_purged_floors":[10,19],"is_endless":false,"potions_floor_spawned":[1,5,16,18,20,30],"killed_by":"Automaton","ascension_level":5}