{"gold_per_floor":[219,144,154,154,166,166,196,196,268,193,193,208,233,233,233,233],"floor_reached":16,"playtime":824,"items_purged":["Defend_B"],"score":266,"play_id":"9164f3e7-715a-45a0-bcab-e3b9206f816d","local_time":"20181226082100","is_ascension_mode":true,"campfire_choices":[{"data":"Zap","floor":6,"key":"SMITH"},{"data":"Creative AI","floor":8,"key":"SMITH"},{"data":"Ball Lightning","floor":11,"key":"SMITH"},{"data":"Sunder","floor":15,"key":"SMITH"}],"neow_cost":"NONE","seed_source_timestamp":393365606351830,"circlet_count":0,"master_deck":["AscendersBane","Strike_B","Strike_B","Strike_B","Defend_B","Defend_B","Defend_B","Zap+1","Dualcast","Ball Lightning+1","Chill","Hologram","Creative AI+1","Hello World","Sunder+1"],"relics":["Cracked Core","Omamori","Meat on the Bone","Torii","Golden Idol"],"potions_floor_usage":[13,13,13,16],"damage_taken":[{"damage":2,"enemies":"Jaw Worm","floor":1,"turns":3},{"damage":0,"enemies":"2 Louse","floor":3,"turns":2},{"damage":4,"enemies":"Cultist","floor":5,"turns":4},{"damage":24,"enemies":"3 Sentries","floor":7,"turns":8},{"damage":18,"enemies":"Lots of Slimes","floor":12,"turns":5},{"damage":0,"enemies":"Gremlin Nob","floor":13,"turns":2},{"damage":40,"enemies":"The Guardian","floor":16,"turns":6}],"seed_played":"-7069870544418660562","potions_obtained":[{"floor":3,"key":"Block Potion"},{"floor":4,"key":"EntropicBrew"},{"floor":4,"key":"FearPotion"}],"is_trial":false,"path_per_floor":["M","?","M","?","M","R","E","R","T","$","R","M","E","?","R","B"],"character_chosen":"DEFECT","items_purchased":[],"campfire_rested":0,"item_purchase_floors":[],"current_hp_per_floor":[62,62,62,62,58,58,34,34,34,34,34,28,40,40,40,0],"gold":233,"neow_bonus":"HUNDRED_GOLD","is_prod":false,"is_daily":false,"chose_seed":false,"campfire_upgraded":4,"win_rate":0,"timestamp":1545841260,"path_taken":["M","?","M","?","?","R","E","R","T","?","R","M","E","?","R","BOSS"],"build_version":"2018-12-25","purchased_purges":1,"victory":false,"max_hp_per_floor":[71,71,71,71,71,71,71,71,71,71,71,71,71,71,71,71],"card_choices":[{"not_picked":["Barrage","FTL"],"picked":"Ball Lightning","floor":1},{"not_picked":["Beam Cell","Stack"],"picked":"Chill","floor":3},{"not_picked":["Leap","Streamline"],"picked":"Hologram","floor":5},{"not_picked":["Redo","Gash"],"picked":"Creative AI","floor":7},{"not_picked":["Turbo","Heatsinks"],"picked":"Hello World","floor":12},{"not_picked":["Tempest","Stack"],"picked":"Sunder","floor":13}],"player_experience":4082607,"relics_obtained":[{"floor":7,"key":"Omamori"},{"floor":9,"key":"Meat on the Bone"},{"floor":13,"key":"Torii"}],"event_choices":[{"cards_removed":["Strike_B"],"damage_healed":0,"gold_gain":0,"player_choice":"Card Removal","damage_taken":0,"max_hp_gain":0,"max_hp_loss":0,"event_name":"The Cleric","floor":2,"gold_loss":75},{"damage_healed":0,"gold_gain":0,"player_choice":"Got Potions","damage_taken":0,"max_hp_gain":0,"max_hp_loss":0,"event_name":"Lab","floor":4,"gold_loss":0},{"damage_healed":0,"gold_gain":0,"player_choice":"Take Wound","damage_taken":0,"relics_obtained":["Golden Idol"],"max_hp_gain":0,"max_hp_loss":0,"event_name":"Golden Idol","floor":14,"gold_loss":0,"cards_obtained":["Injury"]}],"is_beta":true,"boss_relics":[],"items_purged_floors":[10],"is_endless":false,"potions_floor_spawned":[3,5,7],"killed_by":"The Guardian","ascension_level":20}