{"gold_per_floor":[112,125,141,116,116,116,191,218,241,268,268,268,282,309,309,404,404,424,444,396,410,426,426,444,106,106,106,121,121,71,85,85,190,190,207,207,171,186,186,219,319,329,380,380],"floor_reached":44,"playtime":4267,"items_purged":[],"score":585,"play_id":"37529df4-dc44-4b08-b93f-cfa8cffef2bd","local_time":"20190224223528","is_ascension_mode":true,"campfire_choices":[{"data":"Shrug It Off","floor":6,"key":"SMITH"},{"data":"Iron Wave","floor":11,"key":"SMITH"},{"data":"Iron Wave","floor":15,"key":"SMITH"},{"floor":23,"key":"REST"},{"floor":32,"key":"REST"}],"neow_cost":"NONE","seed_source_timestamp":84285539851761,"circlet_count":0,"master_deck":["Strike_R","Strike_R","Defend_R","Defend_R","Defend_R","Defend_R","Bash+1","Carnage","Pommel Strike+1","Iron Wave","Iron Wave+1","Shrug It Off+1","Uppercut+1","Bash","Iron Wave+1","Demon Form","True Grit+1","Cleave","Shrug It Off","Battle Trance","Disarm","Shrug It Off","Writhe","Impervious","Intimidate","Double Tap","Body Slam+1","Shrug It Off+1","Clash+1","Pummel","Seeing Red","Heavy Blade","Rage+1","Intimidate+1"],"relics":["Burning Blood","Boot","Whetstone","Bag of Marbles","Dream Catcher","Mark of Pain","Dead Branch","Self Forming Clay","Centennial Puzzle","Astrolabe","Orichalcum","Shovel","Ancient Tea Set"],"potions_floor_usage":[29,31,33,40],"damage_taken":[{"damage":1,"enemies":"Cultist","floor":1,"turns":3},{"damage":11,"enemies":"Small Slimes","floor":2,"turns":4},{"damage":1,"enemies":"2 Louse","floor":3,"turns":2},{"damage":24,"enemies":"Gremlin Nob","floor":8,"turns":4},{"damage":10,"enemies":"Large Slime","floor":13,"turns":5},{"damage":8,"enemies":"3 Sentries","floor":14,"turns":8},{"damage":24,"enemies":"Slime Boss","floor":16,"turns":11},{"damage":10,"enemies":"2 Thieves","floor":18,"turns":4},{"damage":5,"enemies":"Chosen","floor":19,"turns":3},{"damage":13,"enemies":"Snake Plant","floor":21,"turns":4},{"damage":47,"enemies":"Shelled Parasite and Fungi","floor":22,"turns":7},{"damage":35,"enemies":"Snecko","floor":24,"turns":6},{"damage":3,"enemies":"Centurion and Healer","floor":28,"turns":7},{"damage":9,"enemies":"Colosseum Slavers","floor":29,"turns":8},{"damage":7,"enemies":"Sentry and Sphere","floor":31,"turns":10},{"damage":8,"enemies":"Champ","floor":33,"turns":9},{"damage":8,"enemies":"Orb Walker","floor":35,"turns":3},{"damage":17,"enemies":"3 Shapes","floor":38,"turns":4},{"damage":9,"enemies":"Nemesis","floor":40,"turns":9},{"damage":24,"enemies":"Mind Bloom Boss Battle","floor":41,"turns":7},{"damage":29,"enemies":"Jaw Worm Horde","floor":42,"turns":5},{"damage":17,"enemies":"Writhing Mass","floor":44,"turns":10}],"seed_played":"-7897738299131960423","potions_obtained":[{"floor":13,"key":"Weak Potion"},{"floor":14,"key":"Dexterity Potion"},{"floor":16,"key":"Block Potion"},{"floor":33,"key":"Strength Potion"},{"floor":35,"key":"Block Potion"},{"floor":41,"key":"Dexterity Potion"}],"is_trial":false,"path_per_floor":["M","M","M","$","?","R","?","E","T","T","R","?","M","E","R","B",null,"M","M","$","M","M","R","M","$","T","?","M","?","?","M","R","B",null,"M","$","$","M","?","E","?","M","T","M"],"character_chosen":"IRONCLAD","items_purchased":["Shrug It Off","Shrug It Off","Dead Branch","Shrug It Off","Pummel"],"campfire_rested":2,"item_purchase_floors":[4,20,25,25,37],"current_hp_per_floor":[80,75,80,80,80,80,69,51,51,51,51,51,47,45,45,27,67,63,64,64,57,16,40,11,11,11,11,14,11,11,10,34,32,68,66,66,66,55,55,52,34,11,11,0],"gold":380,"neow_bonus":"THREE_CARDS","is_prod":false,"is_daily":false,"chose_seed":false,"campfire_upgraded":3,"win_rate":0,"timestamp":1551047728,"path_taken":["M","M","M","?","?","R","?","E","T","?","R","?","M","E","R","BOSS","M","M","$","?","M","R","M","?","T","?","M","?","?","M","R","BOSS","M","?","$","M","?","E","?","M","T","M"],"build_version":"2019-01-23","purchased_purges":0,"victory":false,"max_hp_per_floor":[80,80,80,80,80,80,80,80,80,80,80,80,80,80,80,80,80,80,80,80,80,80,80,80,80,80,80,80,80,80,80,80,80,80,80,80,80,80,80,80,80,80,80,80],"card_choices":[{"not_picked":["Sentinel","Flex"],"picked":"Carnage","floor":0},{"not_picked":["Heavy Blade","Sever Soul"],"picked":"Pommel Strike","floor":1},{"not_picked":["Flex","Juggernaut"],"picked":"Iron Wave","floor":2},{"not_picked":["Clash","Havoc"],"picked":"Iron Wave","floor":3},{"not_picked":["Warcry","Battle Trance"],"picked":"Uppercut","floor":8},{"not_picked":["Heavy Blade","Body Slam","Sever Soul"],"picked":"SKIP","floor":13},{"not_picked":["Uppercut","Battle Trance"],"picked":"Iron Wave","floor":14},{"not_picked":["Limit Break","Feed"],"picked":"Demon Form","floor":16},{"not_picked":["Headbutt+1","Heavy Blade"],"picked":"True Grit+1","floor":18},{"not_picked":["Seeing Red","Heavy Blade"],"picked":"Cleave","floor":19},{"not_picked":["Burning Pact","Body Slam"],"picked":"Battle Trance","floor":21},{"not_picked":["Perfected Strike","Bludgeon","Cleave"],"picked":"SKIP","floor":22},{"not_picked":["Clash","Cleave"],"picked":"Disarm","floor":23},{"not_picked":["Flex","Uppercut","Havoc"],"picked":"SKIP","floor":24},{"not_picked":["Sword Boomerang","Searing Blow"],"picked":"Impervious","floor":28},{"not_picked":["True Grit","Combust+1","Pommel Strike"],"picked":"SKIP","floor":31},{"not_picked":["Pommel Strike","Anger"],"picked":"Intimidate","floor":32},{"not_picked":["Demon Form","Fiend Fire"],"picked":"Double Tap","floor":33},{"not_picked":["Battle Trance","Rampage","Body Slam+1"],"picked":"SKIP","floor":35},{"not_picked":["Flex+1","True Grit"],"picked":"Seeing Red","floor":38},{"not_picked":["Clothesline+1","Dual Wield"],"picked":"Heavy Blade","floor":40},{"not_picked":["Searing Blow+1","Anger+1"],"picked":"Rage+1","floor":41},{"not_picked":["Pommel Strike+1","Iron Wave"],"picked":"Intimidate+1","floor":42}],"player_experience":553049,"relics_obtained":[{"floor":8,"key":"Boot"},{"floor":9,"key":"Whetstone"},{"floor":10,"key":"Bag of Marbles"},{"floor":14,"key":"Dream Catcher"},{"floor":26,"key":"Self Forming Clay"},{"floor":40,"key":"Orichalcum"},{"floor":41,"key":"Shovel"},{"floor":43,"key":"Ancient Tea Set"}],"event_choices":[{"damage_healed":0,"gold_gain":0,"player_choice":"Grow","damage_taken":0,"max_hp_gain":0,"max_hp_loss":0,"event_name":"Living Wall","floor":5,"gold_loss":0,"cards_upgraded":["Bash"]},{"damage_healed":0,"gold_gain":75,"player_choice":"Gather Gold","damage_taken":11,"max_hp_gain":0,"max_hp_loss":0,"event_name":"World of Goop","floor":7,"gold_loss":0},{"damage_healed":0,"gold_gain":0,"player_choice":"1 cards matched","damage_taken":0,"max_hp_gain":0,"max_hp_loss":0,"event_name":"Match and Keep!","floor":12,"gold_loss":0,"cards_obtained":["Bash"]},{"damage_healed":0,"gold_gain":0,"player_choice":"Opened","damage_taken":0,"relics_obtained":["Centennial Puzzle"],"max_hp_gain":0,"max_hp_loss":0,"event_name":"The Mausoleum","floor":27,"gold_loss":0,"cards_obtained":["Writhe"]},{"damage_healed":0,"gold_gain":0,"player_choice":"Fight","damage_taken":0,"max_hp_gain":0,"max_hp_loss":0,"event_name":"Colosseum","floor":29,"gold_loss":0},{"damage_healed":0,"gold_gain":0,"player_choice":"Fled From Nobs","damage_taken":0,"max_hp_gain":0,"max_hp_loss":0,"event_name":"Colosseum","floor":29,"gold_loss":0},{"damage_healed":0,"gold_gain":0,"player_choice":"Bet on Owner","damage_taken":0,"max_hp_gain":0,"max_hp_loss":0,"event_name":"The Joust","floor":30,"gold_loss":50},{"damage_healed":0,"gold_gain":0,"player_choice":"Ignored","damage_taken":0,"max_hp_gain":0,"max_hp_loss":0,"event_name":"Mysterious Sphere","floor":39,"gold_loss":0},{"damage_healed":0,"gold_gain":0,"player_choice":"Fight","damage_taken":0,"max_hp_gain":0,"max_hp_loss":0,"event_name":"MindBloom","floor":41,"gold_loss":0}],"is_beta":false,"boss_relics":[{"not_picked":["Philosopher\u0027s Stone","Orrery"],"picked":"Mark of Pain"},{"not_picked":["Empty Cage","Snecko Eye"],"picked":"Astrolabe"}],"items_purged_floors":[],"is_endless":false,"potions_floor_spawned":[13,14,16,18,19,28,29,33,35,41],"killed_by":"Writhing Mass","ascension_level":5}