{"gold_per_floor":[111,111,128,128,53,53,3,3,3,39,39,60,60,79,79,79],"floor_reached":16,"playtime":833,"items_purged":["Strike_G"],"score":166,"play_id":"1aaf5f2c-9d40-43f6-b302-9d20adf4a278","local_time":"20181109231919","is_ascension_mode":true,"campfire_choices":[{"data":"Neutralize","floor":6,"key":"SMITH"},{"data":"Footwork","floor":11,"key":"SMITH"},{"floor":15,"key":"REST"}],"neow_cost":"NONE","seed_source_timestamp":531773013526970,"circlet_count":0,"master_deck":["Defend_G","Defend_G","Defend_G","Defend_G","Strike_G","Strike_G","Strike_G","Survivor","Neutralize+1","Footwork+1","Heel Hook","Leg Sweep","Backflip"],"relics":["Ring of the Snake","NeowsBlessing","Golden Idol","Regal Pillow","Centennial Puzzle"],"potions_floor_usage":[16,16,16,16,16],"damage_taken":[{"damage":0,"enemies":"Jaw Worm","floor":1,"turns":1},{"damage":0,"enemies":"2 Louse","floor":3,"turns":1},{"damage":0,"enemies":"3 Sentries","floor":10,"turns":1},{"damage":4,"enemies":"Small Slimes","floor":12,"turns":6},{"damage":11,"enemies":"Looter","floor":14,"turns":3},{"damage":90,"enemies":"Slime Boss","floor":16,"turns":28}],"seed_played":"5461254700732738758","potions_obtained":[{"floor":1,"key":"Regen Potion"},{"floor":12,"key":"SteroidPotion"},{"floor":13,"key":"EntropicBrew"},{"floor":13,"key":"AttackPotion"}],"is_trial":false,"path_per_floor":["M","?","M","?","$","R","?","$","T","E","R","M","?","M","R","B"],"character_chosen":"THE_SILENT","items_purchased":[],"campfire_rested":1,"item_purchase_floors":[],"current_hp_per_floor":[63,56,56,39,39,39,39,39,39,39,39,35,35,24,60,0],"gold":79,"neow_bonus":"THREE_ENEMY_KILL","is_prod":false,"is_daily":false,"chose_seed":false,"campfire_upgraded":2,"win_rate":0,"timestamp":1541823559,"path_taken":["M","?","M","?","$","R","?","?","T","E","R","M","?","?","R","BOSS"],"build_version":"2018-11-08","purchased_purges":1,"victory":false,"max_hp_per_floor":[70,70,70,70,70,70,70,70,70,70,70,70,70,70,70,70],"card_choices":[{"not_picked":["Expertise","Acrobatics"],"picked":"Footwork","floor":1},{"not_picked":["Deadly Poison","Cloak And Dagger"],"picked":"Heel Hook","floor":3},{"not_picked":["Poisoned Stab","Deadly Poison","Dagger Spray"],"picked":"SKIP","floor":10},{"not_picked":["Crippling Poison","Slice"],"picked":"Leg Sweep","floor":12},{"not_picked":["Outmaneuver","Backflip","Dodge and Roll"],"picked":"SKIP","floor":14},{"not_picked":["Outmaneuver","Dodge and Roll"],"picked":"Backflip","floor":14}],"player_experience":779023,"relics_obtained":[{"floor":9,"key":"Regal Pillow"},{"floor":10,"key":"Centennial Puzzle"}],"event_choices":[{"cards_removed":["Strike_G"],"damage_healed":0,"gold_gain":0,"player_choice":"Card Removal","damage_taken":7,"max_hp_gain":0,"max_hp_loss":0,"event_name":"Golden Wing","floor":2,"gold_loss":0},{"damage_healed":0,"gold_gain":0,"player_choice":"Take Damage","damage_taken":17,"relics_obtained":["Golden Idol"],"max_hp_gain":0,"max_hp_loss":0,"event_name":"Golden Idol","floor":4,"gold_loss":0},{"cards_removed":["Defend_G"],"damage_healed":0,"gold_gain":0,"player_choice":"Card Removal","damage_taken":0,"max_hp_gain":0,"max_hp_loss":0,"event_name":"The Cleric","floor":7,"gold_loss":50},{"damage_healed":0,"gold_gain":0,"player_choice":"Got Potions","damage_taken":0,"max_hp_gain":0,"max_hp_loss":0,"event_name":"Lab","floor":13,"gold_loss":0}],"is_beta":false,"boss_relics":[],"items_purged_floors":[5],"is_endless":false,"potions_floor_spawned":[1,12],"killed_by":"Slime Boss","ascension_level":7}