{"path_per_floor":["M","$","?","M","M","R","M","$","T","M","E","M","T","?","R","B",null,"M","$","?","M"],"character_chosen":"IRONCLAD","items_purchased":["Anchor","Armaments","War Paint","Lantern","Vajra","Rampage"],"gold_per_floor":[360,21,21,41,60,60,79,4,29,48,83,98,152,327,327,451,489,513,42,42,33],"floor_reached":22,"campfire_rested":0,"playtime":1471,"current_hp_per_floor":[80,80,60,66,78,78,79,79,79,82,82,82,82,82,82,36,87,39,39,23,29],"items_purged":["Clumsy","Doubt"],"gold":33,"score":186,"play_id":"b25faad5-5871-4362-ab8e-e538b0cceb9f","is_prod":false,"is_daily":false,"is_ascension_mode":false,"campfire_upgraded":2,"path_taken":["M","$","?","M","M","R","M","$","T","M","E","?","?","?","R","BOSS","M","$","?","M","M"],"build_version":"2018-02-22-PROD2","purchased_purges":2,"victory":false,"master_deck":["Strike_R","Strike_R","Strike_R","Strike_R","Strike_R","Defend_R","Defend_R+1","Defend_R","Defend_R+1","Bash+1","Sever Soul","Armaments+1","Reaper","Twin Strike","Heavy Blade","Berserk","Pommel Strike+1","Brutality","Rampage","Rampage","Necronomicurse","Inflame"],"max_hp_per_floor":[80,80,80,80,80,80,80,80,80,82,82,82,82,82,82,82,87,89,89,89,89],"relics":["Burning Blood","Anchor","War Paint","Golden Idol","Singing Bowl","Bottled Lightning","Prayer Wheel","Tiny House","Lantern","Vajra","Necronomicon"],"card_choices":[{"not_picked":["Warcry","Metallicize"],"picked":"Sever Soul"},{"not_picked":["Flame Barrier","True Grit"],"picked":"Reaper"},{"not_picked":["Anger","Rupture"],"picked":"Twin Strike"},{"not_picked":["Havoc","Cleave"],"picked":"Heavy Blade"},{"not_picked":["Pummel","Heavy Blade"],"picked":"Berserk"},{"not_picked":["Sword Boomerang","Iron Wave"],"picked":"Pommel Strike"},{"not_picked":["Reaper","Exhume"],"picked":"Brutality"},{"not_picked":["Dropkick","Thunderclap"],"picked":"Rampage"},{"not_picked":["Perfected Strike","Anger"],"picked":"Inflame"}],"player_experience":50221,"potions_floor_usage":[16,16,16],"damage_taken":[{"damage":1,"enemies":"Cultist","floor":1,"turns":4},{"damage":0,"enemies":"2 Louse","floor":4,"turns":3},{"damage":0,"enemies":"Small Slimes","floor":5,"turns":3},{"damage":11,"enemies":"Gremlin Gang","floor":7,"turns":5},{"damage":0,"enemies":"Exordium Thugs","floor":10,"turns":4},{"damage":11,"enemies":"3 Sentries","floor":11,"turns":8},{"damage":5,"enemies":"3 Louse","floor":12,"turns":3},{"damage":72,"enemies":"Slime Boss","floor":16,"turns":12},{"damage":61,"enemies":"Chosen","floor":18,"turns":8},{"damage":10,"enemies":"2 Thieves","floor":21,"turns":4},{"damage":34,"enemies":"Snake Plant","floor":22,"turns":4}],"event_choices":[{"event_name":"Golden Idol","player_choice":"Take Damage","floor":3,"damage_taken":0},{"event_name":"Liars Game","player_choice":"agreed","floor":14,"damage_taken":0},{"event_name":"Cursed Tome","player_choice":"Obtained Book","floor":20,"damage_taken":0}],"boss_relics":[{"not_picked":["Snecko Eye","Mark of Pain"],"picked":"Tiny House"}],"potions_floor_spawned":[1,5,11,18],"seed_played":"2982933581129129120","killed_by":"Snake Plant","ascension_level":0,"is_trial":false}