{"gold_per_floor":[218,231,231,7,21,54,54,0,0,25,35,54,87,87,87,166,166,182,182,182,200,34,59,59,69,69,69,118,118,150,162,162,237,237,256,1,18,35,1034,1066,55,87,110,110,110,130,145,179,179,179,179],"floor_reached":51,"playtime":3907,"items_purged":["Normality"],"score":1711,"play_id":"891b4d2a-a08a-41aa-b321-b26d8fda2387","local_time":"20181226025115","is_ascension_mode":true,"campfire_choices":[{"data":"Sweeping Beam","floor":7,"key":"SMITH"},{"floor":15,"key":"REST"},{"floor":24,"key":"REST"},{"data":"Armaments","floor":27,"key":"SMITH"},{"data":"A Thousand Cuts","floor":29,"key":"SMITH"},{"floor":32,"key":"REST"},{"floor":45,"key":"RECALL"},{"data":"Heatsinks","floor":49,"key":"SMITH"}],"neow_cost":"NONE","seed_source_timestamp":370498584913882,"circlet_count":0,"master_deck":["AscendersBane","Defend_B","Defend_B","Defend_B","Sweeping Beam+1","Ball Lightning","Cloak And Dagger","Armaments+1","Glacier","Feed","FTL","A Thousand Cuts+1","Consume","Bite","Bite","Bite","Bite","Bite","Dodge and Roll+1","Anger","Glacier","Adrenaline","Blizzard+1","Biased Cognition+1","Doom and Gloom+1","Coolheaded","Defragment","Disarm+1","Normality","Static Discharge","Defragment","Self Repair","Self Repair","Heatsinks+1","Heatsinks","Capacitor","Heatsinks","Echo Form","Capacitor","Darkness","Master of Strategy","Thinking Ahead"],"relics":["Cracked Core","Ginger","PrismaticShard","Orichalcum","Mummified Hand","Darkstone Periapt","Sozu","Enchiridion","Bag of Preparation","Unceasing Top","Symbiotic Virus","Vajra","PreservedInsect","Astrolabe","ClockworkSouvenir","The Courier","DataDisk","OrangePellets","Frozen Egg 2","Lantern","Strawberry"],"potions_floor_usage":[6,16,18],"damage_taken":[{"damage":3,"enemies":"2 Louse","floor":1,"turns":2},{"damage":0,"enemies":"Cultist","floor":2,"turns":3},{"damage":7,"enemies":"Jaw Worm","floor":5,"turns":4},{"damage":3,"enemies":"Gremlin Nob","floor":6,"turns":3},{"damage":17,"enemies":"Lagavulin","floor":10,"turns":8},{"damage":0,"enemies":"2 Fungi Beasts","floor":11,"turns":3},{"damage":3,"enemies":"Large Slime","floor":12,"turns":7},{"damage":13,"enemies":"3 Sentries","floor":13,"turns":6},{"damage":43,"enemies":"Slime Boss","floor":16,"turns":12},{"damage":16,"enemies":"Shell Parasite","floor":18,"turns":7},{"damage":0,"enemies":"3 Byrds","floor":21,"turns":2},{"damage":30,"enemies":"Book of Stabbing","floor":23,"turns":4},{"damage":0,"enemies":"Snecko","floor":25,"turns":6},{"damage":34,"enemies":"Slavers","floor":30,"turns":5},{"damage":8,"enemies":"Centurion and Healer","floor":31,"turns":3},{"damage":40,"enemies":"Automaton","floor":33,"turns":10},{"damage":5,"enemies":"3 Shapes","floor":35,"turns":2},{"damage":5,"enemies":"3 Darklings","floor":37,"turns":3},{"damage":2,"enemies":"Writhing Mass","floor":38,"turns":10},{"damage":4,"enemies":"Nemesis","floor":40,"turns":7},{"damage":33,"enemies":"Reptomancer","floor":42,"turns":4},{"damage":0,"enemies":"Sphere and 2 Shapes","floor":46,"turns":5},{"damage":0,"enemies":"Maw","floor":47,"turns":5},{"damage":18,"enemies":"Nemesis","floor":48,"turns":7},{"damage":0,"enemies":"Time Eater","floor":50,"turns":25},{"damage":97,"enemies":"Awakened One","floor":51,"turns":3}],"seed_played":"-8480548243966443846","potions_obtained":[{"floor":2,"key":"Explosive Potion"},{"floor":5,"key":"PowerPotion"},{"floor":16,"key":"Swift Potion"}],"is_trial":false,"path_per_floor":["M","M","?","$","M","E","R","$","T","E","M","M","E","?","R","B",null,"M","?","?","M","$","E","R","M","T","R","T","R","E","M","R","B",null,"M","$","M","M","?","E","$","E","T","?","R","M","M","E","R","B","B"],"character_chosen":"DEFECT","items_purchased":["PrismaticShard","SteroidPotion","Bag of Preparation","ClockworkSouvenir","Defragment","DataDisk","OrangePellets","Static Discharge","Defragment","Self Repair","Self Repair","Heatsinks","Heatsinks","Capacitor","Heatsinks","Echo Form","Capacitor"],"campfire_rested":3,"item_purchase_floors":[4,8,22,36,36,41,41,41,41,41,41,41,41,41,41,41,41],"current_hp_per_floor":[61,61,61,61,54,51,51,51,51,34,34,34,21,21,43,3,59,47,47,26,30,30,10,26,40,40,40,40,40,14,13,31,25,56,54,54,54,66,78,78,78,66,66,56,56,67,78,85,85,89,0],"gold":179,"neow_bonus":"HUNDRED_GOLD","is_prod":false,"is_daily":false,"chose_seed":false,"campfire_upgraded":4,"win_rate":0,"timestamp":1545821475,"path_taken":["M","M","?","$","?","E","R","$","T","E","M","M","E","?","R","BOSS","M","?","?","M","$","E","R","M","T","R","?","R","E","?","R","BOSS","M","$","M","M","?","E","$","E","T","?","R","M","M","E","R","BOSS","BOSS"],"build_version":"2018-12-25","purchased_purges":1,"victory":false,"max_hp_per_floor":[71,71,71,71,71,71,71,71,71,71,71,74,74,74,74,77,77,81,56,56,56,56,56,56,59,59,59,59,59,63,63,63,66,66,66,66,66,66,78,78,78,78,78,78,78,78,78,85,85,89,89],"card_choices":[{"not_picked":["Streamline","Fusion"],"picked":"Sweeping Beam","floor":1},{"not_picked":["Steam","Heatsinks"],"picked":"Ball Lightning","floor":2},{"not_picked":["Clash","Whirlwind"],"picked":"Cloak And Dagger","floor":5},{"not_picked":["Trip","Seeing Red"],"picked":"Armaments","floor":6},{"not_picked":["Dodge and Roll","Setup"],"picked":"Glacier","floor":10},{"not_picked":["Dagger Spray","Calculated Gamble"],"picked":"Feed","floor":11},{"not_picked":["Hemokinesis","Leap"],"picked":"FTL","floor":12},{"not_picked":["Thunderclap","Blade Dance","Quick Slash"],"picked":"SKIP","floor":13},{"not_picked":["Brutality","Buffer"],"picked":"A Thousand Cuts","floor":16},{"not_picked":["Gash","Bane"],"picked":"Consume","floor":18},{"not_picked":["Dramatic Entrance","Gash"],"picked":"Dodge and Roll+1","floor":21},{"not_picked":["Bouncing Flask","Clash","Sever Soul"],"picked":"SKIP","floor":23},{"not_picked":["Forethought","Outmaneuver"],"picked":"Anger","floor":25},{"not_picked":["Endless Agony","Prepared"],"picked":"Glacier","floor":30},{"not_picked":["Dodge and Roll","Havoc","Panacea"],"picked":"SKIP","floor":31},{"not_picked":["Reaper","Glass Knife"],"picked":"Adrenaline","floor":33},{"not_picked":["Discovery","Cold Snap"],"picked":"Coolheaded","floor":35},{"not_picked":["Storm","Sweeping Beam"],"picked":"Disarm+1","floor":37},{"not_picked":["Lockon","Go for the Eyes","Armaments"],"picked":"SKIP","floor":38},{"not_picked":["Blood for Blood+1","Burning Pact","Cleave"],"picked":"SKIP","floor":40},{"not_picked":["Impatience","Backflip"],"picked":"Darkness","floor":42},{"not_picked":["Secret Technique","Bandage Up"],"picked":"Master of Strategy","floor":44},{"not_picked":["Forethought","Swift Strike"],"picked":"Thinking Ahead","floor":44},{"not_picked":["Prepared","Sweeping Beam","Infernal Blade"],"picked":"SKIP","floor":46},{"not_picked":["Perfected Strike","Bane","Catalyst"],"picked":"SKIP","floor":47},{"not_picked":["Quick Slash","Go for the Eyes","Rip and Tear"],"picked":"SKIP","floor":48}],"player_experience":4072421,"relics_obtained":[{"floor":6,"key":"Orichalcum"},{"floor":10,"key":"Mummified Hand"},{"floor":13,"key":"Darkstone Periapt"},{"floor":20,"key":"Enchiridion"},{"floor":23,"key":"Unceasing Top"},{"floor":26,"key":"Symbiotic Virus"},{"floor":28,"key":"Vajra"},{"floor":30,"key":"PreservedInsect"},{"floor":40,"key":"The Courier"},{"floor":42,"key":"Frozen Egg 2"},{"floor":43,"key":"Lantern"},{"floor":48,"key":"Strawberry"}],"event_choices":[{"damage_healed":0,"gold_gain":0,"player_choice":"Gave Potion","damage_taken":0,"relics_obtained":["Ginger"],"max_hp_gain":0,"max_hp_loss":0,"event_name":"WeMeetAgain","floor":3,"gold_loss":0},{"damage_healed":0,"gold_gain":0,"player_choice":"Fled","damage_taken":0,"max_hp_gain":0,"max_hp_loss":0,"event_name":"Scrap Ooze","floor":14,"gold_loss":0},{"damage_healed":0,"gold_gain":0,"player_choice":"Became a vampire","damage_taken":0,"max_hp_gain":0,"max_hp_loss":25,"event_name":"Vampires","floor":19,"gold_loss":0,"cards_obtained":["Bite","Bite","Bite","Bite","Bite"]},{"damage_healed":0,"gold_gain":0,"player_choice":"Obtained Book","damage_taken":21,"max_hp_gain":0,"max_hp_loss":0,"event_name":"Cursed Tome","floor":20,"gold_loss":0},{"damage_healed":0,"gold_gain":999,"player_choice":"Gold","damage_taken":0,"max_hp_gain":0,"max_hp_loss":0,"event_name":"MindBloom","floor":39,"gold_loss":0,"cards_obtained":["Normality","Normality"]},{"damage_healed":0,"gold_gain":0,"player_choice":"Memory 3","damage_taken":10,"max_hp_gain":0,"max_hp_loss":0,"event_name":"SensoryStone","floor":44,"gold_loss":0}],"is_beta":true,"boss_relics":[{"not_picked":["Busted Crown","Velvet Choker"],"picked":"Sozu"},{"not_picked":["Snecko Eye","Cursed Key"],"picked":"Astrolabe"}],"items_purged_floors":[41],"is_endless":false,"potions_floor_spawned":[2,5,16,18,21,23,40,46],"killed_by":"Awakened One","ascension_level":20}