{"gold_per_floor":[117,292,262,282,299,299,327,45,45,45,45,45,63,80,80,80],"floor_reached":16,"playtime":934,"items_purged":["Doubt"],"score":160,"play_id":"e9f6e5b1-c3a7-4ee3-97c1-525847947d40","local_time":"20190302163036","is_ascension_mode":true,"campfire_choices":[{"data":"Skewer","floor":6,"key":"SMITH"},{"data":"Dodge and Roll","floor":10,"key":"SMITH"},{"data":"Poisoned Stab","floor":12,"key":"SMITH"},{"data":"Survivor","floor":15,"key":"SMITH"}],"neow_cost":"NONE","seed_source_timestamp":248952698138735,"circlet_count":0,"master_deck":["AscendersBane","Defend_G","Defend_G","Defend_G","Defend_G","Defend_G","Strike_G","Strike_G","Strike_G","Strike_G","Strike_G","Survivor+1","Neutralize+1","Poisoned Stab+1","Skewer+1","Dodge and Roll+1","Crippling Poison"],"relics":["Ring of the Snake","Pear","PrismaticShard","Tingsha"],"potions_floor_usage":[7,7,7,14,16,16],"damage_taken":[{"damage":1,"enemies":"Jaw Worm","floor":1,"turns":5},{"damage":0,"enemies":"Small Slimes","floor":4,"turns":4},{"damage":0,"enemies":"Cultist","floor":5,"turns":3},{"damage":4,"enemies":"Gremlin Nob","floor":7,"turns":4},{"damage":0,"enemies":"Red Slaver","floor":13,"turns":2},{"damage":7,"enemies":"Exordium Thugs","floor":14,"turns":5},{"damage":62,"enemies":"Slime Boss","floor":16,"turns":9}],"seed_played":"-6125261845122828817","potions_obtained":[{"floor":3,"key":"EntropicBrew"},{"floor":3,"key":"EssenceOfSteel"},{"floor":7,"key":"Ancient Potion"},{"floor":14,"key":"GamblersBrew"}],"is_trial":false,"path_per_floor":["M","?","?","M","M","R","E","$","T","R","$","R","M","M","R","B"],"character_chosen":"THE_SILENT","items_purchased":["PrismaticShard"],"campfire_rested":0,"item_purchase_floors":[8],"current_hp_per_floor":[62,62,62,62,62,62,68,68,68,68,68,68,68,61,61,0],"gold":80,"neow_bonus":"UPGRADE_CARD","is_prod":false,"is_daily":false,"chose_seed":false,"campfire_upgraded":4,"win_rate":0,"timestamp":1551562236,"path_taken":["M","?","?","?","M","R","E","$","T","R","?","R","M","M","R","BOSS"],"build_version":"2019-01-23","purchased_purges":1,"victory":false,"max_hp_per_floor":[70,70,70,70,70,70,80,80,80,80,80,80,80,80,80,80],"card_choices":[{"not_picked":["Backflip","Finisher"],"picked":"Poisoned Stab","floor":1},{"not_picked":["Eviscerate","Footwork"],"picked":"Skewer","floor":4},{"not_picked":["Bane","Endless Agony"],"picked":"Dodge and Roll","floor":5},{"not_picked":["Underhanded Strike","Quick Slash","Catalyst"],"picked":"SKIP","floor":7},{"not_picked":["Go for the Eyes","Expertise"],"picked":"Crippling Poison","floor":13},{"not_picked":["Enlightenment","Consume","Crippling Poison"],"picked":"SKIP","floor":14}],"player_experience":339586,"relics_obtained":[{"floor":7,"key":"Pear"},{"floor":9,"key":"Tingsha"}],"event_choices":[{"damage_healed":0,"gold_gain":175,"player_choice":"AGREE","damage_taken":0,"max_hp_gain":0,"max_hp_loss":0,"event_name":"Liars Game","floor":2,"gold_loss":0,"cards_obtained":["Doubt"]},{"damage_healed":0,"gold_gain":0,"player_choice":"Bought 2 Potions","damage_taken":0,"max_hp_gain":0,"max_hp_loss":0,"event_name":"The Woman in Blue","floor":3,"gold_loss":0}],"is_beta":false,"boss_relics":[],"items_purged_floors":[8],"is_endless":false,"potions_floor_spawned":[7,14],"killed_by":"Slime Boss","ascension_level":12}