{"gold_per_floor":[111,61,61,61,79,104,104,114,140,140,157,173,173,206,206,307,307,320,310,320,85,85,85,111,123,153,171,189,218,233,243,243,339,339,355,372,419,435,33,68,68,99,123,123,123,123,136,156,156,156],"floor_reached":51,"playtime":9085,"items_purged":["Strike_G","Strike_G"],"score":861,"play_id":"68285195-b899-4446-80e3-852016569cb8","local_time":"20190226112219","is_ascension_mode":false,"campfire_choices":[{"data":"Escape Plan","floor":10,"key":"SMITH"},{"data":"Dash","floor":13,"key":"SMITH"},{"floor":15,"key":"REST"},{"data":"Burst","floor":23,"key":"SMITH"},{"data":"Burst","floor":32,"key":"SMITH"},{"data":"Well Laid Plans","floor":41,"key":"SMITH"},{"data":"Secret Technique","floor":46,"key":"SMITH"},{"data":"Adrenaline","floor":49,"key":"SMITH"}],"neow_cost":"NONE","seed_source_timestamp":82141372907900,"circlet_count":0,"master_deck":["Defend_G","Defend_G","Defend_G","Defend_G","Defend_G","Strike_G+1","Strike_G+1","Survivor","Neutralize+1","Infinite Blades","Escape Plan+1","Dash+1","Well Laid Plans+1","Backflip","PiercingWail","Burst+1","Escape Plan+1","Cloak And Dagger","Burst+1","Leg Sweep","Crippling Poison","Deadly Poison","Bouncing Flask","Infinite Blades","Deflect","Adrenaline+1","Outmaneuver+1","Concentrate+1","Endless Agony","Leg Sweep","Infinite Blades","Crippling Poison+1","Dodge and Roll+1","Secret Technique+1","Panacea","Panacea"],"relics":["Ring of the Snake","NeowsBlessing","Potion Belt","PreservedInsect","Happy Flower","Coffee Dripper","Ninja Scroll","Tiny Chest","Dead Branch","Lizard Tail","Bird Faced Urn","Juzu Bracelet","Regal Pillow","Art of War","Snake Skull"],"potions_floor_usage":[18,20,24,27,29,31,31,33,36,50],"damage_taken":[{"damage":0,"enemies":"Cultist","floor":1,"turns":1},{"damage":0,"enemies":"2 Louse","floor":5,"turns":1},{"damage":0,"enemies":"Gremlin Nob","floor":6,"turns":1},{"damage":0,"enemies":"Small Slimes","floor":8,"turns":3},{"damage":5,"enemies":"3 Louse","floor":11,"turns":4},{"damage":4,"enemies":"Exordium Thugs","floor":12,"turns":7},{"damage":14,"enemies":"Lagavulin","floor":14,"turns":7},{"damage":24,"enemies":"Hexaghost","floor":16,"turns":16},{"damage":0,"enemies":"Spheric Guardian","floor":18,"turns":4},{"damage":5,"enemies":"2 Thieves","floor":19,"turns":4},{"damage":3,"enemies":"Snake Plant","floor":20,"turns":6},{"damage":1,"enemies":"Book of Stabbing","floor":24,"turns":10},{"damage":8,"enemies":"Shelled Parasite and Fungi","floor":25,"turns":8},{"damage":2,"enemies":"3 Cultists","floor":27,"turns":9},{"damage":0,"enemies":"Centurion and Healer","floor":28,"turns":9},{"damage":0,"enemies":"Slavers","floor":29,"turns":5},{"damage":0,"enemies":"Shelled Parasite and Fungi","floor":30,"turns":5},{"damage":0,"enemies":"Cultist and Chosen","floor":31,"turns":3},{"damage":9,"enemies":"Automaton","floor":33,"turns":11},{"damage":0,"enemies":"Orb Walker","floor":35,"turns":4},{"damage":0,"enemies":"3 Darklings","floor":36,"turns":2},{"damage":16,"enemies":"2 Orb Walkers","floor":37,"turns":6},{"damage":0,"enemies":"Jaw Worm Horde","floor":38,"turns":6},{"damage":0,"enemies":"Giant Head","floor":40,"turns":6},{"damage":0,"enemies":"Reptomancer","floor":42,"turns":5},{"damage":6,"enemies":"Spire Growth","floor":47,"turns":5},{"damage":0,"enemies":"Transient","floor":48,"turns":5},{"damage":8,"enemies":"Donu and Deca","floor":50,"turns":9}],"seed_played":"3434144921494493846","potions_obtained":[{"floor":1,"key":"Dexterity Potion"},{"floor":6,"key":"AttackPotion"},{"floor":12,"key":"AttackPotion"},{"floor":14,"key":"Block Potion"},{"floor":16,"key":"Poison Potion"},{"floor":20,"key":"AttackPotion"},{"floor":24,"key":"SteroidPotion"},{"floor":25,"key":"AttackPotion"},{"floor":28,"key":"Swift Potion"},{"floor":30,"key":"SteroidPotion"},{"floor":31,"key":"Explosive Potion"},{"floor":33,"key":"Poison Potion"},{"floor":38,"key":"Strength Potion"}],"is_trial":false,"path_per_floor":["M","?","?","?","M","E","?","M","T","R","M","M","R","E","R","B",null,"M","M","M","$","?","R","E","M","T","M","M","E","M","M","R","B",null,"M","M","?","M","$","E","R","E","T","$","?","R","M","M","R","B",null],"character_chosen":"THE_SILENT","items_purchased":["Burst","Infinite Blades","Juzu Bracelet","GhostInAJar"],"campfire_rested":1,"item_purchase_floors":[21,39,39,39],"current_hp_per_floor":[70,70,56,61,61,61,61,61,61,61,56,52,52,38,60,36,75,75,70,67,67,53,53,52,44,44,42,42,42,42,42,42,33,80,80,80,64,70,70,80,80,80,80,80,70,70,74,80,80,80],"gold":156,"neow_bonus":"THREE_ENEMY_KILL","is_prod":false,"is_daily":false,"chose_seed":false,"campfire_upgraded":7,"win_rate":0,"timestamp":1551198139,"path_taken":["M","?","?","?","M","E","?","M","T","R","?","M","R","E","R","BOSS","M","M","M","$","?","R","E","M","T","M","M","E","M","M","R","BOSS","M","M","?","M","$","E","R","E","T","$","?","R","M","M","R","BOSS"],"build_version":"2019-01-23","purchased_purges":2,"victory":true,"max_hp_per_floor":[70,70,70,75,75,75,75,75,75,75,75,75,75,75,75,75,75,75,75,75,75,80,80,80,80,80,80,80,80,80,80,80,80,80,80,80,80,80,80,80,80,80,80,80,80,80,80,80,80,80],"card_choices":[{"not_picked":["Crippling Poison","Choke"],"picked":"Infinite Blades","floor":1},{"not_picked":["Finisher","Acrobatics"],"picked":"Escape Plan","floor":5},{"not_picked":["Blade Dance","Noxious Fumes"],"picked":"Dash","floor":6},{"not_picked":["Caltrops","Underhanded Strike"],"picked":"Well Laid Plans","floor":8},{"not_picked":["Poisoned Stab","Deflect"],"picked":"Backflip","floor":11},{"not_picked":["Sucker Punch","Concentrate"],"picked":"PiercingWail","floor":12},{"not_picked":["Masterful Stab","Setup","Dagger Throw"],"picked":"SKIP","floor":14},{"not_picked":["Night Terror","A Thousand Cuts"],"picked":"Burst","floor":16},{"not_picked":["Flying Knee","Skewer"],"picked":"Escape Plan+1","floor":18},{"not_picked":["Dagger Throw","Sucker Punch","Reflex"],"picked":"SKIP","floor":19},{"not_picked":["Bane","Accuracy"],"picked":"Cloak And Dagger","floor":20},{"not_picked":["Riddle With Holes","Bane+1"],"picked":"Leg Sweep","floor":24},{"not_picked":["Poisoned Stab","Terror"],"picked":"Crippling Poison","floor":25},{"not_picked":["Dash","Underhanded Strike"],"picked":"Deadly Poison","floor":27},{"not_picked":["Dagger Throw+1","Expertise"],"picked":"Bouncing Flask","floor":28},{"not_picked":["All Out Attack+1","Dagger Spray+1"],"picked":"Infinite Blades","floor":29},{"not_picked":["Predator","Tactician","Dagger Spray+1"],"picked":"SKIP","floor":30},{"not_picked":["Masterful Stab","Grand Finale"],"picked":"Deflect","floor":31},{"not_picked":["A Thousand Cuts","Bullet Time"],"picked":"Adrenaline","floor":33},{"not_picked":["Deflect+1","Backstab"],"picked":"Outmaneuver+1","floor":35},{"not_picked":["Poisoned Stab+1","Bane"],"picked":"Concentrate+1","floor":36},{"not_picked":["Tactician","Predator"],"picked":"Endless Agony","floor":37},{"not_picked":["Prepared+1","Dagger Throw+1"],"picked":"Leg Sweep","floor":38},{"not_picked":["Poisoned Stab+1","Glass Knife"],"picked":"Crippling Poison+1","floor":40},{"not_picked":["Reflex","Deflect+1"],"picked":"Dodge and Roll+1","floor":42},{"not_picked":["Impatience","Finesse"],"picked":"Secret Technique","floor":45},{"not_picked":["HandOfGreed","Dramatic Entrance"],"picked":"Panacea","floor":45},{"not_picked":["Swift Strike","Enlightenment"],"picked":"Panacea","floor":45},{"not_picked":["Dodge and Roll","Flechettes","Choke+1"],"picked":"SKIP","floor":47},{"not_picked":["Distraction","Outmaneuver+1","Bane"],"picked":"SKIP","floor":48}],"player_experience":1356398,"relics_obtained":[{"floor":6,"key":"Potion Belt"},{"floor":9,"key":"PreservedInsect"},{"floor":14,"key":"Happy Flower"},{"floor":24,"key":"Ninja Scroll"},{"floor":26,"key":"Tiny Chest"},{"floor":29,"key":"Dead Branch"},{"floor":37,"key":"Bird Faced Urn"},{"floor":40,"key":"Regal Pillow"},{"floor":42,"key":"Art of War"},{"floor":43,"key":"Snake Skull"}],"event_choices":[{"cards_removed":["Strike_G"],"damage_healed":0,"gold_gain":0,"player_choice":"Card Removal","damage_taken":0,"max_hp_gain":0,"max_hp_loss":0,"event_name":"The Cleric","floor":2,"gold_loss":50},{"damage_healed":0,"gold_gain":0,"player_choice":"Entered Light","damage_taken":14,"max_hp_gain":0,"max_hp_loss":0,"event_name":"Shining Light","floor":3,"gold_loss":0,"cards_upgraded":["Strike_G","Strike_G"]},{"damage_healed":0,"gold_gain":0,"player_choice":"Donut","damage_taken":0,"max_hp_gain":5,"max_hp_loss":0,"event_name":"Big Fish","floor":4,"gold_loss":0},{"damage_healed":0,"gold_gain":0,"player_choice":"Upgraded","damage_taken":0,"max_hp_gain":0,"max_hp_loss":0,"event_name":"Upgrade Shrine","floor":7,"gold_loss":0,"cards_upgraded":["Neutralize"]},{"damage_healed":0,"gold_gain":0,"player_choice":"Shed Blood","damage_taken":19,"max_hp_gain":5,"max_hp_loss":0,"event_name":"Forgotten Altar","floor":22,"gold_loss":0},{"damage_healed":0,"gold_gain":0,"player_choice":"Fight","damage_taken":0,"max_hp_gain":0,"max_hp_loss":0,"event_name":"Mysterious Sphere","floor":37,"gold_loss":0},{"damage_healed":0,"gold_gain":0,"player_choice":"Memory 3","damage_taken":10,"max_hp_gain":0,"max_hp_loss":0,"event_name":"SensoryStone","floor":45,"gold_loss":0}],"is_beta":false,"boss_relics":[{"not_picked":["Tiny House","Eternal Feather"],"picked":"Coffee Dripper"},{"not_picked":["Calling Bell","Busted Crown"],"picked":"Lizard Tail"}],"items_purged_floors":[21,39],"is_endless":false,"potions_floor_spawned":[1,6,12,14,16,20,24,25,28,30,31,33,38,40,42,48],"ascension_level":0}