{"gold_per_floor":[116,116,134,284,298,298,18,43,88,101,101,131,147,166,166,242,242,254,254,265,44,44,44,76,94,94,94,121,140,140,153,153,227,227,239,249,249,199,199,225,236,236,261,273,283,283,313,324,324,324,324,324,324,48,74,74],"floor_reached":57,"playtime":4341,"items_purged":["Doubt","Writhe","Strike_B","Writhe"],"score":2988,"play_id":"a8c33478-22b1-44bf-9787-9d966523f4ae","local_time":"20181225131708","is_ascension_mode":true,"campfire_choices":[{"data":"Zap","floor":6,"key":"SMITH"},{"data":"Defragment","floor":11,"key":"SMITH"},{"data":"Electrodynamics","floor":15,"key":"SMITH"},{"data":"Seek","floor":27,"key":"SMITH"},{"data":"Coolheaded","floor":30,"key":"SMITH"},{"data":"Coolheaded","floor":32,"key":"SMITH"},{"floor":42,"key":"REST"},{"floor":46,"key":"REST"},{"floor":49,"key":"RECALL"},{"floor":53,"key":"REST"}],"neow_cost":"NONE","seed_source_timestamp":321176750211766,"circlet_count":0,"master_deck":["AscendersBane","Strike_B","Strike_B","Strike_B","Defend_B","Defend_B","Defend_B","Defend_B","Zap+1","Dualcast","Conserve Battery","Sweeping Beam","Electrodynamics+1","Genetic Algorithm","Defragment+1","Ball Lightning","Echo Form","Cold Snap+1","Glacier","Ghostly","Ghostly","Ghostly","Seek+1","Coolheaded+1","Coolheaded+1","Thunder Strike+1","Coolheaded","Buffer","Glacier","Storm","Thunder Strike+1","Defragment","Storm"],"relics":["Cracked Core","Vajra","Bag of Preparation","Lantern","Smiling Mask","Emotion Chip","Nuclear Battery","Molten Egg 2","Bronze Scales","Singing Bowl","Ornamental Fan","FossilizedHelix","Cursed Key","Dream Catcher","Calipers","Boot"],"potions_floor_usage":[10,16,24,47,51,56,56],"damage_taken":[{"damage":2,"enemies":"Jaw Worm","floor":1,"turns":3},{"damage":0,"enemies":"2 Louse","floor":3,"turns":3},{"damage":0,"enemies":"Small Slimes","floor":5,"turns":3},{"damage":12,"enemies":"3 Sentries","floor":8,"turns":3},{"damage":5,"enemies":"Gremlin Gang","floor":10,"turns":3},{"damage":20,"enemies":"Lagavulin","floor":12,"turns":7},{"damage":1,"enemies":"Blue Slaver","floor":13,"turns":3},{"damage":0,"enemies":"3 Louse","floor":14,"turns":2},{"damage":11,"enemies":"Hexaghost","floor":16,"turns":6},{"damage":12,"enemies":"Chosen","floor":18,"turns":3},{"damage":10,"enemies":"Shell Parasite","floor":20,"turns":4},{"damage":1,"enemies":"Gremlin Leader","floor":24,"turns":6},{"damage":0,"enemies":"3 Cultists","floor":25,"turns":4},{"damage":0,"enemies":"Slavers","floor":28,"turns":3},{"damage":0,"enemies":"Snake Plant","floor":29,"turns":5},{"damage":0,"enemies":"Centurion and Healer","floor":31,"turns":7},{"damage":0,"enemies":"Collector","floor":33,"turns":8},{"damage":0,"enemies":"3 Shapes","floor":35,"turns":2},{"damage":0,"enemies":"Orb Walker","floor":36,"turns":3},{"damage":33,"enemies":"Giant Head","floor":40,"turns":8},{"damage":0,"enemies":"4 Shapes","floor":41,"turns":4},{"damage":0,"enemies":"Sphere and 2 Shapes","floor":44,"turns":5},{"damage":12,"enemies":"Jaw Worm Horde","floor":45,"turns":5},{"damage":0,"enemies":"Reptomancer","floor":47,"turns":8},{"damage":0,"enemies":"Transient","floor":48,"turns":6},{"damage":0,"enemies":"Donu and Deca","floor":50,"turns":8},{"damage":33,"enemies":"Time Eater","floor":51,"turns":14},{"damage":6,"enemies":"Shield and Spear","floor":55,"turns":5},{"damage":22,"enemies":"The Heart","floor":56,"turns":9}],"seed_played":"-3918176940111170139","potions_obtained":[{"floor":5,"key":"Poison Potion"},{"floor":10,"key":"AttackPotion"},{"floor":13,"key":"FocusPotion"},{"floor":20,"key":"Ancient Potion"},{"floor":25,"key":"Strength Potion"},{"floor":41,"key":"Block Potion"},{"floor":45,"key":"PowerPotion"},{"floor":47,"key":"PowerPotion"}],"is_trial":false,"path_per_floor":["M","?","M","?","M","R","$","E","T","M","R","E","M","M","R","B",null,"M","?","M","$","?","$","E","M","T","R","E","M","R","M","R","B",null,"M","M","?","$","?","E","M","R","T","M","M","R","E","M","R","B","B",null,"R","$","E","B",null],"character_chosen":"DEFECT","items_purchased":["Bag of Preparation","Genetic Algorithm","Bronze Scales","Storm","Swift Potion","GamblersBrew"],"campfire_rested":3,"item_purchase_floors":[7,7,21,54,54,54],"current_hp_per_floor":[62,67,67,67,67,67,67,55,55,50,50,30,29,29,29,18,62,50,50,40,40,38,38,37,39,39,39,39,39,39,41,41,41,42,44,44,44,44,44,11,13,26,26,28,16,32,32,34,34,34,1,39,52,52,48,26],"gold":74,"neow_bonus":"RANDOM_COMMON_RELIC","is_prod":false,"is_daily":false,"chose_seed":false,"campfire_upgraded":6,"win_rate":0,"timestamp":1545772628,"path_taken":["M","?","M","?","M","R","$","E","T","M","R","E","M","M","R","BOSS","M","?","M","$","?","$","E","M","T","R","E","M","R","M","R","BOSS","M","M","?","$","?","E","?","R","T","M","M","R","E","M","R","BOSS","BOSS","R","$","E","BOSS"],"build_version":"2018-12-20","purchased_purges":4,"victory":true,"max_hp_per_floor":[71,76,76,76,76,76,76,76,76,76,76,76,76,76,76,76,76,76,76,76,76,38,38,38,40,40,40,40,40,40,42,42,42,42,44,44,44,44,44,44,46,46,46,48,48,50,50,52,52,52,52,52,52,52,54,54],"card_choices":[{"not_picked":["Beam Cell","Hologram"],"picked":"Conserve Battery","floor":1},{"not_picked":["Conserve Battery","Steam"],"picked":"Sweeping Beam","floor":3},{"not_picked":["Hologram","Cold Snap"],"picked":"Electrodynamics","floor":5},{"not_picked":["Go for the Eyes","Sweeping Beam"],"picked":"Defragment","floor":8},{"not_picked":["Rebound","Redo","Tempest"],"picked":"SKIP","floor":10},{"not_picked":["Steam","Go for the Eyes","Scrape"],"picked":"SKIP","floor":12},{"not_picked":["Force Field","Rebound","Sunder"],"picked":"SKIP","floor":13},{"not_picked":["White Noise","Heatsinks"],"picked":"Ball Lightning","floor":14},{"not_picked":["Rainbow","Electrodynamics"],"picked":"Echo Form","floor":16},{"not_picked":["Hologram","Beam Cell"],"picked":"Cold Snap+1","floor":18},{"not_picked":["Reinforced Body","Turbo"],"picked":"Glacier","floor":20},{"not_picked":["Self Repair","Turbo"],"picked":"Seek","floor":24},{"not_picked":["Turbo","Stack","Compile Driver+1"],"picked":"Singing Bowl","floor":25},{"not_picked":["Rip and Tear+1","Hologram"],"picked":"Coolheaded","floor":28},{"not_picked":["Beam Cell+1","Stack"],"picked":"Coolheaded","floor":29},{"not_picked":["Turbo","Hello World","Gash+1"],"picked":"Singing Bowl","floor":31},{"not_picked":["Amplify","Meteor Strike+1"],"picked":"Thunder Strike+1","floor":33},{"not_picked":["Go for the Eyes+1","Redo+1","Stack+1"],"picked":"Singing Bowl","floor":35},{"not_picked":["Sweeping Beam+1","Conserve Battery"],"picked":"Coolheaded","floor":36},{"not_picked":["Ball Lightning+1","Beam Cell+1"],"picked":"Buffer","floor":40},{"not_picked":["Fusion","Steam+1","Rebound+1"],"picked":"Singing Bowl","floor":41},{"not_picked":["Cold Snap+1","Gash+1"],"picked":"Glacier","floor":42},{"not_picked":["Stack","Barrage+1","Compile Driver+1"],"picked":"Singing Bowl","floor":44},{"not_picked":["Stack","Core Surge+1"],"picked":"Storm","floor":45},{"not_picked":["Ball Lightning+1","Lockon+1","Scrape+1"],"picked":"Singing Bowl","floor":46},{"not_picked":["Rebound+1","Leap+1"],"picked":"Thunder Strike+1","floor":47},{"not_picked":["Melter+1","Darkness","Chaos"],"picked":"Singing Bowl","floor":48},{"not_picked":["Consume","Melter+1"],"picked":"Defragment","floor":53},{"not_picked":["Blizzard+1","Force Field+1","Amplify"],"picked":"Singing Bowl","floor":55}],"player_experience":4035823,"relics_obtained":[{"floor":8,"key":"Lantern"},{"floor":9,"key":"Smiling Mask"},{"floor":12,"key":"Emotion Chip"},{"floor":24,"key":"Singing Bowl"},{"floor":26,"key":"Ornamental Fan"},{"floor":28,"key":"FossilizedHelix"},{"floor":40,"key":"Dream Catcher"},{"floor":47,"key":"Calipers"},{"floor":55,"key":"Boot"}],"event_choices":[{"damage_healed":0,"gold_gain":0,"player_choice":"Donut","damage_taken":0,"max_hp_gain":5,"max_hp_loss":0,"event_name":"Big Fish","floor":2,"gold_loss":0},{"damage_healed":0,"gold_gain":150,"player_choice":"AGREE","damage_taken":0,"max_hp_gain":0,"max_hp_loss":0,"event_name":"Liars Game","floor":4,"gold_loss":0,"cards_obtained":["Doubt"]},{"damage_healed":0,"gold_gain":0,"player_choice":"Opened","damage_taken":0,"relics_obtained":["Molten Egg 2"],"max_hp_gain":0,"max_hp_loss":0,"event_name":"The Mausoleum","floor":19,"gold_loss":0,"cards_obtained":["Writhe"]},{"damage_healed":0,"gold_gain":0,"player_choice":"Became a Ghost","damage_taken":0,"max_hp_gain":0,"max_hp_loss":38,"event_name":"Ghosts","floor":22,"gold_loss":0,"cards_obtained":["Ghostly","Ghostly","Ghostly"]},{"damage_healed":0,"gold_gain":0,"player_choice":"Ignored","damage_taken":0,"max_hp_gain":0,"max_hp_loss":0,"event_name":"Tomb of Lord Red Mask","floor":37,"gold_loss":0},{"damage_healed":0,"gold_gain":0,"player_choice":"Ignored","damage_taken":0,"max_hp_gain":0,"max_hp_loss":0,"event_name":"SecretPortal","floor":39,"gold_loss":0}],"is_beta":true,"boss_relics":[{"not_picked":["Fusion Hammer","Velvet Choker"],"picked":"Nuclear Battery"},{"not_picked":["Orrery","Calling Bell"],"picked":"Cursed Key"}],"items_purged_floors":[7,21,38,54],"is_endless":false,"potions_floor_spawned":[5,10,13,14,20,25,31,36,41,45,47,55],"ascension_level":20}