{"path_per_floor":["M","M","$","M","?","R","M","R","T","R","M","?","M","M","R","B",null,"M","?","?","?","M","R","E"],"character_chosen":"IRONCLAD","items_purchased":["Pommel Strike"],"gold_per_floor":[109,121,70,86,86,86,100,100,100,100,111,61,73,86,86,183,183,197,197,197,197,215,215,244],"floor_reached":25,"campfire_rested":0,"playtime":925,"current_hp_per_floor":[70,70,70,76,76,76,69,69,69,69,75,75,74,70,70,46,80,80,80,80,80,63,63,13],"items_purged":[],"gold":244,"score":256,"play_id":"0ad5dbb1-e6cb-4e1d-9e6f-4de1ac1ee101","local_time":"20180312140058","is_prod":false,"is_daily":false,"is_ascension_mode":true,"campfire_upgraded":4,"timestamp":1520877658,"path_taken":["M","M","$","M","?","R","M","R","T","R","M","?","?","?","R","BOSS","M","?","?","?","M","R","E","M"],"build_version":"2018-03-09","purchased_purges":0,"victory":false,"master_deck":["Strike_R","Strike_R","Strike_R","Strike_R","Strike_R","Defend_R","Defend_R+1","Defend_R+1","Bash","True Grit+1","Perfected Strike+1","Pommel Strike","Warcry","Bash","Twin Strike","Warcry","Perfected Strike+1","Offering","Clumsy","Decay","Writhe","Flex+1","Perfected Strike+1"],"max_hp_per_floor":[80,80,80,80,80,80,80,80,80,80,80,80,80,80,80,80,80,80,80,80,80,80,80,80],"relics":["Burning Blood","Shovel","Lantern","Calling Bell","Shuriken","Blue Candle","War Paint","Unceasing Top","Oddly Smooth Stone"],"card_choices":[{"not_picked":["Clash","Evolve"],"picked":"True Grit"},{"not_picked":["Dual Wield","Havoc"],"picked":"Perfected Strike"},{"not_picked":["Headbutt","Clash"],"picked":"Warcry"},{"not_picked":["Searing Blow","Anger"],"picked":"Twin Strike"},{"not_picked":["Disarm","Armaments"],"picked":"Warcry"},{"not_picked":["True Grit","Pommel Strike"],"picked":"Perfected Strike"},{"not_picked":["Immolate","Berserk"],"picked":"Offering"},{"not_picked":["True Grit","Clothesline"],"picked":"Flex"}],"player_experience":239764,"potions_floor_usage":[14,22,24],"damage_taken":[{"damage":16,"enemies":"2 Louse","floor":1,"turns":4},{"damage":6,"enemies":"Cultist","floor":2,"turns":3},{"damage":0,"enemies":"Small Slimes","floor":4,"turns":3},{"damage":13,"enemies":"Blue Slaver","floor":7,"turns":2},{"damage":0,"enemies":"Large Slime","floor":11,"turns":4},{"damage":7,"enemies":"Exordium Wildlife","floor":13,"turns":3},{"damage":10,"enemies":"Gremlin Gang","floor":14,"turns":3},{"damage":30,"enemies":"Slime Boss","floor":16,"turns":7},{"damage":0,"enemies":"Spheric Guardian","floor":18,"turns":1},{"damage":23,"enemies":"3 Byrds","floor":22,"turns":5},{"damage":56,"enemies":"Book of Stabbing","floor":24,"turns":4},{"damage":21,"enemies":"Snecko","floor":25,"turns":4}],"event_choices":[{"event_name":"Match and Keep!","player_choice":"1 cards matched","floor":5,"damage_taken":0},{"event_name":"The Cleric","player_choice":"Card Removal","floor":12,"damage_taken":0},{"event_name":"The Mausoleum","player_choice":"Yes","floor":19,"damage_taken":0},{"event_name":"The Library","player_choice":"Read","floor":20,"damage_taken":0},{"event_name":"Drug Dealer","player_choice":"Ignored","floor":21,"damage_taken":0}],"boss_relics":[{"not_picked":["Ectoplasm","Lizard Tail"],"picked":"Calling Bell"}],"potions_floor_spawned":[4,11,13,14,16,18],"seed_played":"-207646781045637271","killed_by":"Snecko","ascension_level":4,"is_trial":false}