{"gold_per_floor":[118,118,131,145,163,163,194,194,244,53,53,73,99,109,109,204,204,221,221,234,249,70,96,96,116,143,143,108,138,13,30,30,130,130,142,159,9,28,28,55,72,106,106,106,120,220,236,288,288,288],"floor_reached":51,"playtime":6765,"items_purged":["Defend_B","Defend_B","Defend_B","Strike_B"],"score":890,"play_id":"c73e273b-44aa-4ac4-9a5a-5eef69d794e9","local_time":"20190303215644","is_ascension_mode":true,"campfire_choices":[{"data":"Zap","floor":6,"key":"SMITH"},{"data":"Dualcast","floor":8,"key":"SMITH"},{"floor":11,"key":"REST"},{"data":"Static Discharge","floor":15,"key":"SMITH"},{"data":"Self Repair","floor":27,"key":"SMITH"},{"floor":32,"key":"REST"},{"data":"Hologram","floor":49,"key":"SMITH"}],"neow_cost":"NONE","seed_source_timestamp":732061196045770,"circlet_count":0,"master_deck":["Strike_B","Strike_B","Zap+1","Dualcast+1","Hologram+1","Hologram+1","Cold Snap","Glacier+1","Glacier+1","Chill+1","Static Discharge+1","Consume+1","Force Field+1","Redo+1","Rainbow+1","Leap+1","Double Energy+1","Multi-Cast+1","Self Repair+1","Capacitor+1","Heatsinks+1","Storm+1","Echo Form+1","Darkness+1","Electrodynamics+1","Coolheaded+1"],"relics":["Cracked Core","Oddly Smooth Stone","Toxic Egg 2","Bag of Preparation","Ancient Tea Set","Sundial","Runic Dome","Frozen Egg 2","Bottled Lightning","Busted Crown","Pantograph","Pen Nib","Happy Flower","Unceasing Top","Dead Branch"],"potions_floor_usage":[13,13,23,29],"damage_taken":[{"damage":2,"enemies":"Jaw Worm","floor":1,"turns":4},{"damage":0,"enemies":"Cultist","floor":3,"turns":4},{"damage":1,"enemies":"2 Louse","floor":4,"turns":3},{"damage":12,"enemies":"Exordium Wildlife","floor":5,"turns":5},{"damage":25,"enemies":"Gremlin Nob","floor":7,"turns":6},{"damage":0,"enemies":"2 Fungi Beasts","floor":12,"turns":4},{"damage":5,"enemies":"3 Sentries","floor":13,"turns":12},{"damage":2,"enemies":"Looter","floor":14,"turns":3},{"damage":0,"enemies":"The Guardian","floor":16,"turns":24},{"damage":5,"enemies":"Spheric Guardian","floor":18,"turns":4},{"damage":13,"enemies":"2 Thieves","floor":20,"turns":4},{"damage":13,"enemies":"3 Cultists","floor":21,"turns":6},{"damage":2,"enemies":"Book of Stabbing","floor":23,"turns":6},{"damage":5,"enemies":"Shelled Parasite and Fungi","floor":25,"turns":5},{"damage":20,"enemies":"Gremlin Leader","floor":29,"turns":11},{"damage":0,"enemies":"Snake Plant","floor":31,"turns":3},{"damage":0,"enemies":"Champ","floor":33,"turns":12},{"damage":5,"enemies":"3 Darklings","floor":35,"turns":4},{"damage":9,"enemies":"Orb Walker","floor":36,"turns":2},{"damage":5,"enemies":"Sphere and 2 Shapes","floor":38,"turns":3},{"damage":42,"enemies":"Nemesis","floor":40,"turns":9},{"damage":0,"enemies":"Transient","floor":41,"turns":5},{"damage":21,"enemies":"Giant Head","floor":42,"turns":10},{"damage":0,"enemies":"Writhing Mass","floor":45,"turns":7},{"damage":5,"enemies":"Mind Bloom Boss Battle","floor":46,"turns":5},{"damage":0,"enemies":"3 Darklings","floor":47,"turns":8},{"damage":16,"enemies":"2 Orb Walkers","floor":48,"turns":5},{"damage":2,"enemies":"Awakened One","floor":50,"turns":10}],"seed_played":"4665051230309388764","potions_obtained":[{"floor":1,"key":"AttackPotion"},{"floor":7,"key":"Explosive Potion"},{"floor":12,"key":"SpeedPotion"},{"floor":14,"key":"Energy Potion"},{"floor":16,"key":"Ancient Potion"},{"floor":21,"key":"Weak Potion"},{"floor":31,"key":"SteroidPotion"},{"floor":33,"key":"Poison Potion"},{"floor":35,"key":"EssenceOfSteel"}],"is_trial":false,"path_per_floor":["M","?","M","M","M","R","E","R","T","$","R","M","E","M","R","B",null,"M","?","M","M","$","E","?","M","T","R","$","E","$","M","R","B",null,"M","M","$","M","?","E","M","E","T","$","M","?","M","?","R","B",null],"character_chosen":"DEFECT","items_purchased":["Chill+1","Static Discharge","Self Repair","Storm+1"],"campfire_rested":2,"item_purchase_floors":[10,10,22,28],"current_hp_per_floor":[73,73,73,72,60,60,35,35,35,35,57,57,52,50,50,50,75,70,56,43,30,30,35,35,37,37,37,37,27,27,27,51,61,80,80,71,71,66,66,44,64,63,63,63,80,80,80,74,74,80],"gold":288,"neow_bonus":"RANDOM_COMMON_RELIC","is_prod":false,"is_daily":false,"chose_seed":false,"campfire_upgraded":5,"win_rate":0,"timestamp":1551646604,"path_taken":["M","?","M","?","M","R","E","R","T","$","R","M","E","M","R","BOSS","M","?","M","M","$","E","?","M","T","R","?","E","$","M","R","BOSS","M","M","$","M","?","E","M","E","T","$","M","?","M","?","R","BOSS"],"build_version":"2019-01-23","purchased_purges":4,"victory":true,"max_hp_per_floor":[75,75,75,75,75,75,75,75,75,75,75,75,75,75,75,75,75,75,80,80,80,80,80,80,80,80,80,80,80,80,80,80,80,80,80,80,80,80,80,80,80,80,80,80,80,80,80,80,80,80],"card_choices":[{"not_picked":["Barrage","Leap"],"picked":"Hologram","floor":1},{"not_picked":["Compile Driver","Turbo+1"],"picked":"Hologram+1","floor":3},{"not_picked":["Aggregate+1","Barrage"],"picked":"Cold Snap","floor":4},{"not_picked":["Auto Shields+1","Reinforced Body+1"],"picked":"Glacier+1","floor":5},{"not_picked":["Go for the Eyes","Beam Cell"],"picked":"Glacier+1","floor":7},{"not_picked":["Redo+1","Ball Lightning"],"picked":"Consume+1","floor":12},{"not_picked":["Rebound","Sunder"],"picked":"Force Field+1","floor":13},{"not_picked":["Sweeping Beam","Gash"],"picked":"Redo+1","floor":14},{"not_picked":["Biased Cognition","Core Surge"],"picked":"Rainbow+1","floor":16},{"not_picked":["Sunder","Gash"],"picked":"Leap+1","floor":18},{"not_picked":["Steam+1","Rebound"],"picked":"Double Energy+1","floor":20},{"not_picked":["Gash+1","Auto Shields+1"],"picked":"Multi-Cast+1","floor":21},{"not_picked":["Reinforced Body+1","Chill+1"],"picked":"Capacitor","floor":23},{"not_picked":["Leap+1","Hello World+1"],"picked":"Heatsinks+1","floor":25},{"not_picked":["Force Field+1","Hologram+1"],"picked":"Echo Form+1","floor":29},{"not_picked":["Double Energy+1","Heatsinks+1"],"picked":"Darkness+1","floor":31},{"not_picked":["Seek+1","All For One"],"picked":"Electrodynamics+1","floor":33},{"not_picked":["Compile Driver+1"],"picked":"SKIP","floor":35},{"not_picked":["Stack+1"],"picked":"SKIP","floor":36},{"not_picked":["Stack+1"],"picked":"SKIP","floor":36},{"not_picked":["White Noise+1"],"picked":"SKIP","floor":38},{"not_picked":["Conserve Battery+1"],"picked":"SKIP","floor":40},{"not_picked":["White Noise+1"],"picked":"SKIP","floor":41},{"not_picked":["Capacitor+1"],"picked":"SKIP","floor":42},{"not_picked":[],"picked":"Coolheaded+1","floor":45},{"not_picked":["Rebound"],"picked":"SKIP","floor":47}],"player_experience":433640,"relics_obtained":[{"floor":7,"key":"Bag of Preparation"},{"floor":9,"key":"Ancient Tea Set"},{"floor":13,"key":"Sundial"},{"floor":23,"key":"Frozen Egg 2"},{"floor":29,"key":"Bottled Lightning"},{"floor":40,"key":"Pantograph"},{"floor":42,"key":"Pen Nib"},{"floor":43,"key":"Happy Flower"},{"floor":46,"key":"Unceasing Top"},{"floor":48,"key":"Dead Branch"}],"event_choices":[{"damage_healed":0,"gold_gain":0,"player_choice":"Gave Potion","damage_taken":0,"relics_obtained":["Toxic Egg 2"],"max_hp_gain":0,"max_hp_loss":0,"event_name":"WeMeetAgain","floor":2,"gold_loss":0},{"damage_healed":0,"gold_gain":0,"player_choice":"Shed Blood","damage_taken":19,"max_hp_gain":5,"max_hp_loss":0,"event_name":"Forgotten Altar","floor":19,"gold_loss":0},{"cards_removed":["Defend_B"],"damage_healed":0,"gold_gain":0,"player_choice":"Elegance","damage_taken":0,"max_hp_gain":0,"max_hp_loss":0,"event_name":"Back to Basics","floor":24,"gold_loss":0},{"cards_removed":["Strike_B"],"damage_healed":0,"gold_gain":0,"player_choice":"Removed Attack","damage_taken":0,"max_hp_gain":0,"max_hp_loss":0,"event_name":"Falling","floor":39,"gold_loss":0},{"damage_healed":0,"gold_gain":0,"player_choice":"Fight","damage_taken":0,"max_hp_gain":0,"max_hp_loss":0,"event_name":"MindBloom","floor":46,"gold_loss":0},{"damage_healed":0,"gold_gain":0,"player_choice":"Fight","damage_taken":0,"max_hp_gain":0,"max_hp_loss":0,"event_name":"Mysterious Sphere","floor":48,"gold_loss":0}],"is_beta":false,"boss_relics":[{"not_picked":["Lizard Tail","Black Star"],"picked":"Runic Dome"},{"not_picked":["Pandora\u0027s Box","Empty Cage"],"picked":"Busted Crown"}],"items_purged_floors":[10,22,30,37],"is_endless":false,"potions_floor_spawned":[1,7,12,14,16,21,31,33,35,40,41,42,47],"ascension_level":2}