{"gold_per_floor":[110,128,78,91,16,31,31,61,61,61,236,14,26,58,58,155,155,171,270,270,145,156,156,173,173,197,209,321,346,358],"floor_reached":30,"playtime":1977,"items_purged":["Strike_B","Doubt","Strike_B"],"score":299,"play_id":"ef85388f-c28e-49b4-ad52-2d1f0260e93c","local_time":"20190205194959","is_ascension_mode":true,"campfire_choices":[{"data":"Zap","floor":7,"key":"SMITH"},{"data":"Dualcast","floor":10,"key":"SMITH"},{"floor":15,"key":"REST"},{"data":"Redo","floor":23,"key":"SMITH"},{"data":"Buffer","floor":25,"key":"SMITH"},{"data":"Darkness","floor":27,"key":"SMITH"}],"neow_cost":"NONE","seed_source_timestamp":1411742340249197,"circlet_count":0,"master_deck":["Strike_B","Strike_B","Defend_B","Defend_B","Defend_B","Zap+1","Dualcast+1","Auto Shields","Coolheaded","Loop","Barrage","Capacitor","Cold Snap","Redo+1","Genetic Algorithm","Buffer+1","Sweeping Beam","Capacitor","Darkness+1","Seek","Melter","Capacitor","Fusion"],"relics":["Cracked Core","Boot","Anchor","Mercury Hourglass","Orrery","Pear","MawBank"],"potions_floor_usage":[8,14],"damage_taken":[{"damage":8,"enemies":"Jaw Worm","floor":1,"turns":4},{"damage":0,"enemies":"Small Slimes","floor":2,"turns":3},{"damage":0,"enemies":"2 Louse","floor":4,"turns":1},{"damage":4,"enemies":"2 Fungi Beasts","floor":6,"turns":5},{"damage":27,"enemies":"3 Sentries","floor":8,"turns":9},{"damage":3,"enemies":"Exordium Thugs","floor":13,"turns":4},{"damage":29,"enemies":"Gremlin Nob","floor":14,"turns":4},{"damage":22,"enemies":"Hexaghost","floor":16,"turns":12},{"damage":21,"enemies":"3 Byrds","floor":18,"turns":4},{"damage":13,"enemies":"2 Thieves","floor":22,"turns":4},{"damage":11,"enemies":"Snake Plant","floor":24,"turns":4},{"damage":40,"enemies":"Shelled Parasite and Fungi","floor":29,"turns":8},{"damage":9,"enemies":"Snecko","floor":30,"turns":4}],"seed_played":"-565214030172051171","potions_obtained":[{"floor":1,"key":"SkillPotion"},{"floor":6,"key":"FocusPotion"},{"floor":18,"key":"LiquidBronze"}],"is_trial":false,"path_per_floor":["M","M","?","M","$","M","R","E","T","R","?","$","M","E","R","B",null,"M","?","?","$","M","R","M","R","T","R","?","M","M"],"character_chosen":"DEFECT","items_purchased":["Capacitor","Cold Snap"],"campfire_rested":1,"item_purchase_floors":[12,12],"current_hp_per_floor":[74,74,74,74,74,70,70,43,43,43,43,43,40,11,35,13,82,61,61,71,71,58,58,47,47,47,47,47,7,0],"gold":358,"neow_bonus":"TEN_PERCENT_HP_BONUS","is_prod":false,"is_daily":false,"chose_seed":false,"campfire_upgraded":5,"win_rate":0,"timestamp":1549396199,"path_taken":["M","M","?","M","$","M","R","E","T","R","?","$","M","E","R","BOSS","M","?","?","$","M","R","?","R","T","R","?","M","?"],"build_version":"2019-01-23","purchased_purges":3,"victory":false,"max_hp_per_floor":[82,82,82,82,82,82,82,82,82,82,82,82,82,82,82,82,82,82,82,92,92,92,92,92,92,92,92,92,92,92],"card_choices":[{"not_picked":["Reprogram","Sweeping Beam"],"picked":"Auto Shields","floor":1},{"not_picked":["Blizzard","Fusion"],"picked":"Coolheaded","floor":2},{"not_picked":["Beam Cell","Ball Lightning"],"picked":"Loop","floor":4},{"not_picked":["Recycle","Reprogram","Stack"],"picked":"SKIP","floor":6},{"not_picked":["Core Surge","Compile Driver"],"picked":"Barrage","floor":8},{"not_picked":["Stack","Self Repair"],"picked":"Redo","floor":13},{"not_picked":["Gash","Steam"],"picked":"Genetic Algorithm","floor":14},{"not_picked":["Thunder Strike","Hyperbeam"],"picked":"Buffer","floor":16},{"not_picked":["Ball Lightning","Steam"],"picked":"Sweeping Beam","floor":17},{"not_picked":["Loop","Hologram"],"picked":"Capacitor","floor":17},{"not_picked":["Coolheaded","Go for the Eyes"],"picked":"Darkness","floor":17},{"not_picked":["Beam Cell+1","Sweeping Beam"],"picked":"Seek","floor":18},{"not_picked":["Blizzard","Double Energy"],"picked":"Melter","floor":22},{"not_picked":["Redo","Stack"],"picked":"Capacitor","floor":24},{"not_picked":["Coolheaded","Turbo"],"picked":"Fusion","floor":29}],"player_experience":447207,"relics_obtained":[{"floor":8,"key":"Boot"},{"floor":9,"key":"Anchor"},{"floor":14,"key":"Mercury Hourglass"},{"floor":26,"key":"MawBank"}],"event_choices":[{"cards_removed":["Defend_B"],"damage_healed":0,"gold_gain":0,"player_choice":"Card Removal","damage_taken":0,"max_hp_gain":0,"max_hp_loss":0,"event_name":"The Cleric","floor":3,"gold_loss":50},{"damage_healed":0,"gold_gain":175,"player_choice":"AGREE","damage_taken":0,"max_hp_gain":0,"max_hp_loss":0,"event_name":"Liars Game","floor":11,"gold_loss":0,"cards_obtained":["Doubt"]},{"damage_healed":0,"gold_gain":99,"player_choice":"Stole From Cult","damage_taken":0,"max_hp_gain":0,"max_hp_loss":0,"event_name":"Nest","floor":19,"gold_loss":0},{"damage_healed":0,"gold_gain":0,"player_choice":"Gave Potion","damage_taken":0,"relics_obtained":["Pear"],"max_hp_gain":0,"max_hp_loss":0,"event_name":"WeMeetAgain","floor":20,"gold_loss":0},{"damage_healed":0,"gold_gain":100,"player_choice":"Pray","damage_taken":0,"max_hp_gain":0,"max_hp_loss":0,"event_name":"Golden Shrine","floor":28,"gold_loss":0}],"is_beta":false,"boss_relics":[{"not_picked":["Runic Dome","Tiny House"],"picked":"Orrery"}],"items_purged_floors":[5,12,21],"is_endless":false,"potions_floor_spawned":[1,6,18],"killed_by":"Snecko","ascension_level":3}