{"gold_per_floor":[117,135,210,228,254,286,286,313,313,313,313,245,264,4,4,103,103,123,123,123,133,133,196,196,227,251,251,251],"floor_reached":28,"playtime":1522,"items_purged":[],"score":339,"play_id":"66ad9142-db8a-4683-95f6-723fcac7efd8","local_time":"20181202112010","is_ascension_mode":true,"campfire_choices":[{"data":"Neutralize","floor":7,"key":"SMITH"},{"floor":10,"key":"REST"},{"data":"Caltrops","floor":15,"key":"SMITH"},{"floor":24,"key":"REST"},{"data":"Night Terror","floor":27,"key":"SMITH"}],"neow_cost":"TEN_PERCENT_HP_LOSS","seed_source_timestamp":737969473778779,"circlet_count":0,"master_deck":["Defend_G","Defend_G","Defend_G","Defend_G","Defend_G","Strike_G","Strike_G","Strike_G","Strike_G","Strike_G","Survivor","Neutralize+1","Caltrops+1","Bouncing Flask","Deflect","Caltrops+1","Well Laid Plans","Blur","Night Terror+1","Prepared+1","J.A.X.","Ghostly","Ghostly","Ghostly","Ghostly","Ghostly","Slice","Skewer+1","Cloak And Dagger+1"],"relics":["Ring of the Snake","Mango","Happy Flower","Letter Opener","Bronze Scales","Pantograph","Dodecahedron","Black Star","Blue Candle","Ancient Tea Set","Tiny Chest","Paper Crane","Ninja Scroll","PreservedInsect"],"potions_floor_usage":[6,16],"damage_taken":[{"damage":0,"enemies":"2 Louse","floor":1,"turns":2},{"damage":2,"enemies":"Cultist","floor":2,"turns":4},{"damage":7,"enemies":"Small Slimes","floor":4,"turns":3},{"damage":29,"enemies":"3 Sentries","floor":6,"turns":10},{"damage":41,"enemies":"Gremlin Nob","floor":8,"turns":4},{"damage":8,"enemies":"Blue Slaver","floor":13,"turns":3},{"damage":27,"enemies":"The Guardian","floor":16,"turns":8},{"damage":9,"enemies":"Spheric Guardian","floor":18,"turns":5},{"damage":4,"enemies":"Shell Parasite","floor":21,"turns":4},{"damage":30,"enemies":"Gremlin Leader","floor":23,"turns":7},{"damage":12,"enemies":"Slavers","floor":25,"turns":5},{"damage":3,"enemies":"Snake Plant","floor":28,"turns":2}],"seed_played":"-8877797361605164589","potions_obtained":[{"floor":2,"key":"Regen Potion"},{"floor":6,"key":"LiquidBronze"},{"floor":23,"key":"Explosive Potion"},{"floor":25,"key":"Explosive Potion"}],"is_trial":false,"path_per_floor":["M","M","?","M","T","E","R","E","T","R","?","$","M","$","R","B",null,"M","?","?","M","T","E","R","E","T","R","M"],"character_chosen":"THE_SILENT","items_purchased":["Well Laid Plans","Dodecahedron"],"campfire_rested":2,"item_purchase_floors":[12,14],"current_hp_per_floor":[77,75,68,61,61,47,47,6,6,29,29,29,21,21,21,19,77,68,68,38,34,34,4,15,3,3,3,0],"gold":251,"neow_bonus":"ONE_RARE_RELIC","is_prod":false,"is_daily":false,"chose_seed":false,"campfire_upgraded":3,"win_rate":0,"timestamp":1543767610,"path_taken":["M","M","?","?","?","E","R","E","T","R","?","$","?","$","R","BOSS","M","?","?","M","?","E","R","E","T","R","M"],"build_version":"2018-11-15","purchased_purges":0,"victory":false,"max_hp_per_floor":[77,77,77,77,77,77,77,77,77,77,77,77,77,77,77,77,77,77,77,38,38,38,38,38,38,38,38,38],"card_choices":[{"not_picked":["Backflip","Bane"],"picked":"Caltrops","floor":1},{"not_picked":["Deflect","Skewer"],"picked":"Bouncing Flask","floor":2},{"not_picked":["Slice","Flying Knee"],"picked":"Deflect","floor":4},{"not_picked":["Quick Slash","Underhanded Strike","Sucker Punch"],"picked":"SKIP","floor":6},{"not_picked":["Sucker Punch","Malaise"],"picked":"Caltrops","floor":8},{"not_picked":["Catalyst","Crippling Poison"],"picked":"Blur","floor":13},{"not_picked":["Wraith Form v2","Doppelganger"],"picked":"Night Terror","floor":16},{"not_picked":["Underhanded Strike","Backflip"],"picked":"Prepared+1","floor":18},{"not_picked":["Outmaneuver","Blade Dance"],"picked":"Slice","floor":21},{"not_picked":["Blade Dance+1","Outmaneuver"],"picked":"Skewer+1","floor":23},{"not_picked":["Concentrate","Tactician"],"picked":"Cloak And Dagger+1","floor":25}],"player_experience":241246,"relics_obtained":[{"floor":5,"key":"Happy Flower"},{"floor":6,"key":"Letter Opener"},{"floor":8,"key":"Bronze Scales"},{"floor":9,"key":"Pantograph"},{"floor":22,"key":"Blue Candle"},{"floor":23,"key":"Ancient Tea Set"},{"floor":23,"key":"Tiny Chest"},{"floor":25,"key":"Paper Crane"},{"floor":25,"key":"Ninja Scroll"},{"floor":26,"key":"PreservedInsect"}],"event_choices":[{"damage_healed":0,"gold_gain":75,"player_choice":"Touch","damage_taken":7,"max_hp_gain":0,"max_hp_loss":0,"event_name":"FaceTrader","floor":3,"gold_loss":0},{"damage_healed":0,"gold_gain":0,"player_choice":"Forge","damage_taken":0,"max_hp_gain":0,"max_hp_loss":0,"event_name":"Accursed Blacksmith","floor":11,"gold_loss":0,"cards_upgraded":["Caltrops"]},{"damage_healed":0,"gold_gain":0,"player_choice":"Obtain J.A.X.","damage_taken":0,"max_hp_gain":0,"max_hp_loss":0,"event_name":"Drug Dealer","floor":19,"gold_loss":0,"cards_obtained":["J.A.X."]},{"damage_healed":0,"gold_gain":0,"player_choice":"Became a Ghost","damage_taken":0,"max_hp_gain":0,"max_hp_loss":39,"event_name":"Ghosts","floor":20,"gold_loss":0,"cards_obtained":["Ghostly","Ghostly","Ghostly","Ghostly","Ghostly"]}],"is_beta":false,"boss_relics":[{"not_picked":["HoveringKite","Runic Dome"],"picked":"Black Star"}],"items_purged_floors":[],"is_endless":false,"potions_floor_spawned":[2,6,23,25],"killed_by":"Snake Plant","ascension_level":4}