{"gold_per_floor":[119,5,21,21,89,89,116,116,116,142,192,29,48,65,65,142,142,152,202,252,272,139,139,158,158,181,200,211,211],"floor_reached":29,"playtime":878,"items_purged":["Decay"],"score":423,"play_id":"25acdc3c-aee1-4297-87de-31879dbe3706","local_time":"20190217140729","is_ascension_mode":true,"campfire_choices":[{"data":"Defragment","floor":6,"key":"SMITH"},{"floor":8,"key":"REST"},{"data":"Consume","floor":15,"key":"SMITH"},{"data":"Buffer","floor":23,"key":"SMITH"},{"data":"Go for the Eyes","floor":25,"key":"SMITH"}],"neow_cost":"TEN_PERCENT_HP_LOSS","seed_source_timestamp":15806139997400,"circlet_count":0,"master_deck":["AscendersBane","Strike_B","Strike_B","Strike_B","Defend_B","Defend_B","Defend_B","Defend_B","Zap","Dualcast","Core Surge","Consume+1","Defragment+1","Ball Lightning","Glacier","Sweeping Beam","Parasite","Machine Learning","Buffer+1","Darkness","All For One","Beam Cell+1","Cold Snap","Go for the Eyes+1","FTL"],"relics":["Cracked Core","SsserpentHead","Bird Faced Urn","Meat on the Bone","Happy Flower","Bronze Scales","Sozu","Omamori"],"potions_floor_usage":[10,16,18],"damage_taken":[{"damage":1,"enemies":"Cultist","floor":1,"turns":3},{"damage":4,"enemies":"2 Louse","floor":3,"turns":3},{"damage":11,"enemies":"Jaw Worm","floor":5,"turns":4},{"damage":20,"enemies":"Lagavulin","floor":7,"turns":6},{"damage":21,"enemies":"Gremlin Nob","floor":10,"turns":4},{"damage":5,"enemies":"2 Fungi Beasts","floor":13,"turns":3},{"damage":13,"enemies":"Red Slaver","floor":14,"turns":4},{"damage":36,"enemies":"Hexaghost","floor":16,"turns":8},{"damage":28,"enemies":"2 Thieves","floor":18,"turns":4},{"damage":12,"enemies":"Shell Parasite","floor":21,"turns":6},{"damage":10,"enemies":"Centurion and Healer","floor":24,"turns":7},{"damage":11,"enemies":"Snecko","floor":27,"turns":5},{"damage":0,"enemies":"Sentry and Sphere","floor":28,"turns":4},{"damage":53,"enemies":"Gremlin Leader","floor":29,"turns":6}],"seed_played":"6201528696797331034","potions_obtained":[{"floor":5,"key":"Energy Potion"},{"floor":7,"key":"Dexterity Potion"},{"floor":10,"key":"Weak Potion"}],"is_trial":false,"path_per_floor":["M","$","M","?","M","R","E","R","T","E","?","$","M","M","R","B",null,"M","?","?","M","$","R","M","R","T","M","M","E"],"character_chosen":"DEFECT","items_purchased":["Defragment","Ball Lightning","Bronze Scales","Cold Snap"],"campfire_rested":1,"item_purchase_floors":[2,2,12,22],"current_hp_per_floor":[63,63,59,59,48,48,28,47,47,40,56,56,53,44,44,24,54,44,44,44,38,38,38,44,44,44,37,43,0],"gold":211,"neow_bonus":"THREE_RARE_CARDS","is_prod":false,"is_daily":false,"chose_seed":false,"campfire_upgraded":4,"win_rate":0,"timestamp":1550408849,"path_taken":["M","$","M","?","?","R","E","R","T","E","?","$","M","M","R","BOSS","M","?","?","M","$","R","M","R","T","M","M","E"],"build_version":"2019-01-23","purchased_purges":1,"victory":false,"max_hp_per_floor":[64,64,64,64,64,64,64,64,64,64,64,64,64,64,64,64,64,64,64,64,64,64,64,64,64,64,64,64,64],"card_choices":[{"not_picked":["Amplify","Rainbow"],"picked":"Core Surge","floor":0},{"not_picked":["Compile Driver","Steam Power"],"picked":"Consume","floor":1},{"not_picked":["Skim","Redo","Rebound"],"picked":"SKIP","floor":3},{"not_picked":["Chaos","Beam Cell"],"picked":"Glacier","floor":5},{"not_picked":["Stack","Consume"],"picked":"Sweeping Beam","floor":7},{"not_picked":["Heatsinks","Fusion","Consume"],"picked":"SKIP","floor":10},{"not_picked":["Beam Cell","Barrage"],"picked":"Machine Learning","floor":13},{"not_picked":["Sweeping Beam","Double Energy","Barrage"],"picked":"SKIP","floor":14},{"not_picked":["Rainbow","Reboot"],"picked":"Buffer","floor":16},{"not_picked":["Ball Lightning","Double Energy"],"picked":"Darkness","floor":18},{"not_picked":["Genetic Algorithm","Hologram"],"picked":"Beam Cell+1","floor":21},{"not_picked":["Stack","Barrage"],"picked":"Go for the Eyes","floor":24},{"not_picked":["Genetic Algorithm","White Noise"],"picked":"FTL","floor":27},{"not_picked":["Steam","Streamline","Rainbow"],"picked":"SKIP","floor":28}],"player_experience":578344,"relics_obtained":[{"floor":7,"key":"Bird Faced Urn"},{"floor":9,"key":"Meat on the Bone"},{"floor":10,"key":"Happy Flower"},{"floor":26,"key":"Omamori"}],"event_choices":[{"damage_healed":0,"gold_gain":0,"player_choice":"Trade","damage_taken":0,"relics_obtained":["SsserpentHead"],"max_hp_gain":0,"max_hp_loss":0,"event_name":"FaceTrader","floor":4,"gold_loss":0},{"damage_healed":16,"gold_gain":0,"player_choice":"Healed and dodged fight","damage_taken":0,"max_hp_gain":0,"max_hp_loss":0,"event_name":"Mushrooms","floor":11,"gold_loss":0,"cards_obtained":["Parasite"]},{"damage_healed":0,"gold_gain":0,"player_choice":"Smashed Altar","damage_taken":0,"max_hp_gain":0,"max_hp_loss":0,"event_name":"Forgotten Altar","floor":19,"gold_loss":0,"cards_obtained":["Decay"]},{"damage_healed":0,"gold_gain":0,"cards_transformed":["Strike_B"],"player_choice":"Transformed","damage_taken":0,"max_hp_gain":0,"max_hp_loss":0,"event_name":"Transmorgrifier","floor":20,"gold_loss":0,"cards_obtained":["All For One"]}],"is_beta":false,"boss_relics":[{"not_picked":["Philosopher\u0027s Stone","Runic Dome"],"picked":"Sozu"}],"items_purged_floors":[22],"is_endless":false,"potions_floor_spawned":[5,7,10,14,24,28],"killed_by":"Gremlin Leader","ascension_level":16}