{"path_per_floor":["M","?","?","M","M","R","E","M","T","E","?","R","M","M","R","B",null,"M","?","?","?","$","E","R","M","T","M","R","?","M"],"character_chosen":"IRONCLAD","items_purchased":["Unceasing Top","Power Through","Body Slam"],"gold_per_floor":[113,113,113,132,147,147,182,196,196,231,406,406,418,431,431,532,532,550,800,800,800,306,337,337,351,399,413,413,413,432],"floor_reached":31,"campfire_rested":0,"playtime":1707,"current_hp_per_floor":[80,80,80,80,78,78,74,79,79,70,76,76,77,74,74,24,86,72,78,64,64,64,43,43,41,41,49,49,49,55],"items_purged":["Doubt"],"gold":447,"score":292,"play_id":"773f824f-6a8b-4a5e-91ca-4efb1b42bc52","is_prod":false,"is_daily":false,"is_ascension_mode":false,"campfire_upgraded":5,"path_taken":["M","?","?","M","M","R","E","M","T","E","?","R","M","M","R","BOSS","M","?","?","?","$","E","R","M","T","M","R","?","M","M"],"build_version":"2018-02-22-PROD2","purchased_purges":1,"victory":false,"master_deck":["Defend_R","Defend_R","Defend_R","Bash+1","Twin Strike","Impervious","Bash","Uppercut+1","Warcry","Headbutt","Thunderclap+1","Cleave+1","Headbutt","Impervious","Iron Wave+1","Bite","Bite","Bite","Bite","Bite","Power Through","Body Slam","Armaments+1","Cleave","Sentinel","Armaments+1"],"max_hp_per_floor":[80,80,80,80,80,80,80,80,80,80,86,86,86,86,86,86,86,86,92,64,64,64,64,64,64,64,64,64,64,64],"relics":["Burning Blood","Orichalcum","Darkstone Periapt","Oddly Smooth Stone","Mark of Pain","Spirit Poop","Unceasing Top","Juzu Bracelet","Bag of Marbles"],"card_choices":[{"not_picked":["Havoc","Pummel"],"picked":"Twin Strike"},{"not_picked":["Disarm","Fiend Fire"],"picked":"Uppercut"},{"not_picked":["Pummel","Searing Blow"],"picked":"Warcry"},{"not_picked":["Feel No Pain","Dropkick"],"picked":"Headbutt"},{"not_picked":["Clothesline","Combust"],"picked":"Thunderclap"},{"not_picked":["Clash","Havoc"],"picked":"Cleave"},{"not_picked":["Flame Barrier","Anger"],"picked":"Warcry"},{"not_picked":["Uppercut","Searing Blow"],"picked":"Headbutt"},{"not_picked":["Immolate","Feed"],"picked":"Impervious"},{"not_picked":["Bloodletting","Pummel"],"picked":"Iron Wave"},{"not_picked":["Wild Strike","Twin Strike"],"picked":"Armaments"},{"not_picked":["Twin Strike","Blood for Blood"],"picked":"Cleave"},{"not_picked":["Burning Pact","Blood for Blood"],"picked":"Sentinel"},{"not_picked":["Pommel Strike","Burning Pact"],"picked":"Armaments"}],"player_experience":26560,"potions_floor_usage":[13,13,16,27],"damage_taken":[{"damage":1,"enemies":"Jaw Worm","floor":1,"turns":3},{"damage":1,"enemies":"Cultist","floor":4,"turns":3},{"damage":8,"enemies":"Small Slimes","floor":5,"turns":3},{"damage":10,"enemies":"Gremlin Nob","floor":7,"turns":4},{"damage":1,"enemies":"Looter","floor":8,"turns":3},{"damage":15,"enemies":"3 Sentries","floor":10,"turns":7},{"damage":5,"enemies":"Gremlin Gang","floor":13,"turns":4},{"damage":9,"enemies":"Large Slime","floor":14,"turns":4},{"damage":56,"enemies":"The Guardian","floor":16,"turns":12},{"damage":20,"enemies":"Chosen","floor":18,"turns":5},{"damage":35,"enemies":"Book of Stabbing","floor":23,"turns":6},{"damage":14,"enemies":"Spheric Guardian","floor":25,"turns":4},{"damage":6,"enemies":"3 Cultists","floor":27,"turns":3},{"damage":6,"enemies":"Sentry and Sphere","floor":30,"turns":5},{"damage":10,"enemies":"Cultist and Chosen","floor":31,"turns":7}],"event_choices":[{"event_name":"Purifier","player_choice":"One Purge","floor":2,"damage_taken":0},{"event_name":"Match and Keep!","player_choice":"2 cards matched","floor":3,"damage_taken":0},{"event_name":"Liars Game","player_choice":"agreed","floor":11,"damage_taken":0},{"event_name":"Golden Shrine","player_choice":"Desecrate","floor":19,"damage_taken":0},{"event_name":"Vampires","player_choice":"Became a vampire","floor":20,"damage_taken":0},{"event_name":"Bonfire Elementals","player_choice":"CURSE","floor":21,"damage_taken":0},{"event_name":"Back to Basics","player_choice":"Elegance","floor":29,"damage_taken":0}],"boss_relics":[{"not_picked":["Question Card","Snecko Eye"],"picked":"Mark of Pain"}],"potions_floor_spawned":[7,8,10,16,18,23,31],"seed_played":"-3541151771561101904","killed_by":"Cultist and Chosen","ascension_level":0,"is_trial":false}