{"path_per_floor":["M","?","M","M","$","R","?","M","T","R","E","R","$","?","R"],"character_chosen":"THE_SILENT","items_purchased":["Accuracy","Tiny Chest"],"gold_per_floor":[19,194,208,220,105,105,105,124,124,124,154,154,33,33,33,33],"floor_reached":16,"campfire_rested":0,"playtime":707,"item_purchase_floors":[5,13],"current_hp_per_floor":[56,56,56,47,47,47,40,33,33,33,9,9,9,9,9,0],"items_purged":["Doubt"],"gold":33,"score":147,"play_id":"2c48a523-2d47-4a9e-99f9-6f1b772aeb61","local_time":"20180601033509","is_prod":false,"is_daily":false,"chose_seed":false,"is_ascension_mode":true,"campfire_upgraded":0,"win_rate":0,"timestamp":1527791709,"campfire_choices":[{"floor":6,"key":"DIG"},{"floor":10,"key":"DIG"},{"floor":12,"key":"DIG"},{"floor":15,"key":"DIG"}],"path_taken":["M","?","M","M","$","R","?","?","T","R","E","R","$","?","R","BOSS"],"build_version":"2018-05-24","seed_source_timestamp":713387300722768,"purchased_purges":1,"victory":false,"master_deck":["Defend_G","Defend_G","Defend_G","Defend_G","Strike_G","Strike_G","Strike_G","Strike_G","Strike_G","Survivor","Neutralize","AscendersBane","Backflip","Blade Dance","Accuracy","Cloak And Dagger"],"max_hp_per_floor":[70,70,70,70,70,70,70,70,70,70,72,72,72,72,72,72],"relics":["Ring of the Snake","Shovel","Sundial","Molten Egg 2","Singing Bowl","Boot","Omamori","Tiny Chest","Snake Skull"],"card_choices":[{"not_picked":["Prepared","Eviscerate"],"picked":"Backflip","floor":1},{"not_picked":["Concentrate","Underhanded Strike"],"picked":"Blade Dance","floor":3},{"not_picked":["Malaise","Slice","Dagger Throw"],"picked":"SKIP","floor":4},{"not_picked":["Outmaneuver","Footwork"],"picked":"Cloak And Dagger","floor":8},{"not_picked":["Skewer+1","Quick Slash+1","Outmaneuver"],"picked":"Singing Bowl","floor":11}],"player_experience":730950,"potions_floor_usage":[8,16,16],"damage_taken":[{"damage":7,"enemies":"Small Slimes","floor":1,"turns":4},{"damage":0,"enemies":"2 Louse","floor":3,"turns":5},{"damage":9,"enemies":"Cultist","floor":4,"turns":6},{"damage":7,"enemies":"Gremlin Gang","floor":8,"turns":5},{"damage":26,"enemies":"3 Sentries","floor":11,"turns":10},{"damage":18,"enemies":"Slime Boss","floor":16,"turns":3}],"relics_obtained":[{"floor":6,"key":"Sundial"},{"floor":9,"key":"Molten Egg 2"},{"floor":10,"key":"Singing Bowl"},{"floor":11,"key":"Boot"},{"floor":12,"key":"Omamori"},{"floor":15,"key":"Snake Skull"}],"event_choices":[{"event_name":"Liars Game","player_choice":"agreed","floor":2,"damage_taken":0},{"event_name":"Golden Wing","player_choice":"Card Removal","floor":7,"damage_taken":0},{"event_name":"Shining Light","player_choice":"Ignored","floor":14,"damage_taken":0}],"boss_relics":[],"items_purged_floors":[5],"potions_floor_spawned":[1,3,11],"seed_played":"-7174455270840349151","killed_by":"Slime Boss","ascension_level":10,"potions_obtained":[{"floor":1,"key":"Weak Potion"},{"floor":3,"key":"Poison Potion"},{"floor":11,"key":"Energy Potion"}],"is_trial":false}