{"gold_per_floor":[111,131,141,141,141,141,153,153,153,153,169,186,198,38,38,136,136,147,35,35,35,51,51,62,81,81,98,98,112,33,49,49,49],"floor_reached":33,"playtime":2139,"items_purged":["Strike_G"],"score":365,"play_id":"a231f5e2-8741-4a71-8839-c18b7bd81ac3","local_time":"20181112013658","is_ascension_mode":true,"campfire_choices":[{"floor":6.0,"key":"REST"},{"data":"Catalyst","floor":8.0,"key":"SMITH"},{"data":"Neutralize","floor":10.0,"key":"SMITH"},{"floor":15.0,"key":"REST"},{"floor":23.0,"key":"REST"},{"floor":32,"key":"REST"}],"neow_cost":"NONE","seed_source_timestamp":0,"circlet_count":0,"master_deck":["Defend_G","Defend_G+1","Defend_G","Defend_G+1","Defend_G","Strike_G","Strike_G","Strike_G","Survivor","Neutralize+1","Blind","Escape Plan","Catalyst+1","Deflect","Deadly Poison","Backstab","After Image","Footwork","Blade Dance","Corpse Explosion","Dodge and Roll","Bouncing Flask","Footwork","Noxious Fumes","Deadly Poison","Blade Dance+1","Deadly Poison+1","Poisoned Stab","A Thousand Cuts","Deadly Poison+1"],"special_seed":0,"relics":["Ring of the Serpent","War Paint","Thread and Needle","Mummified Hand","Nloth\u0027s Gift"],"potions_floor_usage":[],"damage_taken":[{"damage":2.0,"enemies":"Jaw Worm","floor":1.0,"turns":6.0},{"damage":0.0,"enemies":"Cultist","floor":2.0,"turns":4.0},{"damage":9.0,"enemies":"2 Louse","floor":3.0,"turns":4.0},{"damage":1.0,"enemies":"Gremlin Gang","floor":7.0,"turns":7.0},{"damage":0.0,"enemies":"Lots of Slimes","floor":11.0,"turns":7.0},{"damage":4.0,"enemies":"Looter","floor":12.0,"turns":3.0},{"damage":12.0,"enemies":"Gremlin Gang","floor":13.0,"turns":7.0},{"damage":39.0,"enemies":"Slime Boss","floor":16.0,"turns":22.0},{"damage":30.0,"enemies":"2 Thieves","floor":18.0,"turns":4.0},{"damage":6.0,"enemies":"Shell Parasite","floor":22.0,"turns":3.0},{"damage":4.0,"enemies":"Snake Plant","floor":24.0,"turns":6.0},{"damage":5.0,"enemies":"Centurion and Healer","floor":25.0,"turns":6.0},{"damage":11.0,"enemies":"Chosen and Byrds","floor":27.0,"turns":6.0},{"damage":0.0,"enemies":"Snecko","floor":29.0,"turns":4.0},{"damage":7,"enemies":"Centurion and Healer","floor":31,"turns":5},{"damage":60,"enemies":"Automaton","floor":33,"turns":6}],"seed_played":"121592760310258333","potions_obtained":[{"floor":3.0,"key":"GamblersBrew"},{"floor":7.0,"key":"GhostInAJar"},{"floor":11.0,"key":"FearPotion"},{"floor":16.0,"key":"FairyPotion"},{"floor":18.0,"key":"Poison Potion"},{"floor":25.0,"key":"AttackPotion"},{"floor":27.0,"key":"Fire Potion"}],"is_trial":false,"path_per_floor":["M","M","M","?","T","R","M","R","T","R","M","M","M","$","R","B",null,"M","$","?","?","M","R","M","M","T","M","?","M","$","M","R","B"],"character_chosen":"THE_SILENT","items_purchased":["Footwork","Blade Dance","Bouncing Flask","Footwork","A Thousand Cuts"],"campfire_rested":4,"item_purchase_floors":[14,14,19,19,30],"current_hp_per_floor":[61,61,52,27,27,48,47,47,47,47,47,43,31,31,52,13,56,26,26,26,26,20,41,37,32,32,21,21,21,21,14,35,0],"gold":49,"neow_bonus":"RANDOM_COLORLESS","is_prod":false,"is_daily":false,"chose_seed":false,"campfire_upgraded":2,"win_rate":0,"timestamp":1542004618,"path_taken":["M","M","M","?","?","R","M","R","T","R","?","M","M","$","R","BOSS","M","$","?","?","?","R","M","M","T","M","?","M","$","M","R","BOSS"],"build_version":"2018-11-08","purchased_purges":1,"victory":false,"max_hp_per_floor":[70,70,70,70,70,70,70,70,70,70,70,70,70,70,70,70,70,70,70,70,70,70,70,70,70,70,70,70,70,70,70,70,70],"card_choices":[{"not_picked":["Deadly Poison","Backflip"],"picked":"Escape Plan","floor":1.0},{"not_picked":["Backflip","Leg Sweep"],"picked":"Catalyst","floor":2.0},{"not_picked":["Sucker Punch","Underhanded Strike","Slice"],"picked":"SKIP","floor":3.0},{"not_picked":["Masterful Stab","Calculated Gamble"],"picked":"Deflect","floor":7.0},{"not_picked":["Deflect","Poisoned Stab"],"picked":"Deadly Poison","floor":11.0},{"not_picked":["Bouncing Flask","PiercingWail"],"picked":"Backstab","floor":12.0},{"not_picked":["Bane","Crippling Poison"],"picked":"After Image","floor":13.0},{"not_picked":["Night Terror","Grand Finale"],"picked":"Corpse Explosion","floor":16.0},{"not_picked":["Acrobatics+1","Blade Dance"],"picked":"Dodge and Roll","floor":18.0},{"not_picked":["Masterful Stab","Quick Slash"],"picked":"Noxious Fumes","floor":22.0},{"not_picked":["Dagger Throw+1","Backflip"],"picked":"Deadly Poison","floor":24.0},{"not_picked":["Blur","Sucker Punch+1"],"picked":"Blade Dance+1","floor":25.0},{"not_picked":["Distraction","Crippling Poison"],"picked":"Deadly Poison+1","floor":27.0},{"not_picked":["Finisher","Prepared+1"],"picked":"Poisoned Stab","floor":29.0},{"not_picked":["Sucker Punch","Deflect+1"],"picked":"Deadly Poison+1","floor":31}],"player_experience":797466,"relics_obtained":[{"floor":5.0,"key":"Thread and Needle"},{"floor":9.0,"key":"Bottled Flame"},{"floor":26.0,"key":"Mummified Hand"}],"event_choices":[{"damage_healed":0.0,"max_hp_gain":0.0,"max_hp_loss":0.0,"gold_gain":0.0,"event_name":"Scrap Ooze","player_choice":"Success","floor":4.0,"gold_loss":0.0,"damage_taken":25.0,"relics_obtained":["War Paint"]},{"damage_healed":0.0,"max_hp_gain":0.0,"max_hp_loss":0.0,"gold_gain":0.0,"event_name":"Ghosts","player_choice":"Ignored","floor":20.0,"gold_loss":0.0,"damage_taken":0.0},{"cards_removed":["Strike_G"],"damage_healed":0.0,"max_hp_gain":0.0,"max_hp_loss":0.0,"gold_gain":0.0,"event_name":"Back to Basics","player_choice":"Elegance","floor":21.0,"gold_loss":0.0,"damage_taken":0.0},{"damage_healed":0.0,"max_hp_gain":0.0,"max_hp_loss":0.0,"gold_gain":0.0,"event_name":"N\u0027loth","player_choice":"Traded Relic","floor":28.0,"relics_lost":["Bottled Flame"],"gold_loss":0.0,"damage_taken":0.0,"relics_obtained":["Nloth\u0027s Gift"]}],"is_beta":false,"boss_relics":[{"not_picked":["Busted Crown","Cursed Key"],"picked":"Ring of the Serpent"}],"items_purged_floors":[14],"is_endless":false,"potions_floor_spawned":[3,7,11,13,16,18,25,27],"killed_by":"Automaton","ascension_level":8}