{"gold_per_floor":[119,119,119,194,207,238,238,250,250,11,27,52,52,71,71,171,221,201,201,301,41,55,55,55,55,55,55,55,82,107,132,132,232,232,247,264,283,283,302,330,208,239,239,239,48,81,91,109,109,109],"floor_reached":50,"playtime":3330,"items_purged":["Shame"],"score":802,"play_id":"b4915d87-9246-4a40-9119-37a7ebeee7c7","local_time":"20181208215401","is_ascension_mode":true,"campfire_choices":[{"data":"Neutralize","floor":7,"key":"SMITH"},{"data":"Tools of the Trade","floor":13,"key":"SMITH"},{"data":"Cloak And Dagger","floor":15,"key":"SMITH"},{"data":"Bullet Time","floor":23,"key":"SMITH"},{"data":"Catalyst","floor":27,"key":"SMITH"},{"data":"After Image","floor":32,"key":"SMITH"},{"data":"Footwork","floor":44,"key":"SMITH"},{"floor":49,"key":"REST"}],"neow_cost":"NONE","seed_source_timestamp":1292607208459362,"circlet_count":0,"master_deck":["Defend_G","Defend_G+1","Defend_G","Defend_G","Defend_G","Survivor","Neutralize+1","Escape Plan","Poisoned Stab","Terror","Well Laid Plans","Slice","Dagger Throw","Cloak And Dagger+1","Bullet Time+1","Backstab","Backstab","Bite","Bite","Bite","Bite","Bite","Slice+1","Deadly Poison+1","Catalyst+1","Bouncing Flask","After Image+1","Poisoned Stab","Corpse Explosion","Cloak And Dagger+1","Poisoned Stab","Calculated Gamble","Poisoned Stab","Distraction+1","Deadly Poison","Choke","Catalyst+1","Burst","Footwork+1","Burst","Infinite Blades","Acrobatics","Cloak And Dagger"],"relics":["Ring of the Snake","NeowsBlessing","The Courier","Pear","Kunai","Juzu Bracelet","Tiny House","Turnip","Mummified Hand","Anchor","Snake Skull","Strawberry","Ninja Scroll","Centennial Puzzle","Shuriken","Red Mask","Orrery","Bottled Flame","Smiling Mask","PreservedInsect","War Paint","Bag of Marbles"],"potions_floor_usage":[14,16,20,20,20,33,39,39,48,50,50],"damage_taken":[{"damage":0,"enemies":"Jaw Worm","floor":1,"turns":1},{"damage":0,"enemies":"Cultist","floor":5,"turns":1},{"damage":0,"enemies":"3 Sentries","floor":6,"turns":1},{"damage":1,"enemies":"2 Louse","floor":8,"turns":2},{"damage":6,"enemies":"2 Fungi Beasts","floor":11,"turns":3},{"damage":18,"enemies":"Gremlin Nob","floor":12,"turns":4},{"damage":11,"enemies":"Exordium Wildlife","floor":14,"turns":4},{"damage":3,"enemies":"Hexaghost","floor":16,"turns":9},{"damage":8,"enemies":"2 Thieves","floor":18,"turns":4},{"damage":0,"enemies":"Colosseum Slavers","floor":20,"turns":5},{"damage":50,"enemies":"Colosseum Nobs","floor":20,"turns":5},{"damage":9,"enemies":"3 Byrds","floor":22,"turns":5},{"damage":8,"enemies":"Gremlin Leader","floor":30,"turns":4},{"damage":8,"enemies":"Masked Bandits","floor":31,"turns":4},{"damage":35,"enemies":"Collector","floor":33,"turns":6},{"damage":0,"enemies":"Orb Walker","floor":35,"turns":2},{"damage":8,"enemies":"3 Shapes","floor":36,"turns":3},{"damage":25,"enemies":"Jaw Worm Horde","floor":37,"turns":4},{"damage":15,"enemies":"Sphere and 2 Shapes","floor":39,"turns":3},{"damage":21,"enemies":"Reptomancer","floor":40,"turns":4},{"damage":10,"enemies":"Nemesis","floor":42,"turns":3},{"damage":5,"enemies":"Giant Head","floor":46,"turns":5},{"damage":27,"enemies":"Writhing Mass","floor":47,"turns":3},{"damage":0,"enemies":"Jaw Worm Horde","floor":48,"turns":3},{"damage":64,"enemies":"Awakened One","floor":50,"turns":5}],"seed_played":"-3589378956019243076","potions_obtained":[{"floor":6,"key":"FearPotion"},{"floor":8,"key":"GamblersBrew"},{"floor":12,"key":"PowerPotion"},{"floor":14,"key":"AttackPotion"},{"floor":17,"key":"PowerPotion"},{"floor":30,"key":"Energy Potion"},{"floor":33,"key":"LiquidBronze"},{"floor":36,"key":"Swift Potion"},{"floor":37,"key":"Explosive Potion"},{"floor":42,"key":"Explosive Potion"},{"floor":48,"key":"Explosive Potion"}],"is_trial":false,"path_per_floor":["M","?","$","?","M","E","R","M","T","$","M","E","R","M","R","B",null,"M","?","?","$","M","R","$","?","T","R","?","T","E","?","R","B",null,"M","M","M","?","M","E","$","E","T","R","$","E","M","M","R","B"],"character_chosen":"THE_SILENT","items_purchased":["Well Laid Plans","Kunai","Anchor","Snake Skull","Deadly Poison","Footwork","War Paint","Infinite Blades"],"campfire_rested":1,"item_purchase_floors":[10,10,21,21,21,41,45,45],"current_hp_per_floor":[70,70,70,59,59,59,59,58,68,68,62,44,44,33,33,30,85,77,59,19,19,22,22,22,22,29,29,29,29,27,29,29,10,66,66,58,41,76,63,46,46,42,42,42,42,43,22,22,44,0],"gold":109,"neow_bonus":"THREE_ENEMY_KILL","is_prod":false,"is_daily":false,"chose_seed":false,"campfire_upgraded":7,"win_rate":0,"timestamp":1544324041,"path_taken":["M","?","?","?","M","E","R","M","T","$","M","E","R","M","R","BOSS","M","?","?","?","M","R","$","?","T","R","?","?","E","?","R","BOSS","M","M","M","?","M","E","$","E","T","R","$","E","M","M","R","BOSS"],"build_version":"2018-12-06","purchased_purges":1,"victory":false,"max_hp_per_floor":[70,70,70,70,70,70,70,70,80,80,80,80,80,80,80,80,85,85,59,59,59,59,59,59,59,66,66,66,66,66,66,66,66,66,66,66,66,76,76,76,76,76,76,76,76,76,76,76,76,76],"card_choices":[{"not_picked":["Backflip","Sucker Punch"],"picked":"Escape Plan","floor":1},{"not_picked":["Underhanded Strike","Dagger Throw"],"picked":"Poisoned Stab","floor":5},{"not_picked":["Deadly Poison","Riddle With Holes"],"picked":"Tools of the Trade","floor":6},{"not_picked":["Outmaneuver","Riddle With Holes"],"picked":"Terror","floor":8},{"not_picked":["Predator","Flying Knee"],"picked":"Slice","floor":11},{"not_picked":["Glass Knife","Underhanded Strike"],"picked":"Dagger Throw","floor":12},{"not_picked":["Backflip","Acrobatics"],"picked":"Cloak And Dagger","floor":14},{"not_picked":["Night Terror","Doppelganger"],"picked":"Bullet Time","floor":16},{"not_picked":["Underhanded Strike","Bane"],"picked":"Backstab","floor":17},{"not_picked":["Noxious Fumes","Acrobatics"],"picked":"Backstab","floor":18},{"not_picked":["Calculated Gamble","Flying Knee+1"],"picked":"Slice+1","floor":20},{"not_picked":["Well Laid Plans","Outmaneuver"],"picked":"Catalyst","floor":22},{"not_picked":["Concentrate","Prepared"],"picked":"After Image","floor":30},{"not_picked":["Endless Agony+1","PiercingWail+1"],"picked":"Poisoned Stab","floor":31},{"not_picked":["Wraith Form v2","Storm of Steel"],"picked":"Corpse Explosion","floor":33},{"not_picked":["Underhanded Strike+1","Backflip"],"picked":"Cloak And Dagger+1","floor":34},{"not_picked":["Endless Agony","Dagger Throw"],"picked":"Poisoned Stab","floor":34},{"not_picked":["Prepared+1","Dodge and Roll"],"picked":"Calculated Gamble","floor":34},{"not_picked":["Cloak And Dagger","All Out Attack"],"picked":"Poisoned Stab","floor":34},{"not_picked":["Underhanded Strike+1","Crippling Poison"],"picked":"Distraction+1","floor":35},{"not_picked":["Setup","Leg Sweep+1"],"picked":"Deadly Poison","floor":36},{"not_picked":["Deadly Poison+1","Dagger Throw+1"],"picked":"Choke","floor":37},{"not_picked":["Dodge and Roll+1","Blade Dance"],"picked":"Catalyst+1","floor":39},{"not_picked":["Dagger Spray","Heel Hook"],"picked":"Burst","floor":40},{"not_picked":["Dagger Throw","Flying Knee+1"],"picked":"Burst","floor":42},{"not_picked":["Reflex","Flying Knee+1","Concentrate"],"picked":"SKIP","floor":46},{"not_picked":["Predator","Flechettes"],"picked":"Acrobatics","floor":47},{"not_picked":["Underhanded Strike+1","Deflect+1"],"picked":"Cloak And Dagger","floor":48}],"player_experience":259077,"relics_obtained":[{"floor":6,"key":"The Courier"},{"floor":9,"key":"Pear"},{"floor":12,"key":"Juzu Bracelet"},{"floor":20,"key":"Turnip"},{"floor":20,"key":"Mummified Hand"},{"floor":26,"key":"Strawberry"},{"floor":29,"key":"Centennial Puzzle"},{"floor":30,"key":"Shuriken"},{"floor":31,"key":"Red Mask"},{"floor":40,"key":"Bottled Flame"},{"floor":42,"key":"Smiling Mask"},{"floor":43,"key":"PreservedInsect"},{"floor":46,"key":"Bag of Marbles"}],"event_choices":[{"cards_removed":["Strike_G"],"damage_healed":0,"gold_gain":0,"player_choice":"Purged","damage_taken":0,"max_hp_gain":0,"max_hp_loss":0,"event_name":"Purifier","floor":2,"gold_loss":0},{"damage_healed":0,"gold_gain":75,"player_choice":"Gather Gold","damage_taken":11,"max_hp_gain":0,"max_hp_loss":0,"event_name":"World of Goop","floor":4,"gold_loss":0},{"damage_healed":0,"gold_gain":0,"player_choice":"Became a vampire","damage_taken":0,"max_hp_gain":0,"max_hp_loss":26,"event_name":"Vampires","floor":19,"gold_loss":0,"cards_obtained":["Bite","Bite","Bite","Bite","Bite"]},{"damage_healed":0,"gold_gain":0,"player_choice":"Fight","damage_taken":0,"max_hp_gain":0,"max_hp_loss":0,"event_name":"Colosseum","floor":20,"gold_loss":0},{"damage_healed":0,"gold_gain":0,"player_choice":"Fought Nobs","damage_taken":0,"max_hp_gain":0,"max_hp_loss":0,"event_name":"Colosseum","floor":20,"gold_loss":0},{"damage_healed":0,"gold_gain":0,"player_choice":"Read","damage_taken":0,"max_hp_gain":0,"max_hp_loss":0,"event_name":"The Library","floor":25,"gold_loss":0,"cards_obtained":["Bouncing Flask"]},{"damage_healed":0,"gold_gain":0,"player_choice":"Stole Relic","damage_taken":0,"relics_obtained":["Ninja Scroll"],"max_hp_gain":0,"max_hp_loss":0,"event_name":"Addict","floor":28,"gold_loss":0,"cards_obtained":["Shame"]},{"damage_healed":0,"gold_gain":0,"player_choice":"Fought Bandits","damage_taken":0,"max_hp_gain":0,"max_hp_loss":0,"event_name":"Masked Bandits","floor":31,"gold_loss":0},{"cards_removed":["Tools of the Trade"],"damage_healed":25,"gold_gain":0,"player_choice":"Offered Rare","damage_taken":0,"max_hp_gain":10,"max_hp_loss":0,"event_name":"Bonfire Elementals","floor":38,"gold_loss":0}],"is_beta":false,"boss_relics":[{"not_picked":["Eternal Feather","Fusion Hammer"],"picked":"Tiny House"},{"not_picked":["Runic Pyramid","Empty Cage"],"picked":"Orrery"}],"items_purged_floors":[41],"is_endless":false,"potions_floor_spawned":[6,8,12,14,20,30,33,36,37,42,48],"killed_by":"Awakened One","ascension_level":4}