{"gold_per_floor":[209,228,228,240,29,29,84,84,84,84,111,111,127,52,52,130,130,149,165,177,177,177,177,177,177,202,216,216,216,245,245],"floor_reached":31,"playtime":1120,"items_purged":["Defend_R"],"score":477,"play_id":"29b6414e-14ba-4003-9add-cfbdcc1329d1","local_time":"20190301121004","is_ascension_mode":true,"campfire_choices":[{"data":"Apotheosis","floor":6.0,"key":"SMITH"},{"data":"Ghostly Armor","floor":10.0,"key":"SMITH"},{"floor":15.0,"key":"REST"},{"data":"Havoc","floor":23.0,"key":"SMITH"},{"data":"Bash","floor":25.0,"key":"SMITH"},{"floor":29.0,"key":"REST"}],"neow_cost":"NONE","seed_source_timestamp":0,"circlet_count":0,"master_deck":["AscendersBane","Strike_R","Strike_R+1","Strike_R","Defend_R+1","Defend_R","Defend_R+1","Bash+1","Iron Wave","Ghostly Armor+1","Thunderclap","Apotheosis+1","Cleave","Demon Form+1","Ghostly Armor+1","Feed","Heavy Blade+1","Havoc+1","Whirlwind","Intimidate","Necronomicurse","Limit Break"],"special_seed":0,"relics":["Burning Blood","Bronze Scales","Ornamental Fan","Red Skull","Eternal Feather","War Paint","Necronomicon","Lantern"],"potions_floor_usage":[30],"damage_taken":[{"damage":4.0,"enemies":"Small Slimes","floor":1.0,"turns":4.0},{"damage":6.0,"enemies":"Jaw Worm","floor":2.0,"turns":4.0},{"damage":1.0,"enemies":"2 Louse","floor":4.0,"turns":2.0},{"damage":8.0,"enemies":"3 Sentries","floor":7.0,"turns":9.0},{"damage":29.0,"enemies":"Gremlin Nob","floor":11.0,"turns":4.0},{"damage":4.0,"enemies":"2 Fungi Beasts","floor":13.0,"turns":2.0},{"damage":17.0,"enemies":"Slime Boss","floor":16.0,"turns":7.0},{"damage":15.0,"enemies":"Shell Parasite","floor":18.0,"turns":7.0},{"damage":27.0,"enemies":"Spheric Guardian","floor":19.0,"turns":5.0},{"damage":27.0,"enemies":"Snake Plant","floor":20.0,"turns":3.0},{"damage":5.0,"enemies":"Snecko","floor":27.0,"turns":6.0},{"damage":54,"enemies":"Gremlin Leader","floor":30,"turns":6},{"damage":21,"enemies":"Centurion and Healer","floor":31,"turns":3}],"seed_played":"-7812874770618978767","potions_obtained":[{"floor":2.0,"key":"SkillPotion"},{"floor":16.0,"key":"Weak Potion"},{"floor":27.0,"key":"AttackPotion"},{"floor":30,"key":"Weak Potion"}],"is_trial":false,"path_per_floor":["M","M","?","M","$","R","?","?","T","R","E","?","M","$","R","B",null,"M","M","M","?","?","R","?","R","T","M","?","R","E","M"],"character_chosen":"IRONCLAD","items_purchased":["Apotheosis"],"campfire_rested":2,"item_purchase_floors":[5],"current_hp_per_floor":[70,70,70,75,75,75,73,50,50,50,27,27,29,29,51,40,66,57,36,15,15,30,42,42,51,51,52,31,65,17,0],"gold":245,"neow_bonus":"HUNDRED_GOLD","is_prod":false,"is_daily":false,"chose_seed":false,"campfire_upgraded":4,"win_rate":0,"timestamp":1551409804,"path_taken":["M","M","?","M","?","R","?","?","T","R","E","?","M","$","R","BOSS","M","M","M","?","?","R","?","R","T","?","?","R","E","M"],"build_version":"2019-01-23","purchased_purges":1,"victory":false,"max_hp_per_floor":[75,75,75,75,75,75,75,75,75,75,75,75,75,75,75,75,75,75,75,75,75,75,75,75,75,75,75,75,75,75,75],"card_choices":[{"not_picked":["Burning Pact","True Grit"],"picked":"Iron Wave","floor":1.0},{"not_picked":["Carnage","Headbutt"],"picked":"Ghostly Armor","floor":2.0},{"not_picked":["Anger","Clothesline"],"picked":"Thunderclap","floor":4.0},{"not_picked":["Dropkick","Carnage"],"picked":"Cleave","floor":7.0},{"not_picked":["Clothesline","Headbutt"],"picked":"Demon Form","floor":11.0},{"not_picked":["Shrug It Off","Sever Soul"],"picked":"Ghostly Armor","floor":13.0},{"not_picked":["Demon Form","Double Tap"],"picked":"Feed","floor":16.0},{"not_picked":["Thunderclap","Metallicize"],"picked":"Heavy Blade+1","floor":18.0},{"not_picked":["Flame Barrier","Headbutt"],"picked":"Havoc","floor":19.0},{"not_picked":["Second Wind","Clothesline"],"picked":"Whirlwind","floor":20.0},{"not_picked":["Power Through","Heavy Blade"],"picked":"Intimidate","floor":27.0},{"not_picked":["Warcry","Intimidate"],"picked":"Limit Break","floor":30}],"player_experience":964420,"relics_obtained":[{"floor":7.0,"key":"Bronze Scales"},{"floor":9.0,"key":"Ornamental Fan"},{"floor":11.0,"key":"Red Skull"},{"floor":26.0,"key":"War Paint"},{"floor":28.0,"key":"Necronomicon"},{"floor":30,"key":"Lantern"}],"event_choices":[{"cards_removed":["Strike_R"],"damage_healed":0.0,"max_hp_gain":0.0,"max_hp_loss":0.0,"gold_gain":0.0,"event_name":"Living Wall","player_choice":"Forget","floor":3.0,"gold_loss":0.0,"damage_taken":0.0},{"damage_healed":0.0,"max_hp_gain":0.0,"max_hp_loss":0.0,"gold_gain":0.0,"event_name":"Dead Adventurer","player_choice":"Searched \u00272\u0027 times","floor":7.0,"gold_loss":0.0,"damage_taken":0.0},{"damage_healed":0.0,"max_hp_gain":0.0,"max_hp_loss":0.0,"gold_gain":0.0,"event_name":"Shining Light","player_choice":"Entered Light","floor":8.0,"gold_loss":0.0,"damage_taken":23.0,"cards_upgraded":["Defend_R","Strike_R"]},{"damage_healed":0.0,"max_hp_gain":0.0,"max_hp_loss":0.0,"gold_gain":0.0,"event_name":"Accursed Blacksmith","player_choice":"Forge","floor":12.0,"gold_loss":0.0,"damage_taken":0.0,"cards_upgraded":["Demon Form"]},{"damage_healed":0.0,"max_hp_gain":0.0,"max_hp_loss":0.0,"gold_gain":0.0,"event_name":"The Mausoleum","player_choice":"Ignored","floor":21.0,"gold_loss":0.0,"damage_taken":0.0},{"damage_healed":15.0,"max_hp_gain":0.0,"max_hp_loss":0.0,"gold_gain":0.0,"event_name":"The Library","player_choice":"Heal","floor":22.0,"gold_loss":0.0,"damage_taken":0.0},{"cards_removed":["Strike_R"],"damage_healed":0.0,"max_hp_gain":0.0,"max_hp_loss":0.0,"gold_gain":0.0,"event_name":"Purifier","player_choice":"Purged","floor":24.0,"gold_loss":0.0,"damage_taken":0.0},{"damage_healed":0.0,"max_hp_gain":0.0,"max_hp_loss":0.0,"gold_gain":0.0,"event_name":"Cursed Tome","player_choice":"Obtained Book","floor":28.0,"gold_loss":0.0,"damage_taken":21.0}],"is_beta":false,"boss_relics":[{"not_picked":["Ectoplasm","Snecko Eye"],"picked":"Eternal Feather"}],"items_purged_floors":[14],"is_endless":false,"potions_floor_spawned":[2,16,27,30],"killed_by":"Centurion and Healer","ascension_level":18}