{"gold_per_floor":[111,121,121,137,212,237,69,69,121,121,46,46,71,20,20,123,123,138,156,156,156,173,206,89,100,127,127,157,9,20,20,20,122,122,138,158,158,210,210,210,245,262,262,36,68,86,104,22,22,22],"floor_reached":50,"playtime":3541,"items_purged":["Regret","Normality"],"score":703,"play_id":"75915e49-c6d4-43b9-83c9-e17e49c7bc62","local_time":"20181230130331","is_ascension_mode":true,"campfire_choices":[{"floor":10,"key":"REST"},{"data":"Rampage","floor":12,"key":"SMITH"},{"data":"Rage","floor":15,"key":"SMITH"},{"data":"Feed","floor":32,"key":"SMITH"},{"data":"Ghostly","floor":40,"key":"SMITH"},{"data":"Impervious","floor":49,"key":"SMITH"}],"neow_cost":"NONE","seed_source_timestamp":843621986609809,"circlet_count":0,"master_deck":["Strike_R","Strike_R+1","Strike_R","Strike_R","Strike_R","Defend_R","Defend_R","Defend_R","Defend_R","Bash","Battle Trance","Seeing Red","Headbutt","Headbutt","Rampage+1","Battle Trance","Rage+1","Impervious+1","Ghostly Armor","Clothesline+1","Ghostly+1","Ghostly","Ghostly","Ghostly","Ghostly","Cleave+1","Body Slam+1","Feed+1","Thunderclap","Offering","Dropkick","Bludgeon","Entrench+1","Flex+1","Forethought","Decay","Shockwave","Infernal Blade","Inflame"],"relics":["Burning Blood","Potion Belt","Happy Flower","Meat on the Bone","Paper Frog","Anchor","PreservedInsect","Cursed Key","Omamori","Tiny Chest","Red Skull","Bottled Flame","Busted Crown","Dead Branch","Boot","Whetstone","Pear","Mummified Hand"],"potions_floor_usage":[6,13,16,28,30,33,33,50,50,50],"damage_taken":[{"damage":6,"enemies":"2 Louse","floor":1,"turns":2},{"damage":6,"enemies":"Cultist","floor":2,"turns":4},{"damage":9,"enemies":"Jaw Worm","floor":4,"turns":3},{"damage":33,"enemies":"Lagavulin","floor":6,"turns":8},{"damage":9,"enemies":"3 Sentries","floor":13,"turns":4},{"damage":3,"enemies":"Slime Boss","floor":16,"turns":5},{"damage":0,"enemies":"Spheric Guardian","floor":18,"turns":3},{"damage":0,"enemies":"3 Byrds","floor":19,"turns":5},{"damage":21,"enemies":"Sentry and Sphere","floor":22,"turns":8},{"damage":2,"enemies":"Slavers","floor":23,"turns":7},{"damage":0,"enemies":"Snake Plant","floor":25,"turns":4},{"damage":2,"enemies":"Gremlin Leader","floor":28,"turns":8},{"damage":12,"enemies":"Snecko","floor":30,"turns":6},{"damage":7,"enemies":"Champ","floor":33,"turns":9},{"damage":2,"enemies":"3 Shapes","floor":35,"turns":4},{"damage":1,"enemies":"Orb Walker","floor":36,"turns":3},{"damage":14,"enemies":"2 Orb Walkers","floor":38,"turns":8},{"damage":8,"enemies":"Reptomancer","floor":41,"turns":8},{"damage":0,"enemies":"4 Shapes","floor":42,"turns":3},{"damage":2,"enemies":"Giant Head","floor":45,"turns":7},{"damage":11,"enemies":"Jaw Worm Horde","floor":46,"turns":4},{"damage":8,"enemies":"Spire Growth","floor":47,"turns":4},{"damage":71,"enemies":"Awakened One","floor":50,"turns":9}],"seed_played":"4067025601449603627","potions_obtained":[{"floor":1,"key":"Explosive Potion"},{"floor":2,"key":"EssenceOfSteel"},{"floor":13,"key":"PowerPotion"},{"floor":22,"key":"LiquidBronze"},{"floor":25,"key":"SkillPotion"},{"floor":28,"key":"Fire Potion"},{"floor":41,"key":"BloodPotion"},{"floor":45,"key":"Weak Potion"}],"is_trial":false,"path_per_floor":["M","M","?","M","?","E","$","?","T","R","$","R","E","$","R","B",null,"M","M","?","?","M","E","$","M","T","T","E","$","M","$","R","B",null,"M","M","?","?","T","R","E","M","T","$","E","M","M","$","R","B"],"character_chosen":"IRONCLAD","items_purchased":["Headbutt","Rampage","Battle Trance","Strength Potion","Tiny Chest","Offering","Infernal Blade","SteroidPotion","Inflame","Swift Potion"],"campfire_rested":1,"item_purchase_floors":[7,7,7,14,24,29,44,44,48,48],"current_hp_per_floor":[80,80,80,77,66,39,39,39,39,63,63,63,60,60,60,63,80,80,80,40,40,37,40,40,40,40,40,43,43,40,40,40,39,46,46,46,41,33,33,33,35,41,51,51,55,54,56,56,56,0],"gold":22,"neow_bonus":"RANDOM_COMMON_RELIC","is_prod":false,"is_daily":false,"chose_seed":false,"campfire_upgraded":5,"win_rate":0,"timestamp":1546193011,"path_taken":["M","M","?","?","?","E","$","?","T","R","?","R","E","$","R","BOSS","M","M","?","?","M","E","$","M","T","?","E","$","?","?","R","BOSS","M","M","?","?","?","R","E","?","T","$","E","M","M","?","R","BOSS"],"build_version":"2018-12-20","purchased_purges":2,"victory":false,"max_hp_per_floor":[80,80,80,80,80,80,80,80,80,80,80,80,80,80,80,80,80,80,80,40,40,40,40,40,40,40,40,43,43,46,46,46,46,46,46,46,46,46,46,46,50,50,60,60,60,64,68,68,68,68],"card_choices":[{"not_picked":["Perfected Strike","Pommel Strike"],"picked":"Battle Trance","floor":1},{"not_picked":["Sever Soul","Burning Pact"],"picked":"Seeing Red","floor":2},{"not_picked":["Burning Pact","Warcry"],"picked":"Headbutt","floor":4},{"not_picked":["Anger","Entrench","Corruption"],"picked":"SKIP","floor":6},{"not_picked":["Armaments","Sword Boomerang"],"picked":"Rage","floor":13},{"not_picked":["Barricade","Limit Break"],"picked":"Impervious","floor":16},{"not_picked":["Intimidate","Havoc+1"],"picked":"Ghostly Armor","floor":18},{"not_picked":["Armaments","Rage"],"picked":"Clothesline+1","floor":19},{"not_picked":["Havoc","Sword Boomerang"],"picked":"Body Slam+1","floor":22},{"not_picked":["Body Slam+1","Thunderclap"],"picked":"Feed","floor":23},{"not_picked":["Bloodletting","Corruption","Sword Boomerang"],"picked":"SKIP","floor":25},{"not_picked":["Anger","Entrench"],"picked":"Thunderclap","floor":28},{"not_picked":["Pummel","Perfected Strike"],"picked":"Dropkick","floor":30},{"not_picked":["Feed","Berserk"],"picked":"Bludgeon","floor":33},{"not_picked":[],"picked":"Entrench+1","floor":35},{"not_picked":[],"picked":"Flex+1","floor":36},{"not_picked":[],"picked":"Forethought","floor":37},{"not_picked":["Heavy Blade"],"picked":"SKIP","floor":41},{"not_picked":[],"picked":"Shockwave","floor":42},{"not_picked":["Power Through"],"picked":"SKIP","floor":45},{"not_picked":["Twin Strike"],"picked":"SKIP","floor":46},{"not_picked":["Clash"],"picked":"SKIP","floor":47}],"player_experience":401366,"relics_obtained":[{"floor":3,"key":"Happy Flower"},{"floor":6,"key":"Meat on the Bone"},{"floor":9,"key":"Anchor"},{"floor":13,"key":"PreservedInsect"},{"floor":23,"key":"Omamori"},{"floor":26,"key":"Red Skull"},{"floor":27,"key":"Bottled Flame"},{"floor":38,"key":"Dead Branch"},{"floor":39,"key":"Boot"},{"floor":41,"key":"Whetstone"},{"floor":43,"key":"Pear"},{"floor":45,"key":"Mummified Hand"}],"event_choices":[{"damage_healed":0,"gold_gain":0,"player_choice":"Relic","damage_taken":0,"max_hp_gain":0,"max_hp_loss":0,"event_name":"Wheel of Change","floor":3,"gold_loss":0},{"damage_healed":0,"gold_gain":75,"player_choice":"Gather Gold","damage_taken":11,"max_hp_gain":0,"max_hp_loss":0,"event_name":"World of Goop","floor":5,"gold_loss":0},{"damage_healed":0,"gold_gain":0,"player_choice":"Box","damage_taken":0,"relics_obtained":["Paper Frog"],"max_hp_gain":0,"max_hp_loss":0,"event_name":"Big Fish","floor":8,"gold_loss":0,"cards_obtained":["Regret"]},{"damage_healed":0,"gold_gain":0,"player_choice":"Became a Ghost","damage_taken":0,"max_hp_gain":0,"max_hp_loss":40,"event_name":"Ghosts","floor":20,"gold_loss":0,"cards_obtained":["Ghostly","Ghostly","Ghostly","Ghostly","Ghostly"]},{"damage_healed":0,"gold_gain":0,"player_choice":"Read","damage_taken":0,"max_hp_gain":0,"max_hp_loss":0,"event_name":"The Library","floor":21,"gold_loss":0,"cards_obtained":["Cleave"]},{"damage_healed":0,"gold_gain":0,"player_choice":"Memory 2","damage_taken":5,"max_hp_gain":0,"max_hp_loss":0,"event_name":"SensoryStone","floor":37,"gold_loss":0},{"damage_healed":0,"gold_gain":0,"player_choice":"Fight","damage_taken":0,"max_hp_gain":0,"max_hp_loss":0,"event_name":"Mysterious Sphere","floor":38,"gold_loss":0}],"is_beta":false,"boss_relics":[{"not_picked":["Black Blood","Runic Cube"],"picked":"Cursed Key"},{"not_picked":["Philosopher\u0027s Stone","Lizard Tail"],"picked":"Busted Crown"}],"items_purged_floors":[11,44],"is_endless":false,"potions_floor_spawned":[1,2,13,22,25,28,41,45],"killed_by":"Awakened One","ascension_level":2}