{"path_per_floor":["M","M","M","$","?","R","$","?","T","M","?","$","M","M","R","B",null,"M","M","?","?","?","R","E","R","T","?","$","R","M","M","R"],"character_chosen":"THE_SILENT","items_purchased":["Infinite Blades","Caltrops","Well Laid Plans","Molten Egg 2"],"gold_per_floor":[144,162,174,63,63,63,22,22,22,35,4,4,23,36,36,133,133,145,159,159,74,74,74,102,102,402,402,18,18,31,46,46],"floor_reached":33,"campfire_rested":4,"playtime":2936,"current_hp_per_floor":[74,74,73,73,73,73,73,73,73,60,60,60,53,46,68,40,75,72,56,56,56,42,66,34,58,58,58,58,58,34,25,49],"items_purged":["Strike_G","Strike_G"],"gold":46,"score":255,"play_id":"872de2b3-8351-412e-bfef-adf96371187e","is_prod":false,"is_daily":false,"is_ascension_mode":false,"campfire_upgraded":2,"path_taken":["M","M","M","$","?","R","$","?","T","M","?","?","M","?","R","BOSS","M","M","?","?","?","R","E","R","T","?","$","R","M","?","R","BOSS"],"build_version":"2018-02-15-PROD1","purchased_purges":2,"victory":false,"master_deck":["Defend_G","Defend_G","Defend_G","Defend_G","Defend_G","Strike_G","Strike_G","Survivor","Neutralize+1","Backflip+1","Quick Slash","Slice","Backflip+1","Infinite Blades","Caltrops","Deflect","Adrenaline","Glass Knife","Cloak And Dagger","Writhe","Finisher","Well Laid Plans","Infinite Blades","Terror"],"max_hp_per_floor":[75,75,75,75,75,75,75,75,75,75,75,75,75,75,75,75,75,75,75,75,75,80,80,80,80,80,80,80,80,80,80,80],"relics":["Tiny House","Ginger","Black Star","Happy Flower","Mercury Hourglass","Bottled Flame","Letter Opener","Old Coin","Molten Egg 2"],"card_choices":[{"not_picked":["Deadly Poison","Finisher"],"picked":"Backflip"},{"not_picked":["Finisher","PiercingWail"],"picked":"Quick Slash"},{"not_picked":["Outmaneuver","Predator"],"picked":"Slice"},{"not_picked":["Slice","Bane"],"picked":"Backflip"},{"not_picked":["Prepared","Underhanded Strike"],"picked":"Deflect"},{"not_picked":["All Out Attack","Dash"],"picked":"Adrenaline"},{"not_picked":["Corpse Explosion","Phantasmal Killer"],"picked":"Glass Knife"},{"not_picked":["Predator","Bane"],"picked":"Cloak And Dagger"},{"not_picked":["Outmaneuver","Sucker Punch"],"picked":"Finisher"},{"not_picked":["Outmaneuver","Poisoned Stab"],"picked":"Infinite Blades"},{"not_picked":["Caltrops","Bouncing Flask"],"picked":"Terror"}],"player_experience":89228,"potions_floor_usage":[16,19,24,24,33],"damage_taken":[{"damage":1,"enemies":"2 Louse","floor":1,"turns":3},{"damage":0,"enemies":"Small Slimes","floor":2,"turns":4},{"damage":1,"enemies":"Jaw Worm","floor":3,"turns":4},{"damage":13,"enemies":"3 Louse","floor":10,"turns":4},{"damage":7,"enemies":"2 Fungi Beasts","floor":13,"turns":4},{"damage":7,"enemies":"Looter","floor":14,"turns":4},{"damage":28,"enemies":"Slime Boss","floor":16,"turns":12},{"damage":3,"enemies":"3 Byrds","floor":18,"turns":4},{"damage":22,"enemies":"Chosen","floor":19,"turns":6},{"damage":32,"enemies":"Slavers","floor":24,"turns":6},{"damage":24,"enemies":"3 Cultists","floor":30,"turns":5},{"damage":9,"enemies":"Centurion and Healer","floor":31,"turns":4},{"damage":50,"enemies":"Champ","floor":33,"turns":12}],"event_choices":[{"event_name":"Golden Idol","player_choice":"Ignored","floor":5,"damage_taken":0},{"event_name":"Liars Game","player_choice":"disagreed","floor":8,"damage_taken":0},{"event_name":"World of Goop","player_choice":"Left","floor":11,"damage_taken":0},{"event_name":"The Mausoleum","player_choice":"Yes","floor":20,"damage_taken":0},{"event_name":"Addict","player_choice":"Obtained Relic","floor":21,"damage_taken":0},{"event_name":"Forgotten Altar","player_choice":"Shed Blood","floor":22,"damage_taken":0},{"event_name":"Back to Basics","player_choice":"Elegance","floor":27,"damage_taken":0}],"boss_relics":[{"not_picked":["Philosopher\u0027s Stone","Runic Pyramid"],"picked":"Black Star"}],"potions_floor_spawned":[10,13,19,30],"seed_played":"8783876827537521242","killed_by":"Champ","ascension_level":0,"is_trial":false}