{"gold_per_floor":[109,123,141,73,89,89,104,123,180,180,201,201,214,10,10,111,111,123,123,143,155,155,155,155,155,204,204],"floor_reached":27,"playtime":2179,"items_purged":["Strike_R"],"score":226,"play_id":"9f18ea24-5ba9-4f65-9de6-ae2e6552fe3d","local_time":"20181104232159","is_ascension_mode":true,"campfire_choices":[{"data":"True Grit","floor":6,"key":"SMITH"},{"data":"Barricade","floor":10,"key":"SMITH"},{"data":"Entrench","floor":12,"key":"SMITH"},{"data":"Searing Blow","floor":15,"key":"SMITH"},{"data":"Armaments","floor":23,"key":"SMITH"},{"floor":25,"key":"REST"}],"neow_cost":"NONE","seed_source_timestamp":98587584520527,"circlet_count":0,"master_deck":["Strike_R","Strike_R","Strike_R","Strike_R","Defend_R","Defend_R","Defend_R","Defend_R","Bash","True Grit+1","Entrench+1","Searing Blow+1","Barricade+1","Shrug It Off","Armaments+1","Metallicize","Shrug It Off"],"relics":["Burning Blood","Omamori","Tiny Chest","Odd Mushroom","Sozu","PreservedInsect","Meat on the Bone","Centennial Puzzle"],"potions_floor_usage":[11,18,18,18],"damage_taken":[{"damage":8,"enemies":"Jaw Worm","floor":1,"turns":4},{"damage":4,"enemies":"Cultist","floor":2,"turns":4},{"damage":3,"enemies":"Small Slimes","floor":3,"turns":3},{"damage":28,"enemies":"Exordium Thugs","floor":5,"turns":6},{"damage":1,"enemies":"3 Louse","floor":7,"turns":5},{"damage":17,"enemies":"2 Fungi Beasts","floor":8,"turns":5},{"damage":17,"enemies":"The Mushroom Lair","floor":11,"turns":5},{"damage":5,"enemies":"Red Slaver","floor":13,"turns":5},{"damage":8,"enemies":"Hexaghost","floor":16,"turns":26},{"damage":51,"enemies":"3 Byrds","floor":18,"turns":12},{"damage":9,"enemies":"Chosen","floor":20,"turns":11},{"damage":21,"enemies":"Centurion and Healer","floor":21,"turns":18},{"damage":49,"enemies":"Gremlin Leader","floor":27,"turns":9}],"seed_played":"-3059728841088328881","potions_obtained":[{"floor":2,"key":"Weak Potion"},{"floor":5,"key":"Dexterity Potion"},{"floor":8,"key":"Fire Potion"},{"floor":11,"key":"AttackPotion"}],"is_trial":false,"path_per_floor":["M","M","M","$","M","R","M","M","T","R","?","R","M","$","R","B",null,"M","?","M","M","$","R","T","R","T","E"],"character_chosen":"IRONCLAD","items_purchased":["Entrench","Metallicize","Shrug It Off"],"campfire_rested":1,"item_purchase_floors":[4,14,14],"current_hp_per_floor":[78,80,80,80,58,58,63,52,52,52,41,41,42,42,42,40,80,35,35,32,17,17,17,17,41,41,0],"gold":204,"neow_bonus":"RANDOM_COMMON_RELIC","is_prod":false,"is_daily":false,"chose_seed":false,"campfire_upgraded":5,"win_rate":0,"timestamp":1541391719,"path_taken":["M","M","M","$","M","R","M","M","T","R","?","R","M","$","R","BOSS","M","?","M","M","$","R","?","R","T","E"],"build_version":"2018-11-01","purchased_purges":1,"victory":false,"max_hp_per_floor":[80,80,80,80,80,80,80,80,80,80,80,80,80,80,80,80,80,80,80,80,80,80,80,80,80,80,80],"card_choices":[{"not_picked":["Clash","Iron Wave"],"picked":"True Grit","floor":1},{"not_picked":["Corruption","Warcry","Hemokinesis"],"picked":"SKIP","floor":2},{"not_picked":["Rage","Twin Strike","Ghostly Armor"],"picked":"SKIP","floor":3},{"not_picked":["Evolve","True Grit","Twin Strike"],"picked":"SKIP","floor":5},{"not_picked":["Anger","Infernal Blade"],"picked":"Searing Blow","floor":7},{"not_picked":["Heavy Blade","True Grit"],"picked":"Barricade","floor":8},{"not_picked":["Inflame","Heavy Blade"],"picked":"Shrug It Off","floor":11},{"not_picked":["Pummel","True Grit"],"picked":"Armaments","floor":13},{"not_picked":["Thunderclap","Second Wind","Anger"],"picked":"SKIP","floor":18},{"not_picked":["Iron Wave","Evolve","Twin Strike"],"picked":"SKIP","floor":20},{"not_picked":["Dropkick","Pummel","Heavy Blade+1"],"picked":"SKIP","floor":21}],"player_experience":739912,"relics_obtained":[{"floor":9,"key":"Tiny Chest"},{"floor":11,"key":"Odd Mushroom"},{"floor":24,"key":"Meat on the Bone"},{"floor":26,"key":"Centennial Puzzle"}],"event_choices":[{"damage_healed":0,"gold_gain":0,"player_choice":"Fought Mushrooms","damage_taken":0,"max_hp_gain":0,"max_hp_loss":0,"event_name":"Mushrooms","floor":11,"gold_loss":0},{"damage_healed":0,"gold_gain":0,"player_choice":"Opened","damage_taken":0,"relics_obtained":["PreservedInsect"],"max_hp_gain":0,"max_hp_loss":0,"event_name":"The Mausoleum","floor":19,"gold_loss":0}],"is_beta":false,"boss_relics":[{"not_picked":["Black Blood","Fusion Hammer"],"picked":"Sozu"}],"items_purged_floors":[14],"is_endless":false,"potions_floor_spawned":[2,5,8,11,13,21],"killed_by":"Gremlin Leader","ascension_level":2}