{"gold_per_floor":[211,211,228,189,364,73,73,107,107,107,107],"floor_reached":11,"playtime":286,"items_purged":[],"score":93,"play_id":"772ea65b-2dfd-4870-a239-889c7da553fc","local_time":"20190128103720","is_ascension_mode":true,"campfire_choices":[{"data":"Bash","floor":7,"key":"SMITH"},{"data":"Disarm","floor":10,"key":"SMITH"}],"neow_cost":"NONE","seed_source_timestamp":32050696733922,"circlet_count":0,"master_deck":["Strike_R","Strike_R","Strike_R","Strike_R","Strike_R","Defend_R","Defend_R","Defend_R","Defend_R","Bash+1","Headbutt","Thunderclap","Disarm+1","Doubt","Ghostly Armor"],"relics":["Burning Blood","Lantern","Bag of Marbles","Kunai","Gremlin Horn"],"potions_floor_usage":[11],"damage_taken":[{"damage":3,"enemies":"2 Louse","floor":1,"turns":2},{"damage":0,"enemies":"Small Slimes","floor":3,"turns":3},{"damage":72,"enemies":"Lagavulin","floor":8,"turns":8},{"damage":50,"enemies":"Gremlin Nob","floor":11,"turns":4}],"seed_played":"3552296609847597646","potions_obtained":[{"floor":8,"key":"Regen Potion"}],"is_trial":false,"path_per_floor":["M","?","M","$","?","$","R","E","T","R","E"],"character_chosen":"IRONCLAD","items_purchased":["Disarm","Lantern","Bag of Marbles"],"campfire_rested":0,"item_purchase_floors":[4,6,6],"current_hp_per_floor":[75,75,80,80,80,80,80,14,14,14,0],"gold":107,"neow_bonus":"HUNDRED_GOLD","is_prod":false,"is_daily":false,"chose_seed":false,"campfire_upgraded":2,"win_rate":0,"timestamp":1548689840,"path_taken":["M","?","M","$","?","$","R","E","T","R","E"],"build_version":"2019-01-23","purchased_purges":0,"victory":false,"max_hp_per_floor":[80,80,80,80,80,80,80,80,80,80,80],"card_choices":[{"not_picked":["Sword Boomerang","Blood for Blood"],"picked":"Headbutt","floor":1},{"not_picked":["Sword Boomerang","True Grit"],"picked":"Thunderclap","floor":3},{"not_picked":["Burning Pact","Berserk"],"picked":"Ghostly Armor","floor":8}],"player_experience":366492,"relics_obtained":[{"floor":8,"key":"Kunai"},{"floor":9,"key":"Gremlin Horn"}],"event_choices":[{"damage_healed":0,"gold_gain":0,"player_choice":"Ignored","damage_taken":0,"max_hp_gain":0,"max_hp_loss":0,"event_name":"Golden Wing","floor":2,"gold_loss":0},{"damage_healed":0,"gold_gain":175,"player_choice":"AGREE","damage_taken":0,"max_hp_gain":0,"max_hp_loss":0,"event_name":"Liars Game","floor":5,"gold_loss":0,"cards_obtained":["Doubt"]}],"is_beta":false,"boss_relics":[],"items_purged_floors":[],"is_endless":false,"potions_floor_spawned":[8],"killed_by":"Gremlin Nob","ascension_level":7}