{"gold_per_floor":[112,132,53,64,78,178,195,213,282,282,296,313,323,336,336,336],"floor_reached":16,"playtime":319,"items_purged":[],"score":100,"play_id":"f94ba76a-ce4f-40ee-a430-d887670671e9","local_time":"20190129171907","is_ascension_mode":false,"campfire_choices":[{"data":"Whirlwind","floor":10,"key":"SMITH"},{"data":"Whirlwind","floor":15,"key":"SMITH"}],"neow_cost":"NONE","seed_source_timestamp":142526800915671,"circlet_count":0,"master_deck":["Strike_R","Strike_R","Strike_R","Strike_R","Strike_R","Defend_R","Defend_R","Defend_R","Defend_R","Bash","Whirlwind+1","Flex","Cleave","Whirlwind+1","Whirlwind","Warcry"],"relics":["Burning Blood","NeowsBlessing","Mummified Hand"],"potions_floor_usage":[7,13,16,16],"damage_taken":[{"damage":0,"enemies":"Cultist","floor":1,"turns":1},{"damage":0,"enemies":"Small Slimes","floor":2,"turns":1},{"damage":0,"enemies":"Jaw Worm","floor":4,"turns":1},{"damage":10,"enemies":"Looter","floor":5,"turns":2},{"damage":9,"enemies":"Blue Slaver","floor":7,"turns":4},{"damage":21,"enemies":"Red Slaver","floor":8,"turns":3},{"damage":11,"enemies":"3 Louse","floor":11,"turns":2},{"damage":11,"enemies":"Large Slime","floor":12,"turns":3},{"damage":15,"enemies":"Looter","floor":13,"turns":3},{"damage":5,"enemies":"3 Louse","floor":14,"turns":2},{"damage":41,"enemies":"Hexaghost","floor":16,"turns":9}],"seed_played":"7433958596854460569","potions_obtained":[{"floor":2,"key":"Block Potion"},{"floor":11,"key":"Weak Potion"},{"floor":12,"key":"PowerPotion"},{"floor":13,"key":"Dexterity Potion"}],"is_trial":false,"path_per_floor":["M","M","$","M","M","?","M","M","T","R","M","M","M","M","R","B"],"character_chosen":"IRONCLAD","items_purchased":["Whirlwind"],"campfire_rested":0,"item_purchase_floors":[3],"current_hp_per_floor":[80,80,80,80,76,76,73,58,58,58,53,48,39,40,40,0],"gold":336,"neow_bonus":"THREE_ENEMY_KILL","is_prod":false,"is_daily":false,"chose_seed":false,"campfire_upgraded":2,"win_rate":0,"timestamp":1548800347,"path_taken":["M","M","$","?","M","?","M","M","T","R","M","M","?","M","R","BOSS"],"build_version":"2019-01-23","purchased_purges":0,"victory":false,"max_hp_per_floor":[80,80,80,80,80,80,80,80,80,80,80,80,80,80,80,80],"card_choices":[{"not_picked":["Clothesline","Armaments","Flex"],"picked":"SKIP","floor":1},{"not_picked":["Cleave","Body Slam","Sword Boomerang"],"picked":"SKIP","floor":2},{"not_picked":["Wild Strike","Havoc"],"picked":"Flex","floor":4},{"not_picked":["Sword Boomerang","Second Wind","Iron Wave"],"picked":"SKIP","floor":5},{"not_picked":["Fiend Fire","Battle Trance"],"picked":"Cleave","floor":7},{"not_picked":["Perfected Strike","Headbutt"],"picked":"Whirlwind","floor":8},{"not_picked":["Corruption","Rage","Perfected Strike"],"picked":"SKIP","floor":11},{"not_picked":["Cleave","Sword Boomerang"],"picked":"Whirlwind","floor":12},{"not_picked":["Infernal Blade","Heavy Blade"],"picked":"Warcry","floor":13},{"not_picked":["True Grit","Cleave","Intimidate"],"picked":"SKIP","floor":14}],"player_experience":405144,"relics_obtained":[{"floor":9,"key":"Mummified Hand"}],"event_choices":[{"damage_healed":0,"gold_gain":100,"player_choice":"Pray","damage_taken":0,"max_hp_gain":0,"max_hp_loss":0,"event_name":"Golden Shrine","floor":6,"gold_loss":0}],"is_beta":false,"boss_relics":[],"items_purged_floors":[],"is_endless":false,"potions_floor_spawned":[2,11,12,13],"killed_by":"Hexaghost","ascension_level":0}