{"gold_per_floor":[111,131,131,131,131,165,177,189,249,261,273],"floor_reached":11,"playtime":429,"items_purged":[],"score":128,"play_id":"bc72310d-1675-4ca5-ab3f-73258d49e22e","local_time":"20190130003334","is_ascension_mode":true,"campfire_choices":[{"floor":7,"key":"REST"},{"data":"Poisoned Stab","floor":10,"key":"SMITH"}],"neow_cost":"NONE","seed_source_timestamp":630700002371132,"circlet_count":0,"master_deck":["AscendersBane","Defend_G","Defend_G","Defend_G","Defend_G","Defend_G","Strike_G","Strike_G","Strike_G","Strike_G","Strike_G","Survivor","Neutralize+1","Finesse","Quick Slash","Footwork+1","Poisoned Stab+1"],"relics":["Ring of the Snake","Matryoshka","MawBank","Anchor","Ancient Tea Set"],"potions_floor_usage":[],"damage_taken":[{"damage":14,"enemies":"Jaw Worm","floor":1,"turns":7},{"damage":0,"enemies":"2 Louse","floor":2,"turns":4},{"damage":23,"enemies":"3 Sentries","floor":6,"turns":17},{"damage":34,"enemies":"Gremlin Nob","floor":11,"turns":4}],"seed_played":"6843855238740056533","potions_obtained":[],"is_trial":false,"path_per_floor":["M","M","?","?","?","E","R","?","T","R","E"],"character_chosen":"THE_SILENT","items_purchased":[],"campfire_rested":1,"item_purchase_floors":[],"current_hp_per_floor":[45,45,45,34,34,11,30,30,30,30,0],"gold":273,"neow_bonus":"RANDOM_COLORLESS","is_prod":false,"is_daily":false,"chose_seed":false,"campfire_upgraded":1,"win_rate":0,"timestamp":1548830014,"path_taken":["M","M","?","?","?","E","R","?","T","R","E"],"build_version":"2019-01-23","purchased_purges":0,"victory":false,"max_hp_per_floor":[66,66,66,66,66,66,66,66,66,66,66],"card_choices":[{"not_picked":["Dagger Throw","Deflect"],"picked":"Quick Slash","floor":1},{"not_picked":["Deadly Poison","Blade Dance"],"picked":"Footwork","floor":2},{"not_picked":["Terror","Infinite Blades"],"picked":"Poisoned Stab","floor":6}],"player_experience":640090,"relics_obtained":[{"floor":6,"key":"MawBank"},{"floor":9,"key":"Anchor"},{"floor":9,"key":"Ancient Tea Set"}],"event_choices":[{"damage_healed":0,"gold_gain":0,"player_choice":"Ignored","damage_taken":0,"max_hp_gain":0,"max_hp_loss":0,"event_name":"Golden Wing","floor":3,"gold_loss":0},{"damage_healed":0,"gold_gain":0,"player_choice":"Success","damage_taken":11,"relics_obtained":["Matryoshka"],"max_hp_gain":0,"max_hp_loss":0,"event_name":"Scrap Ooze","floor":4,"gold_loss":0},{"damage_healed":0,"gold_gain":0,"player_choice":"Grow","damage_taken":0,"max_hp_gain":0,"max_hp_loss":0,"event_name":"Living Wall","floor":5,"gold_loss":0,"cards_upgraded":["Footwork"]},{"damage_healed":0,"gold_gain":0,"player_choice":"Forge","damage_taken":0,"max_hp_gain":0,"max_hp_loss":0,"event_name":"Accursed Blacksmith","floor":8,"gold_loss":0,"cards_upgraded":["Neutralize"]}],"is_beta":false,"boss_relics":[],"items_purged_floors":[],"is_endless":false,"potions_floor_spawned":[],"killed_by":"Gremlin Nob","ascension_level":17}