{"gold_per_floor":[110,121,121,121,132,132,161,161,161,173,193,222,222,236,236,338,338,338,263,223,193,193,193,193,193,193,193,193,193,193,49,49,49,49,49,49,49,49,49,49,49,49,49,49,49,49,49,49,49,49],"floor_reached":51,"playtime":7696,"items_purged":[],"score":1417,"play_id":"32501a1e-aa56-4672-b254-1bb84cfdd7ea","local_time":"20190120023809","is_ascension_mode":true,"campfire_choices":[{"data":"Metamorphosis","floor":6,"key":"SMITH"},{"data":"Violence","floor":8,"key":"SMITH"},{"data":"Adrenaline","floor":13,"key":"SMITH"},{"data":"Neutralize","floor":15,"key":"SMITH"},{"data":"Acrobatics","floor":24,"key":"SMITH"},{"data":"PiercingWail","floor":27,"key":"SMITH"},{"data":"Cloak And Dagger","floor":29,"key":"SMITH"},{"data":"Leg Sweep","floor":32,"key":"SMITH"},{"data":"Burst","floor":40,"key":"SMITH"},{"data":"Backflip","floor":42,"key":"SMITH"},{"floor":49,"key":"REST"}],"neow_cost":"TEN_PERCENT_HP_LOSS","seed_source_timestamp":803161925799035,"circlet_count":0,"master_deck":["AscendersBane","Defend_G","Defend_G","Defend_G","Defend_G","Defend_G","Strike_G","Strike_G","Strike_G","Survivor","Neutralize+1","Violence+1","Metamorphosis+1","PiercingWail+1","Acrobatics+1","Backflip+1","Adrenaline+1","Corpse Explosion+1","Crippling Poison+1","Crippling Poison+1","Cloak And Dagger+1","Poisoned Stab+1","PiercingWail","Cloak And Dagger+1","Leg Sweep+1","Burst+1","Backflip+1","Prepared+1","Backflip+1","Deflect+1","Blade Dance+1"],"relics":["Ring of the Snake","Bottled Lightning","Potion Belt","Lantern","Ectoplasm","War Paint","Ninja Scroll","Paper Crane","Bag of Marbles","Busted Crown","Vajra","Toxic Egg 2","Turnip","Blood Vial","FossilizedHelix"],"potions_floor_usage":[7,12,16,22,23,23,33,33,39,41,45,46,50,50],"damage_taken":[{"damage":0,"enemies":"Cultist","floor":1,"turns":2},{"damage":0,"enemies":"Small Slimes","floor":2,"turns":2},{"damage":0,"enemies":"2 Louse","floor":5,"turns":3},{"damage":0,"enemies":"Gremlin Nob","floor":7,"turns":2},{"damage":0,"enemies":"2 Fungi Beasts","floor":10,"turns":2},{"damage":3,"enemies":"Lots of Slimes","floor":11,"turns":4},{"damage":15,"enemies":"Lagavulin","floor":12,"turns":4},{"damage":0,"enemies":"Blue Slaver","floor":14,"turns":2},{"damage":4,"enemies":"The Guardian","floor":16,"turns":12},{"damage":0,"enemies":"3 Byrds","floor":18,"turns":3},{"damage":0,"enemies":"2 Thieves","floor":21,"turns":2},{"damage":1,"enemies":"Centurion and Healer","floor":22,"turns":4},{"damage":0,"enemies":"Book of Stabbing","floor":23,"turns":4},{"damage":15,"enemies":"Slavers","floor":25,"turns":3},{"damage":0,"enemies":"Cultist and Chosen","floor":28,"turns":3},{"damage":0,"enemies":"3 Cultists","floor":30,"turns":3},{"damage":19,"enemies":"Automaton","floor":33,"turns":8},{"damage":0,"enemies":"3 Darklings","floor":35,"turns":1},{"damage":0,"enemies":"3 Shapes","floor":36,"turns":1},{"damage":0,"enemies":"Jaw Worm Horde","floor":38,"turns":2},{"damage":0,"enemies":"Spire Growth","floor":39,"turns":3},{"damage":0,"enemies":"Nemesis","floor":41,"turns":1},{"damage":0,"enemies":"Reptomancer","floor":44,"turns":4},{"damage":22,"enemies":"Transient","floor":45,"turns":5},{"damage":0,"enemies":"Nemesis","floor":46,"turns":5},{"damage":0,"enemies":"Mind Bloom Boss Battle","floor":47,"turns":4},{"damage":0,"enemies":"Writhing Mass","floor":48,"turns":6},{"damage":0,"enemies":"Awakened One","floor":50,"turns":10}],"seed_played":"-1390730046213060669","potions_obtained":[{"floor":2,"key":"Dexterity Potion"},{"floor":4,"key":"Swift Potion"},{"floor":4,"key":"GamblersBrew"},{"floor":7,"key":"EssenceOfSteel"},{"floor":16,"key":"SpeedPotion"},{"floor":20,"key":"Energy Potion"},{"floor":20,"key":"PowerPotion"},{"floor":20,"key":"Dexterity Potion"},{"floor":22,"key":"Strength Potion"},{"floor":30,"key":"GamblersBrew"},{"floor":33,"key":"SteroidPotion"},{"floor":35,"key":"Strength Potion"},{"floor":39,"key":"Fire Potion"},{"floor":45,"key":"Strength Potion"},{"floor":47,"key":"SkillPotion"}],"is_trial":false,"path_per_floor":["M","M","?","?","M","R","E","R","T","M","M","E","R","M","R","B",null,"M","?","?","M","M","E","R","E","T","R","M","R","M","$","R","B",null,"M","M","?","M","M","R","E","R","T","E","M","E","?","M","R","B",null],"character_chosen":"THE_SILENT","items_purchased":["Bag of Marbles"],"campfire_rested":1,"item_purchase_floors":[31],"current_hp_per_floor":[63,63,56,56,56,56,56,56,56,56,53,38,38,38,38,34,56,56,56,56,56,55,55,55,40,40,40,40,40,40,40,40,21,53,53,53,53,53,53,53,53,53,53,53,31,31,33,35,53,55],"gold":49,"neow_bonus":"RANDOM_COLORLESS_2","is_prod":false,"is_daily":false,"chose_seed":false,"campfire_upgraded":10,"win_rate":0,"timestamp":1547980689,"path_taken":["M","M","?","?","M","R","E","R","T","M","M","E","R","M","R","BOSS","M","?","?","?","M","E","R","E","T","R","M","R","M","$","R","BOSS","M","?","?","M","M","R","E","R","T","E","M","E","?","M","R","BOSS"],"build_version":"2019-01-17v2","purchased_purges":0,"victory":true,"max_hp_per_floor":[63,63,63,63,63,63,63,63,63,63,63,63,63,63,63,63,63,63,63,63,63,63,63,63,63,63,63,63,63,63,63,63,63,63,63,63,63,63,63,63,63,63,63,63,63,63,63,63,63,63],"card_choices":[{"not_picked":["Dodge and Roll","Riddle With Holes","Bane"],"picked":"SKIP","floor":1},{"not_picked":["Flying Knee","Prepared","Riddle With Holes"],"picked":"SKIP","floor":2},{"not_picked":["Acrobatics","Dagger Throw"],"picked":"PiercingWail","floor":5},{"not_picked":["Dodge and Roll","Dagger Spray"],"picked":"Acrobatics","floor":7},{"not_picked":["Quick Slash","Bane"],"picked":"Backflip","floor":10},{"not_picked":["Prepared","Bane","Underhanded Strike"],"picked":"SKIP","floor":11},{"not_picked":["Flechettes","Crippling Poison"],"picked":"Adrenaline","floor":12},{"not_picked":["Poisoned Stab","Eviscerate","PiercingWail"],"picked":"SKIP","floor":14},{"not_picked":["Unload","Venomology"],"picked":"Corpse Explosion","floor":16},{"not_picked":["Sucker Punch","Calculated Gamble"],"picked":"Crippling Poison","floor":18},{"not_picked":["Poisoned Stab+1","Eviscerate"],"picked":"Crippling Poison+1","floor":21},{"not_picked":["Eviscerate+1","Bouncing Flask"],"picked":"Cloak And Dagger+1","floor":22},{"not_picked":["Masterful Stab","Blade Dance"],"picked":"Poisoned Stab+1","floor":23},{"not_picked":["Bullet Time","Bouncing Flask"],"picked":"PiercingWail","floor":25},{"not_picked":["Accuracy+1","Quick Slash"],"picked":"Cloak And Dagger","floor":28},{"not_picked":["Sucker Punch","Dagger Spray+1"],"picked":"Leg Sweep","floor":30},{"not_picked":["Phantasmal Killer","Corpse Explosion"],"picked":"Burst","floor":33},{"not_picked":["Dagger Throw"],"picked":"SKIP","floor":35},{"not_picked":[],"picked":"Backflip+1","floor":36},{"not_picked":["Poisoned Stab+1"],"picked":"SKIP","floor":38},{"not_picked":[],"picked":"Prepared+1","floor":39},{"not_picked":[],"picked":"Backflip+1","floor":41},{"not_picked":["Quick Slash"],"picked":"SKIP","floor":44},{"not_picked":["Quick Slash"],"picked":"SKIP","floor":45},{"not_picked":[],"picked":"Deflect+1","floor":46},{"not_picked":[],"picked":"Blade Dance+1","floor":48}],"player_experience":411653,"relics_obtained":[{"floor":7,"key":"Bottled Lightning"},{"floor":9,"key":"Potion Belt"},{"floor":12,"key":"Lantern"},{"floor":23,"key":"War Paint"},{"floor":25,"key":"Ninja Scroll"},{"floor":26,"key":"Paper Crane"},{"floor":41,"key":"Vajra"},{"floor":43,"key":"Toxic Egg 2"},{"floor":44,"key":"Turnip"},{"floor":46,"key":"Blood Vial"},{"floor":47,"key":"FossilizedHelix"}],"event_choices":[{"cards_removed":["Strike_G"],"damage_healed":0,"gold_gain":0,"player_choice":"Card Removal","damage_taken":7,"max_hp_gain":0,"max_hp_loss":0,"event_name":"Golden Wing","floor":3,"gold_loss":0},{"damage_healed":0,"gold_gain":0,"player_choice":"Got Potions","damage_taken":0,"max_hp_gain":0,"max_hp_loss":0,"event_name":"Lab","floor":4,"gold_loss":0},{"cards_removed":["Strike_G"],"damage_healed":0,"gold_gain":0,"player_choice":"Gave Gold","damage_taken":0,"max_hp_gain":0,"max_hp_loss":0,"event_name":"Beggar","floor":19,"gold_loss":75},{"damage_healed":0,"gold_gain":0,"player_choice":"Bought 3 Potions","damage_taken":0,"max_hp_gain":0,"max_hp_loss":0,"event_name":"The Woman in Blue","floor":20,"gold_loss":0},{"damage_healed":0,"gold_gain":0,"player_choice":"Memory 1","damage_taken":0,"max_hp_gain":0,"max_hp_loss":0,"event_name":"SensoryStone","floor":37,"gold_loss":0},{"damage_healed":0,"gold_gain":0,"player_choice":"Fight","damage_taken":0,"max_hp_gain":0,"max_hp_loss":0,"event_name":"MindBloom","floor":47,"gold_loss":0}],"is_beta":false,"boss_relics":[{"not_picked":["Snecko Eye","Eternal Feather"],"picked":"Ectoplasm"},{"not_picked":["Runic Pyramid","Philosopher\u0027s Stone"],"picked":"Busted Crown"}],"items_purged_floors":[],"is_endless":false,"potions_floor_spawned":[2,7,16,22,30,33,35,39,45,47],"ascension_level":11}