{"gold_per_floor":[147,35,35,35,48,83,103,103,128,145,45,45,45,120,120,217,217,235,30,30,30,30,30,49,62,62,62,62,76,76,91,91,194,194,208,208,218,218,236,236,254,254,304,328,339,339,355,365,365,365],"floor_reached":51,"playtime":1720,"items_purged":["Defend_G","Strike_G","Strike_G"],"score":1005,"play_id":"f27adf9d-7876-4707-bb58-696385b101e6","local_time":"20181217191732","is_ascension_mode":true,"campfire_choices":[{"data":"Neutralize","floor":8,"key":"SMITH"},{"data":"Malaise","floor":12,"key":"SMITH"},{"floor":15,"key":"REST"},{"data":"Glass Knife","floor":23,"key":"SMITH"},{"data":"Footwork","floor":28,"key":"SMITH"},{"data":"Noxious Fumes","floor":30,"key":"SMITH"},{"data":"Poisoned Stab","floor":32,"key":"SMITH"},{"floor":40,"key":"REST"},{"floor":42,"key":"REST"},{"floor":46,"key":"REST"},{"floor":49,"key":"REST"}],"neow_cost":"NONE","seed_source_timestamp":1264001227016,"circlet_count":0,"master_deck":["AscendersBane","Defend_G+1","Defend_G+1","Defend_G","Defend_G","Strike_G","Strike_G","Survivor","Neutralize+1","Heel Hook","Malaise+1","Dash","Escape Plan","Glass Knife+1","Backstab+1","Escape Plan","Footwork+1","Noxious Fumes+1","Poisoned Stab+1","Bouncing Flask","Deflect+1","Adrenaline"],"relics":["Ring of the Serpent","Tiny Chest","Boot","Darkstone Periapt","Anchor","Sundial","Letter Opener","Sozu","Ancient Tea Set","Bag of Preparation"],"potions_floor_usage":[16,31,31,31,33,33,50],"damage_taken":[{"damage":3,"enemies":"Small Slimes","floor":1,"turns":5},{"damage":0,"enemies":"Jaw Worm","floor":5,"turns":4},{"damage":17,"enemies":"Lagavulin","floor":6,"turns":10},{"damage":0,"enemies":"Cultist","floor":7,"turns":5},{"damage":1,"enemies":"3 Louse","floor":10,"turns":6},{"damage":16,"enemies":"The Guardian","floor":16,"turns":19},{"damage":0,"enemies":"Shell Parasite","floor":18,"turns":6},{"damage":0,"enemies":"Chosen","floor":24,"turns":4},{"damage":11,"enemies":"Snake Plant","floor":25,"turns":6},{"damage":0,"enemies":"Centurion and Healer","floor":29,"turns":9},{"damage":4,"enemies":"Cultist and Chosen","floor":31,"turns":5},{"damage":43,"enemies":"Automaton","floor":33,"turns":12},{"damage":7,"enemies":"3 Darklings","floor":35,"turns":5},{"damage":0,"enemies":"Orb Walker","floor":37,"turns":5},{"damage":21,"enemies":"Writhing Mass","floor":39,"turns":10},{"damage":43,"enemies":"Spire Growth","floor":41,"turns":7},{"damage":0,"enemies":"Maw","floor":45,"turns":8},{"damage":15,"enemies":"Transient","floor":47,"turns":5},{"damage":12,"enemies":"Jaw Worm Horde","floor":48,"turns":6},{"damage":39,"enemies":"Time Eater","floor":50,"turns":17}],"seed_played":"-5838061632433368058","potions_obtained":[{"floor":6,"key":"GhostInAJar"},{"floor":7,"key":"Strength Potion"},{"floor":25,"key":"EntropicBrew"},{"floor":31,"key":"Strength Potion"},{"floor":33,"key":"Dexterity Potion"}],"is_trial":false,"path_per_floor":["M","$","?","?","M","E","M","R","T","M","$","R","?","T","R","B",null,"M","$","?","?","$","R","M","M","T","$","R","M","R","M","R","B",null,"M","?","M","?","M","R","M","R","T","T","M","R","M","M","R","B",null],"character_chosen":"THE_SILENT","items_purchased":["Heel Hook","Escape Plan"],"campfire_rested":5,"item_purchase_floors":[2,19],"current_hp_per_floor":[60,60,65,65,65,48,48,48,48,47,47,47,32,32,54,38,66,66,66,66,66,66,66,66,55,55,55,55,55,55,51,51,8,58,51,51,51,51,30,52,9,31,31,31,31,53,38,26,48,9],"gold":365,"neow_bonus":"RANDOM_COMMON_RELIC","is_prod":false,"is_daily":false,"chose_seed":false,"campfire_upgraded":6,"win_rate":0,"timestamp":1545074252,"path_taken":["M","$","?","?","?","E","M","R","T","M","$","R","?","?","R","BOSS","M","$","?","?","?","R","M","M","T","$","R","M","R","?","R","BOSS","M","?","M","?","M","R","?","R","T","?","?","R","M","M","R","BOSS"],"build_version":"2018-12-13","purchased_purges":3,"victory":true,"max_hp_per_floor":[70,70,75,75,75,75,75,75,75,75,75,75,75,75,75,75,75,75,75,75,75,75,75,75,75,75,75,75,75,75,75,75,75,75,75,75,75,75,75,75,75,75,75,75,75,75,75,75,75,75],"card_choices":[{"not_picked":["Dagger Throw","Prepared"],"picked":"Backflip","floor":1},{"not_picked":["Bane","Endless Agony"],"picked":"Malaise","floor":5},{"not_picked":["Bane","Blade Dance"],"picked":"Dash","floor":6},{"not_picked":["Sucker Punch","Quick Slash","Blade Dance"],"picked":"SKIP","floor":7},{"not_picked":["Blade Dance","PiercingWail"],"picked":"Escape Plan","floor":10},{"not_picked":["Phantasmal Killer","Bullet Time"],"picked":"Glass Knife","floor":16},{"not_picked":["Masterful Stab","Deflect"],"picked":"Backstab+1","floor":18},{"not_picked":["Cloak And Dagger","Flying Knee"],"picked":"Footwork","floor":24},{"not_picked":["Masterful Stab","Sucker Punch","Endless Agony"],"picked":"SKIP","floor":25},{"not_picked":["Blade Dance","Endless Agony"],"picked":"Noxious Fumes","floor":29},{"not_picked":["Dagger Spray+1","Slice"],"picked":"Poisoned Stab","floor":31},{"not_picked":["Endless Agony+1","Dodge and Roll","Infinite Blades+1"],"picked":"SKIP","floor":35},{"not_picked":["Endless Agony","Dagger Throw+1","Sucker Punch+1"],"picked":"SKIP","floor":37},{"not_picked":["Dagger Throw+1","Deflect+1"],"picked":"Bouncing Flask","floor":39},{"not_picked":["Outmaneuver","Dagger Throw+1"],"picked":"Deflect+1","floor":41},{"not_picked":["Blade Dance+1","Outmaneuver","Acrobatics"],"picked":"SKIP","floor":45},{"not_picked":["Slice","Blade Dance"],"picked":"Adrenaline","floor":47},{"not_picked":["Prepared+1","Outmaneuver+1","Setup"],"picked":"SKIP","floor":48}],"player_experience":281392,"relics_obtained":[{"floor":6,"key":"Darkstone Periapt"},{"floor":9,"key":"Anchor"},{"floor":14,"key":"Sundial"},{"floor":26,"key":"Letter Opener"},{"floor":43,"key":"Ancient Tea Set"},{"floor":44,"key":"Bag of Preparation"}],"event_choices":[{"damage_healed":0,"gold_gain":0,"player_choice":"Donut","damage_taken":0,"max_hp_gain":5,"max_hp_loss":0,"event_name":"Big Fish","floor":3,"gold_loss":0},{"cards_removed":["Backflip"],"damage_healed":0,"gold_gain":0,"player_choice":"Gave Card","damage_taken":0,"relics_obtained":["Boot"],"max_hp_gain":0,"max_hp_loss":0,"event_name":"WeMeetAgain","floor":4,"gold_loss":0},{"damage_healed":0,"gold_gain":0,"player_choice":"Entered Light","damage_taken":15,"max_hp_gain":0,"max_hp_loss":0,"event_name":"Shining Light","floor":13,"gold_loss":0,"cards_upgraded":["Defend_G","Defend_G"]},{"damage_healed":0,"gold_gain":0,"player_choice":"Ignored","damage_taken":0,"max_hp_gain":0,"max_hp_loss":0,"event_name":"Beggar","floor":20,"gold_loss":0},{"cards_removed":["Strike_G"],"damage_healed":0,"gold_gain":0,"player_choice":"Elegance","damage_taken":0,"max_hp_gain":0,"max_hp_loss":0,"event_name":"Back to Basics","floor":21,"gold_loss":0},{"damage_healed":0,"gold_gain":0,"player_choice":"Ignored","damage_taken":0,"max_hp_gain":0,"max_hp_loss":0,"event_name":"Tomb of Lord Red Mask","floor":36,"gold_loss":0},{"damage_healed":0,"gold_gain":0,"player_choice":"0 cards matched","damage_taken":0,"max_hp_gain":0,"max_hp_loss":0,"event_name":"Match and Keep!","floor":38,"gold_loss":0,"cards_obtained":[]}],"is_beta":false,"boss_relics":[{"not_picked":["Snecko Eye","Lizard Tail"],"picked":"Ring of the Serpent"},{"not_picked":["Fusion Hammer","Coffee Dripper"],"picked":"Sozu"}],"items_purged_floors":[2,11,19],"is_endless":false,"potions_floor_spawned":[6,7,25,29,31,33,35,37,45],"ascension_level":12}