{"gold_per_floor":[116,116,116,116,66,66,42,52,99,134,59,59,59,73,73,171,171,185,34,34,34,37,37,65,65,65,90,108,108,127,37,37,139,139,158,158,158,176,22,39,52,52,82,82,95,95,108,86,86,86],"floor_reached":51,"playtime":1744,"items_purged":["Defend_G","Strike_G"],"score":854,"play_id":"863d819e-12e4-4897-ad9e-67eeacdb5f04","local_time":"20181029210500","is_ascension_mode":true,"campfire_choices":[{"data":"Slice","floor":6,"key":"SMITH"},{"data":"Cloak And Dagger","floor":13,"key":"SMITH"},{"data":"Neutralize","floor":15,"key":"SMITH"},{"data":"Malaise","floor":23,"key":"SMITH"},{"data":"Malaise","floor":25,"key":"SMITH"},{"data":"RitualDagger","floor":32,"key":"SMITH"},{"floor":44,"key":"REST"},{"floor":46,"key":"REST"},{"floor":49,"key":"REST"}],"neow_cost":"NONE","seed_source_timestamp":106934761841818,"circlet_count":0,"master_deck":["Survivor","Neutralize+1","Slice+1","Backflip","Cloak And Dagger+1","Backflip","Backflip","Malaise+1","Blade Dance+1","Bouncing Flask+1","Dagger Throw","Malaise+1","Dash+1","RitualDagger+1","Envenom+1","Noxious Fumes","Escape Plan","Cloak And Dagger+1","Dagger Spray","Acrobatics"],"relics":["Ring of the Snake","Orichalcum","Happy Flower","Astrolabe","Strawberry","Pear","Tough Bandages","Empty Cage","Tiny Chest"],"potions_floor_usage":[16,16,33,33,41,50,50,50],"damage_taken":[{"damage":0,"enemies":"Cultist","floor":1,"turns":6},{"damage":0,"enemies":"2 Louse","floor":8,"turns":2},{"damage":42,"enemies":"Lagavulin","floor":10,"turns":10},{"damage":0,"enemies":"Jaw Worm","floor":14,"turns":3},{"damage":26,"enemies":"Slime Boss","floor":16,"turns":12},{"damage":3,"enemies":"Spheric Guardian","floor":18,"turns":4},{"damage":12,"enemies":"2 Thieves","floor":22,"turns":4},{"damage":2,"enemies":"Book of Stabbing","floor":24,"turns":8},{"damage":0,"enemies":"Gremlin Leader","floor":27,"turns":8},{"damage":4,"enemies":"Snake Plant","floor":28,"turns":5},{"damage":0,"enemies":"Centurion and Healer","floor":30,"turns":7},{"damage":57,"enemies":"Champ","floor":33,"turns":14},{"damage":31,"enemies":"3 Darklings","floor":35,"turns":9},{"damage":5,"enemies":"Orb Walker","floor":38,"turns":4},{"damage":15,"enemies":"Maw","floor":40,"turns":7},{"damage":29,"enemies":"Spire Growth","floor":41,"turns":6},{"damage":4,"enemies":"3 Darklings","floor":45,"turns":5},{"damage":29,"enemies":"Maw","floor":47,"turns":9},{"damage":64,"enemies":"Time Eater","floor":50,"turns":14}],"seed_played":"5405983549835517586","potions_obtained":[{"floor":1,"key":"SpeedPotion"},{"floor":4,"key":"LiquidBronze"},{"floor":4,"key":"Fire Potion"},{"floor":4,"key":"Fire Potion"},{"floor":16,"key":"SkillPotion"},{"floor":18,"key":"Fire Potion"},{"floor":35,"key":"Poison Potion"},{"floor":45,"key":"SkillPotion"},{"floor":47,"key":"EssenceOfSteel"}],"is_trial":false,"path_per_floor":["M","?","?","?","?","R","$","M","T","E","$","?","R","M","R","B",null,"M","$","?","?","M","R","E","R","T","E","M","?","M","?","R","B",null,"M","?","?","M","$","M","M","$","T","R","M","R","M","$","R","B"],"character_chosen":"THE_SILENT","items_purchased":["Backflip","Dagger Throw","Noxious Fumes","Escape Plan","Acrobatics"],"campfire_rested":3,"item_purchase_floors":[7,19,39,39,48],"current_hp_per_floor":[77,77,77,77,77,77,77,77,77,35,35,35,35,35,35,9,77,74,74,74,74,62,62,67,67,77,77,73,67,67,67,67,10,94,63,63,63,58,58,43,14,14,14,42,38,66,37,37,65,1],"gold":86,"neow_bonus":"TEN_PERCENT_HP_BONUS","is_prod":false,"is_daily":false,"chose_seed":false,"campfire_upgraded":6,"win_rate":0,"timestamp":1540847100,"path_taken":["M","?","?","?","?","R","$","M","T","E","?","?","R","M","R","BOSS","M","$","?","?","?","R","E","R","T","E","M","?","M","?","R","BOSS","M","?","?","M","$","M","M","$","T","R","M","R","?","?","R","BOSS"],"build_version":"2018-10-25v2","purchased_purges":2,"victory":true,"max_hp_per_floor":[77,77,77,77,77,77,77,77,77,77,77,77,77,77,77,77,77,77,77,77,77,77,77,84,84,94,94,94,94,94,94,94,94,94,94,94,94,94,94,94,94,94,94,94,94,94,94,94,94,94],"card_choices":[{"not_picked":["Eviscerate","Underhanded Strike"],"picked":"Slice","floor":1},{"not_picked":["Dagger Throw","Acrobatics"],"picked":"Cloak And Dagger","floor":8},{"not_picked":["Sucker Punch","Phantasmal Killer"],"picked":"Backflip","floor":10},{"not_picked":["Endless Agony","Well Laid Plans"],"picked":"Backflip","floor":14},{"not_picked":["Phantasmal Killer","Venomology"],"picked":"Malaise","floor":16},{"not_picked":["Distraction","Sucker Punch","Expertise"],"picked":"SKIP","floor":18},{"not_picked":["Eviscerate","Reflex+1","Underhanded Strike"],"picked":"SKIP","floor":22},{"not_picked":["Quick Slash","Sucker Punch+1","Backflip+1"],"picked":"SKIP","floor":24},{"not_picked":["All Out Attack","Deadly Poison"],"picked":"Dash+1","floor":27},{"not_picked":["Heel Hook","Sucker Punch","Dash"],"picked":"SKIP","floor":28},{"not_picked":["Dodge and Roll","Deflect+1","Dash+1"],"picked":"SKIP","floor":30},{"not_picked":["Adrenaline","Venomology"],"picked":"Envenom","floor":33},{"not_picked":["Accuracy","Slice+1","Deadly Poison"],"picked":"SKIP","floor":35},{"not_picked":["Accuracy","Distraction","Eviscerate"],"picked":"SKIP","floor":38},{"not_picked":["Deflect","Deadly Poison","Cloak And Dagger"],"picked":"SKIP","floor":40},{"not_picked":["Sucker Punch+1","Acrobatics+1"],"picked":"Cloak And Dagger+1","floor":41},{"not_picked":["PiercingWail","Quick Slash+1"],"picked":"Dagger Spray","floor":45},{"not_picked":["Dagger Throw+1","Outmaneuver+1","Deflect"],"picked":"SKIP","floor":47}],"player_experience":87587,"relics_obtained":[{"floor":9,"key":"Orichalcum"},{"floor":10,"key":"Happy Flower"},{"floor":24,"key":"Strawberry"},{"floor":26,"key":"Pear"},{"floor":27,"key":"Tough Bandages"},{"floor":43,"key":"Tiny Chest"}],"event_choices":[{"damage_healed":0,"gold_gain":0,"player_choice":"Ignored","damage_taken":0,"max_hp_gain":0,"max_hp_loss":0,"event_name":"Liars Game","floor":2,"gold_loss":0},{"cards_removed":["Strike_G"],"damage_healed":0,"gold_gain":0,"player_choice":"Offered Basic","damage_taken":0,"max_hp_gain":0,"max_hp_loss":0,"event_name":"Bonfire Elementals","floor":3,"gold_loss":0},{"damage_healed":0,"gold_gain":0,"player_choice":"Got Potions","damage_taken":0,"max_hp_gain":0,"max_hp_loss":0,"event_name":"The Lab","floor":4,"gold_loss":0},{"cards_removed":["Defend_G"],"damage_healed":0,"gold_gain":0,"player_choice":"Card Removal","damage_taken":0,"max_hp_gain":0,"max_hp_loss":0,"event_name":"The Cleric","floor":5,"gold_loss":50},{"cards_removed":["Defend_G"],"damage_healed":0,"gold_gain":0,"player_choice":"Forget","damage_taken":0,"max_hp_gain":0,"max_hp_loss":0,"event_name":"Living Wall","floor":12,"gold_loss":0},{"damage_healed":0,"gold_gain":0,"player_choice":"Copied","damage_taken":0,"max_hp_gain":0,"max_hp_loss":0,"event_name":"Duplicator","floor":20,"gold_loss":0,"cards_obtained":["Malaise"]},{"damage_healed":0,"gold_gain":0,"player_choice":"Ignored","damage_taken":0,"max_hp_gain":0,"max_hp_loss":0,"event_name":"Ghosts","floor":21,"gold_loss":0},{"damage_healed":0,"gold_gain":0,"player_choice":"Joined the Cult","damage_taken":6,"max_hp_gain":0,"max_hp_loss":0,"event_name":"Nest","floor":29,"gold_loss":0,"cards_obtained":["RitualDagger"]},{"cards_removed":["Strike_G"],"damage_healed":0,"gold_gain":0,"player_choice":"Upgrade and Remove","damage_taken":0,"max_hp_gain":0,"max_hp_loss":0,"event_name":"Designer","floor":31,"gold_loss":90,"cards_upgraded":["Strike_G"]},{"damage_healed":0,"gold_gain":0,"player_choice":"Upgraded","damage_taken":0,"max_hp_gain":0,"max_hp_loss":0,"event_name":"Upgrade Shrine","floor":36,"gold_loss":0,"cards_upgraded":["Envenom"]},{"damage_healed":0,"gold_gain":0,"player_choice":"Ignored","damage_taken":0,"max_hp_gain":0,"max_hp_loss":0,"event_name":"Mysterious Sphere","floor":37,"gold_loss":0}],"is_beta":false,"boss_relics":[{"not_picked":["Calling Bell","Coffee Dripper"],"picked":"Astrolabe"},{"not_picked":["Black Star","Tiny House"],"picked":"Empty Cage"}],"items_purged_floors":[11,19],"is_endless":false,"potions_floor_spawned":[1,8,16,18,22,28,30,35,45,47],"ascension_level":3}