{"gold_per_floor":[118,118,43,67,14,82,95,115,139,139,139,158,192,206,206,297,297,310,346,346,346,396,396,90,90,90,90,129,143,193,45,45,45],"floor_reached":33,"playtime":1683,"items_purged":[],"score":518,"play_id":"c962b753-87a0-471b-be6f-0ea2889ab037","local_time":"20190116190108","is_ascension_mode":true,"campfire_choices":[{"data":"Whirlwind","floor":11,"key":"SMITH"},{"data":"Shockwave","floor":15,"key":"SMITH"},{"data":"Barricade","floor":23,"key":"SMITH"},{"data":"Exhume","floor":25,"key":"SMITH"},{"data":"Bash","floor":27,"key":"SMITH"},{"data":"Shrug It Off","floor":32,"key":"SMITH"}],"neow_cost":"NONE","seed_source_timestamp":522632990909167,"circlet_count":0,"master_deck":["AscendersBane","Strike_R","Strike_R","Strike_R","Strike_R","Strike_R","Defend_R","Defend_R","Defend_R","Defend_R+1","Bash+1","Metallicize+1","Shrug It Off+1","Whirlwind+1","Shockwave+1","Exhume+1","Barricade+1","Shrug It Off","Shrug It Off"],"relics":["Burning Blood","NeowsBlessing","Golden Idol","Tiny Chest","Bronze Scales","Lantern","Eternal Feather","Red Mask","MutagenicStrength","Question Card","Dream Catcher","Singing Bowl","Art of War","Oddly Smooth Stone"],"potions_floor_usage":[12,16,16,33],"damage_taken":[{"damage":0,"enemies":"2 Louse","floor":1,"turns":1},{"damage":0,"enemies":"Jaw Worm","floor":4,"turns":1},{"damage":0,"enemies":"Lagavulin","floor":6,"turns":1},{"damage":7,"enemies":"Small Slimes","floor":7,"turns":4},{"damage":5,"enemies":"3 Louse","floor":8,"turns":5},{"damage":5,"enemies":"Looter","floor":12,"turns":3},{"damage":20,"enemies":"3 Sentries","floor":13,"turns":4},{"damage":0,"enemies":"Exordium Thugs","floor":14,"turns":3},{"damage":33,"enemies":"The Guardian","floor":16,"turns":12},{"damage":24,"enemies":"Chosen","floor":18,"turns":7},{"damage":15,"enemies":"Masked Bandits","floor":19,"turns":4},{"damage":45,"enemies":"Gremlin Leader","floor":28,"turns":9},{"damage":8,"enemies":"2 Thieves","floor":29,"turns":4},{"damage":54,"enemies":"Collector","floor":33,"turns":13}],"seed_played":"1020759606382084988","potions_obtained":[{"floor":6,"key":"SpeedPotion"},{"floor":7,"key":"LiquidBronze"},{"floor":8,"key":"Poison Potion"},{"floor":13,"key":"Fire Potion"},{"floor":14,"key":"EssenceOfSteel"},{"floor":19,"key":"FearPotion"}],"is_trial":false,"path_per_floor":["M","?","?","M","$","E","M","M","T","?","R","M","E","M","R","B",null,"M","?","?","?","?","R","$","R","T","R","E","M","T","$","R","B"],"character_chosen":"IRONCLAD","items_purchased":["Shrug It Off","Question Card","Shrug It Off","Oddly Smooth Stone"],"campfire_rested":0,"item_purchase_floors":[5,24,24,31],"current_hp_per_floor":[74,74,74,75,75,75,74,75,75,52,52,53,39,45,45,18,61,43,34,49,49,49,58,58,67,67,75,38,38,38,38,47,0],"gold":45,"neow_bonus":"THREE_ENEMY_KILL","is_prod":false,"is_daily":false,"chose_seed":false,"campfire_upgraded":6,"win_rate":0,"timestamp":1547694068,"path_taken":["M","?","?","M","$","E","M","M","T","?","R","M","E","M","R","BOSS","M","?","?","?","?","R","$","R","T","R","E","?","?","$","R","BOSS"],"build_version":"2019-01-10","purchased_purges":0,"victory":false,"max_hp_per_floor":[75,75,75,75,75,75,75,75,75,75,75,75,75,75,75,75,75,75,75,75,75,75,75,75,75,75,75,77,79,79,79,79,79],"card_choices":[{"not_picked":["Armaments","Thunderclap","Intimidate"],"picked":"SKIP","floor":1},{"not_picked":["Flex","Heavy Blade"],"picked":"Metallicize","floor":4},{"not_picked":["Perfected Strike","Wild Strike","Blood for Blood"],"picked":"SKIP","floor":6},{"not_picked":["Iron Wave","Heavy Blade"],"picked":"Whirlwind","floor":7},{"not_picked":["Blood for Blood","Flex","Power Through"],"picked":"SKIP","floor":8},{"not_picked":["Immolate","Pommel Strike"],"picked":"Shockwave","floor":12},{"not_picked":["Thunderclap","Armaments","True Grit"],"picked":"SKIP","floor":13},{"not_picked":["Sword Boomerang","Clothesline"],"picked":"Exhume","floor":14},{"not_picked":["Dark Embrace","Bludgeon"],"picked":"Barricade","floor":16},{"not_picked":["Iron Wave","Blood for Blood"],"picked":"Shrug It Off","floor":18},{"not_picked":["Sever Soul","Bloodletting+1","Hemokinesis","Fire Breathing"],"picked":"Singing Bowl","floor":28},{"not_picked":["Fire Breathing","Havoc","Heavy Blade","Pommel Strike"],"picked":"Singing Bowl","floor":29}],"player_experience":361196,"relics_obtained":[{"floor":6,"key":"Tiny Chest"},{"floor":9,"key":"Bronze Scales"},{"floor":13,"key":"Lantern"},{"floor":19,"key":"Red Mask"},{"floor":26,"key":"Dream Catcher"},{"floor":28,"key":"Singing Bowl"},{"floor":30,"key":"Art of War"}],"event_choices":[{"damage_healed":0,"gold_gain":0,"player_choice":"Take Wound","damage_taken":0,"relics_obtained":["Golden Idol"],"max_hp_gain":0,"max_hp_loss":0,"event_name":"Golden Idol","floor":2,"gold_loss":0,"cards_obtained":["Injury"]},{"cards_removed":["Injury"],"damage_healed":0,"gold_gain":0,"player_choice":"Card Removal","damage_taken":0,"max_hp_gain":0,"max_hp_loss":0,"event_name":"The Cleric","floor":3,"gold_loss":75},{"damage_healed":0,"gold_gain":0,"player_choice":"Entered Light","damage_taken":23,"max_hp_gain":0,"max_hp_loss":0,"event_name":"Shining Light","floor":10,"gold_loss":0,"cards_upgraded":["Metallicize","Defend_R"]},{"damage_healed":0,"gold_gain":0,"player_choice":"Fought Bandits","damage_taken":0,"max_hp_gain":0,"max_hp_loss":0,"event_name":"Masked Bandits","floor":19,"gold_loss":0},{"damage_healed":15,"gold_gain":0,"player_choice":"Heal","damage_taken":0,"max_hp_gain":0,"max_hp_loss":0,"event_name":"The Library","floor":20,"gold_loss":0},{"damage_healed":0,"gold_gain":0,"player_choice":"Inject Mutagens","damage_taken":0,"relics_obtained":["MutagenicStrength"],"max_hp_gain":0,"max_hp_loss":0,"event_name":"Drug Dealer","floor":21,"gold_loss":0},{"damage_healed":0,"gold_gain":100,"player_choice":"Bet on Murderer","damage_taken":0,"max_hp_gain":0,"max_hp_loss":0,"event_name":"The Joust","floor":22,"gold_loss":50}],"is_beta":false,"boss_relics":[{"not_picked":["Lizard Tail","Runic Dome"],"picked":"Eternal Feather"}],"items_purged_floors":[],"is_endless":false,"potions_floor_spawned":[6,7,8,13,14,19],"killed_by":"Collector","ascension_level":15}