{"gold_per_floor":[109,184,18,18,18,18,46,56,106,136,136,170,4,30,30,109,109,123,137,154,154,173,173,188,188,242,252,95,95,95,107,107,182,182,195,215,63,63,81,81,91,126,126,137,137,157,170,186,186,186],"floor_reached":51,"playtime":1664,"items_purged":["Defend_R"],"score":1229,"play_id":"f927ff6a-5260-4740-89bd-5e96375bca34","local_time":"20181205014359","is_ascension_mode":true,"campfire_choices":[{"floor":6,"key":"REST"},{"data":"Uppercut","floor":11,"key":"SMITH"},{"data":"Combust","floor":15,"key":"SMITH"},{"data":"Battle Trance","floor":23,"key":"SMITH"},{"data":"Metallicize","floor":25,"key":"SMITH"},{"data":"True Grit","floor":29,"key":"SMITH"},{"data":"Feed","floor":32,"key":"SMITH"},{"data":"Dark Embrace","floor":40,"key":"SMITH"},{"floor":45,"key":"REST"},{"floor":49,"key":"REST"}],"neow_cost":"NONE","seed_source_timestamp":2692804930753,"circlet_count":0,"master_deck":["AscendersBane","Strike_R+1","Strike_R","Strike_R","Defend_R","Defend_R","Defend_R","Bash","Uppercut+1","Apotheosis+1","Blood for Blood","True Grit+1","Thunderclap","Cleave","Good Instincts","Combust+1","Feed","Feel No Pain","Battle Trance+1","Metallicize+1","Feed+1","Dark Embrace+1","Inflame","True Grit+1","Disarm+1"],"relics":["Burning Blood","NeowsBlessing","Self Forming Clay","Vajra","Orichalcum","Anchor","Mercury Hourglass","Runic Dome","Bag of Preparation","Bag of Marbles","Lizard Tail","Oddly Smooth Stone","Omamori","Mummified Hand"],"potions_floor_usage":[10,14,18,33,39,50,50],"damage_taken":[{"damage":0,"enemies":"Cultist","floor":1,"turns":1},{"damage":0,"enemies":"Lagavulin","floor":7,"turns":1},{"damage":0,"enemies":"Jaw Worm","floor":8,"turns":1},{"damage":26,"enemies":"Gremlin Nob","floor":10,"turns":4},{"damage":13,"enemies":"Lagavulin","floor":12,"turns":6},{"damage":3,"enemies":"3 Sentries","floor":14,"turns":6},{"damage":7,"enemies":"The Guardian","floor":16,"turns":8},{"damage":12,"enemies":"Spheric Guardian","floor":18,"turns":4},{"damage":19,"enemies":"Chosen","floor":19,"turns":5},{"damage":5,"enemies":"Shelled Parasite and Fungi","floor":20,"turns":4},{"damage":3,"enemies":"Cultist and Chosen","floor":22,"turns":3},{"damage":7,"enemies":"Chosen and Byrds","floor":24,"turns":5},{"damage":4,"enemies":"Centurion and Healer","floor":27,"turns":4},{"damage":3,"enemies":"Cultist and Chosen","floor":31,"turns":6},{"damage":57,"enemies":"Champ","floor":33,"turns":9},{"damage":16,"enemies":"3 Shapes","floor":35,"turns":3},{"damage":28,"enemies":"3 Darklings","floor":36,"turns":4},{"damage":2,"enemies":"4 Shapes","floor":39,"turns":1},{"damage":14,"enemies":"Transient","floor":41,"turns":5},{"damage":35,"enemies":"Nemesis","floor":42,"turns":9},{"damage":16,"enemies":"Maw","floor":44,"turns":8},{"damage":21,"enemies":"4 Shapes","floor":46,"turns":4},{"damage":16,"enemies":"3 Darklings","floor":47,"turns":4},{"damage":14,"enemies":"Writhing Mass","floor":48,"turns":5},{"damage":64,"enemies":"Time Eater","floor":50,"turns":13}],"seed_played":"-4665960232882902611","potions_obtained":[{"floor":1,"key":"Fire Potion"},{"floor":7,"key":"GamblersBrew"},{"floor":16,"key":"Weak Potion"},{"floor":18,"key":"Energy Potion"},{"floor":19,"key":"Poison Potion"},{"floor":36,"key":"Ancient Potion"},{"floor":39,"key":"Dexterity Potion"}],"is_trial":false,"path_per_floor":["M","?","$","?","?","R","E","M","T","E","R","E","$","E","R","B",null,"M","M","M","?","M","R","M","R","T","M","$","R","?","M","R","B",null,"M","M","$","?","M","R","M","E","T","M","R","M","M","M","R","B",null],"character_chosen":"IRONCLAD","items_purchased":["Apotheosis","Good Instincts","Bag of Marbles","Oddly Smooth Stone"],"campfire_rested":3,"item_purchase_floors":[3,13,28,37],"current_hp_per_floor":[78,67,67,51,51,75,80,80,80,60,60,53,53,56,56,55,74,68,55,60,84,88,88,87,87,87,92,92,92,92,96,96,49,87,85,63,63,63,67,67,59,34,34,28,62,54,44,40,78,20],"gold":186,"neow_bonus":"THREE_ENEMY_KILL","is_prod":false,"is_daily":false,"chose_seed":false,"campfire_upgraded":7,"win_rate":0,"timestamp":1543974239,"path_taken":["M","?","$","?","?","R","E","M","T","E","R","E","$","E","R","BOSS","M","M","M","?","M","R","M","R","T","M","$","R","?","M","R","BOSS","M","M","$","?","M","R","M","E","T","M","R","M","?","M","R","BOSS"],"build_version":"2018-11-15","purchased_purges":1,"victory":true,"max_hp_per_floor":[80,80,80,80,80,80,80,80,80,80,80,80,80,80,80,80,80,80,80,84,84,88,88,88,88,88,92,92,92,92,96,96,100,100,108,108,108,108,108,108,108,112,112,116,116,123,123,127,127,127],"card_choices":[{"not_picked":["Corruption","Sword Boomerang"],"picked":"Uppercut","floor":1},{"not_picked":["True Grit","Flex"],"picked":"Blood for Blood","floor":7},{"not_picked":["Flame Barrier","Dual Wield"],"picked":"True Grit","floor":8},{"not_picked":["Double Tap","Ghostly Armor"],"picked":"Thunderclap","floor":10},{"not_picked":["Infernal Blade","Impervious"],"picked":"Cleave","floor":12},{"not_picked":["Warcry","Shrug It Off"],"picked":"Combust","floor":14},{"not_picked":["Impervious","Double Tap"],"picked":"Feed","floor":16},{"not_picked":["Seeing Red+1","Anger"],"picked":"Feel No Pain","floor":18},{"not_picked":["Havoc","True Grit","Clothesline"],"picked":"SKIP","floor":19},{"not_picked":["Warcry","Ghostly Armor"],"picked":"Battle Trance","floor":20},{"not_picked":["Cleave","Wild Strike"],"picked":"Metallicize","floor":22},{"not_picked":["Armaments+1","Iron Wave","Shrug It Off+1"],"picked":"SKIP","floor":24},{"not_picked":["Clash","Havoc","Reckless Charge+1"],"picked":"SKIP","floor":27},{"not_picked":["Perfected Strike","Shrug It Off"],"picked":"Feed","floor":31},{"not_picked":["Demon Form","Bludgeon"],"picked":"Dark Embrace","floor":33},{"not_picked":["Rampage","Evolve"],"picked":"Inflame","floor":35},{"not_picked":["Shockwave+1","Uppercut"],"picked":"True Grit+1","floor":36},{"not_picked":["Rampage","Twin Strike","Shrug It Off"],"picked":"SKIP","floor":39},{"not_picked":["Clothesline","True Grit","Armaments"],"picked":"SKIP","floor":41},{"not_picked":["Iron Wave","Seeing Red+1","Combust"],"picked":"SKIP","floor":42},{"not_picked":["Wild Strike","Cleave"],"picked":"Disarm+1","floor":44},{"not_picked":["Heavy Blade+1","Dual Wield+1","Battle Trance"],"picked":"SKIP","floor":46},{"not_picked":["Thunderclap","Iron Wave","Berserk"],"picked":"SKIP","floor":47},{"not_picked":["Seeing Red","Twin Strike","Clothesline"],"picked":"SKIP","floor":48}],"player_experience":245235,"relics_obtained":[{"floor":7,"key":"Self Forming Clay"},{"floor":9,"key":"Vajra"},{"floor":10,"key":"Orichalcum"},{"floor":12,"key":"Anchor"},{"floor":14,"key":"Mercury Hourglass"},{"floor":26,"key":"Bag of Preparation"},{"floor":42,"key":"Omamori"},{"floor":43,"key":"Mummified Hand"}],"event_choices":[{"damage_healed":0,"gold_gain":75,"player_choice":"Gather Gold","damage_taken":11,"max_hp_gain":0,"max_hp_loss":0,"event_name":"World of Goop","floor":2,"gold_loss":0},{"damage_healed":0,"gold_gain":0,"player_choice":"Entered Light","damage_taken":16,"max_hp_gain":0,"max_hp_loss":0,"event_name":"Shining Light","floor":4,"gold_loss":0,"cards_upgraded":["Strike_R","Apotheosis"]},{"damage_healed":0,"gold_gain":0,"player_choice":"Leave","damage_taken":0,"max_hp_gain":0,"max_hp_loss":0,"event_name":"The Cleric","floor":5,"gold_loss":0},{"damage_healed":28,"gold_gain":0,"player_choice":"Heal","damage_taken":0,"max_hp_gain":0,"max_hp_loss":0,"event_name":"The Library","floor":21,"gold_loss":0},{"cards_removed":["Strike_R"],"damage_healed":0,"gold_gain":0,"player_choice":"Elegance","damage_taken":0,"max_hp_gain":0,"max_hp_loss":0,"event_name":"Back to Basics","floor":30,"gold_loss":0},{"cards_removed":["Strike_R"],"damage_healed":0,"gold_gain":0,"player_choice":"Offered Basic","damage_taken":0,"max_hp_gain":0,"max_hp_loss":0,"event_name":"Bonfire Elementals","floor":38,"gold_loss":0}],"is_beta":false,"boss_relics":[{"not_picked":["Calling Bell","Empty Cage"],"picked":"Runic Dome"},{"not_picked":["Eternal Feather","Coffee Dripper"],"picked":"Lizard Tail"}],"items_purged_floors":[13],"is_endless":false,"potions_floor_spawned":[1,7,8,16,18,19,27,31,36,39,44,48],"ascension_level":13}