{"gold_per_floor":[118,118,193,163,49,49,81,95,95,95,123,134,134,160,160,231,231,249,249,268,111,22,22,41,41,41,41,41,119,139,154,154,154],"floor_reached":33,"playtime":2240,"items_purged":["Clumsy"],"score":543,"play_id":"b739e2ef-4ae6-484a-b516-acd859033bf2","local_time":"20190121103209","is_ascension_mode":true,"campfire_choices":[{"data":"Bandage Up","floor":6,"key":"SMITH"},{"data":"Body Slam","floor":10,"key":"SMITH"},{"floor":15,"key":"REST"},{"data":"Feed","floor":23,"key":"SMITH"},{"data":"Armaments","floor":25,"key":"SMITH"},{"floor":27,"key":"REST"},{"data":"Inflame","floor":32,"key":"SMITH"}],"neow_cost":"CURSE","seed_source_timestamp":923532107939009,"circlet_count":0,"master_deck":["AscendersBane","Strike_R+1","Strike_R+1","Strike_R+1","Strike_R+1","Defend_R+1","Defend_R+1","Defend_R+1","Defend_R+1","Bash","Bandage Up+1","Discovery","Inflame","Body Slam+1","Disarm","Feed+1","Armaments+1","Inflame+1","Shrug It Off"],"relics":["Burning Blood","Gremlin Horn","Blood Vial","Bottled Flame","Bronze Scales","Bag of Preparation","Runic Cube","Anchor","Juzu Bracelet","Singing Bowl"],"potions_floor_usage":[7,7,11,14,20,24,33],"damage_taken":[{"damage":6,"enemies":"2 Louse","floor":1,"turns":3},{"damage":0,"enemies":"3 Sentries","floor":7,"turns":2},{"damage":9,"enemies":"Small Slimes","floor":8,"turns":4},{"damage":56,"enemies":"Gremlin Nob","floor":11,"turns":5},{"damage":1,"enemies":"Cultist","floor":12,"turns":3},{"damage":35,"enemies":"Lagavulin","floor":14,"turns":6},{"damage":19,"enemies":"Hexaghost","floor":16,"turns":9},{"damage":52,"enemies":"Spheric Guardian","floor":18,"turns":6},{"damage":12,"enemies":"Chosen","floor":20,"turns":6},{"damage":37,"enemies":"Shelled Parasite and Fungi","floor":24,"turns":5},{"damage":0,"enemies":"Centurion and Healer","floor":30,"turns":6},{"damage":6,"enemies":"Snecko","floor":31,"turns":5},{"damage":66,"enemies":"Collector","floor":33,"turns":7}],"seed_played":"8108236827703300946","potions_obtained":[{"floor":4,"key":"Explosive Potion"},{"floor":4,"key":"AttackPotion"},{"floor":7,"key":"Block Potion"},{"floor":8,"key":"Dexterity Potion"},{"floor":11,"key":"PowerPotion"},{"floor":16,"key":"Poison Potion"},{"floor":18,"key":"Block Potion"},{"floor":24,"key":"FearPotion"},{"floor":31,"key":"Explosive Potion"}],"is_trial":false,"path_per_floor":["M","?","?","?","$","R","E","M","T","R","E","M","$","E","R","B",null,"M","?","M","$","$","R","M","R","T","R","?","T","M","M","R","B"],"character_chosen":"IRONCLAD","items_purchased":["Inflame","Anchor","Inflame"],"campfire_rested":2,"item_purchase_floors":[5,21,22],"current_hp_per_floor":[72,54,43,43,43,43,55,60,60,60,18,31,31,10,32,27,63,28,28,30,30,30,30,11,11,11,35,35,35,53,57,57,0],"gold":154,"neow_bonus":"RANDOM_COLORLESS_2","is_prod":false,"is_daily":false,"chose_seed":false,"campfire_upgraded":5,"win_rate":0,"timestamp":1548095529,"path_taken":["M","?","?","?","$","R","E","?","T","R","E","M","?","E","R","BOSS","M","?","?","?","$","R","M","R","T","R","?","?","M","M","R","BOSS"],"build_version":"2019-01-17v2","purchased_purges":1,"victory":false,"max_hp_per_floor":[75,75,75,75,75,75,75,75,75,75,75,75,75,75,75,75,75,78,78,78,78,78,78,82,82,82,82,82,82,86,88,88,88],"card_choices":[{"not_picked":["Headbutt","Hemokinesis","Flex"],"picked":"SKIP","floor":1},{"not_picked":["True Grit","Cleave"],"picked":"Body Slam","floor":7},{"not_picked":["Second Wind","Flex","Twin Strike"],"picked":"SKIP","floor":8},{"not_picked":["Heavy Blade","Fire Breathing","Body Slam"],"picked":"SKIP","floor":11},{"not_picked":["Reckless Charge","Rupture","Heavy Blade"],"picked":"SKIP","floor":12},{"not_picked":["Fire Breathing","Seeing Red"],"picked":"Disarm","floor":14},{"not_picked":["Juggernaut","Bludgeon"],"picked":"Feed","floor":16},{"not_picked":["Cleave","Pommel Strike","Twin Strike"],"picked":"SKIP","floor":18},{"not_picked":["Body Slam","Sword Boomerang"],"picked":"Armaments","floor":20},{"not_picked":["Cleave","Rage","Warcry"],"picked":"SKIP","floor":24},{"not_picked":["True Grit","Sword Boomerang"],"picked":"Shrug It Off","floor":30},{"not_picked":["Fiend Fire","Hemokinesis","Armaments+1"],"picked":"Singing Bowl","floor":31}],"player_experience":443927,"relics_obtained":[{"floor":7,"key":"Blood Vial"},{"floor":9,"key":"Bottled Flame"},{"floor":11,"key":"Bronze Scales"},{"floor":14,"key":"Bag of Preparation"},{"floor":26,"key":"Juzu Bracelet"},{"floor":29,"key":"Singing Bowl"}],"event_choices":[{"damage_healed":0,"gold_gain":0,"player_choice":"Success","damage_taken":18,"relics_obtained":["Gremlin Horn"],"max_hp_gain":0,"max_hp_loss":0,"event_name":"Scrap Ooze","floor":2,"gold_loss":0},{"damage_healed":0,"gold_gain":75,"player_choice":"Gather Gold","damage_taken":11,"max_hp_gain":0,"max_hp_loss":0,"event_name":"World of Goop","floor":3,"gold_loss":0},{"damage_healed":0,"gold_gain":0,"player_choice":"Bought 2 Potions","damage_taken":0,"max_hp_gain":0,"max_hp_loss":0,"event_name":"The Woman in Blue","floor":4,"gold_loss":0},{"cards_removed":["Strike_R"],"damage_healed":0,"gold_gain":0,"player_choice":"Purged","damage_taken":0,"max_hp_gain":0,"max_hp_loss":0,"event_name":"Purifier","floor":19,"gold_loss":0},{"damage_healed":0,"gold_gain":0,"player_choice":"Simplicity","damage_taken":0,"max_hp_gain":0,"max_hp_loss":0,"event_name":"Back to Basics","floor":28,"gold_loss":0,"cards_upgraded":["Strike_R","Strike_R","Strike_R","Strike_R","Defend_R","Defend_R","Defend_R","Defend_R"]}],"is_beta":false,"boss_relics":[{"not_picked":["Orrery","Tiny House"],"picked":"Runic Cube"}],"items_purged_floors":[5],"is_endless":false,"potions_floor_spawned":[7,8,11,16,18,24,31],"killed_by":"Collector","ascension_level":18}