{"gold_per_floor":[115,115,74,84,100,126,126,156,183,201,201,201,71,87,87,161,161,180,18,18,34,34,64,64,64,64,64,77,108,108,108,108,108],"floor_reached":33,"playtime":1892,"items_purged":[],"score":527,"play_id":"96478121-a756-480c-8f55-43aaf89a153b","local_time":"20190129212811","is_ascension_mode":true,"campfire_choices":[{"data":"Neutralize","floor":7,"key":"SMITH"},{"floor":11,"key":"REST"},{"data":"Noxious Fumes","floor":15,"key":"SMITH"},{"floor":24,"key":"REST"},{"data":"Wraith Form v2","floor":27,"key":"SMITH"},{"data":"Catalyst","floor":32,"key":"SMITH"}],"neow_cost":"NONE","seed_source_timestamp":9084199247023,"circlet_count":0,"master_deck":["AscendersBane","Defend_G+1","Defend_G+1","Defend_G+1","Defend_G+1","Defend_G+1","Strike_G+1","Strike_G+1","Strike_G+1","Strike_G+1","Strike_G+1","Survivor","Neutralize+1","Dagger Throw","Neutralize","Footwork","Noxious Fumes+1","PiercingWail","Bane","Riddle With Holes","Wraith Form v2+1","Poisoned Stab","Backflip","Catalyst+1","PiercingWail","Deadly Poison+1"],"relics":["Ring of the Serpent","Centennial Puzzle","Orichalcum","Happy Flower","Question Card","Ancient Tea Set","Ninja Scroll","Ginger"],"potions_floor_usage":[10,16,23,31],"damage_taken":[{"damage":1,"enemies":"Small Slimes","floor":1,"turns":5},{"damage":3,"enemies":"Cultist","floor":4,"turns":5},{"damage":0,"enemies":"Jaw Worm","floor":5,"turns":5},{"damage":9,"enemies":"Lagavulin","floor":6,"turns":9},{"damage":28,"enemies":"Gremlin Nob","floor":8,"turns":5},{"damage":1,"enemies":"Lots of Slimes","floor":10,"turns":3},{"damage":4,"enemies":"Exordium Wildlife","floor":14,"turns":4},{"damage":11,"enemies":"The Guardian","floor":16,"turns":11},{"damage":12,"enemies":"3 Byrds","floor":18,"turns":5},{"damage":4,"enemies":"Spheric Guardian","floor":21,"turns":5},{"damage":15,"enemies":"Slavers","floor":23,"turns":7},{"damage":2,"enemies":"Cultist and Chosen","floor":28,"turns":5},{"damage":10,"enemies":"Gremlin Leader","floor":29,"turns":8},{"damage":0,"enemies":"Snake Plant","floor":31,"turns":1},{"damage":41,"enemies":"Collector","floor":33,"turns":5}],"seed_played":"-6484910109720722625","potions_obtained":[{"floor":0,"key":"Ancient Potion"},{"floor":0,"key":"Energy Potion"},{"floor":4,"key":"GhostInAJar"},{"floor":8,"key":"AttackPotion"},{"floor":14,"key":"GhostInAJar"},{"floor":28,"key":"SmokeBomb"}],"is_trial":false,"path_per_floor":["M","?","$","M","M","E","R","E","T","M","R","?","?","M","R","B",null,"M","$","$","M","?","E","R","?","T","R","M","E","?","M","R","B"],"character_chosen":"THE_SILENT","items_purchased":["Noxious Fumes","Ancient Tea Set"],"campfire_rested":2,"item_purchase_floors":[3,19],"current_hp_per_floor":[58,58,58,55,55,46,46,18,18,17,36,36,36,32,32,21,55,43,43,43,39,39,24,43,43,43,43,41,31,31,31,31,0],"gold":108,"neow_bonus":"THREE_SMALL_POTIONS","is_prod":false,"is_daily":false,"chose_seed":false,"campfire_upgraded":4,"win_rate":0,"timestamp":1548815291,"path_taken":["M","?","?","M","M","E","R","E","T","?","R","?","?","M","R","BOSS","M","?","$","M","?","E","R","?","T","R","M","E","?","M","R","BOSS"],"build_version":"2019-01-23","purchased_purges":0,"victory":false,"max_hp_per_floor":[66,66,66,66,66,66,66,66,66,66,66,66,66,66,66,66,66,66,66,66,66,66,66,66,66,66,66,66,66,66,66,66,66],"card_choices":[{"not_picked":["Deflect","Slice"],"picked":"Dagger Throw","floor":1},{"not_picked":["Endless Agony","Slice","Dagger Throw"],"picked":"SKIP","floor":4},{"not_picked":["Prepared","Choke"],"picked":"PiercingWail","floor":5},{"not_picked":["Flying Knee","Tactician","Slice"],"picked":"SKIP","floor":6},{"not_picked":["Quick Slash","Acrobatics"],"picked":"Bane","floor":8},{"not_picked":["Burst","Dagger Throw"],"picked":"Riddle With Holes","floor":10},{"not_picked":["Bane","Acrobatics","Underhanded Strike","Expertise"],"picked":"SKIP","floor":14},{"not_picked":["Burst","Phantasmal Killer","Tools of the Trade"],"picked":"Wraith Form v2","floor":16},{"not_picked":["Leg Sweep","Dagger Throw","Sucker Punch"],"picked":"Poisoned Stab","floor":18},{"not_picked":["PiercingWail","Finisher","Prepared"],"picked":"Backflip","floor":21},{"not_picked":["Underhanded Strike","Masterful Stab","Adrenaline"],"picked":"Catalyst","floor":23},{"not_picked":["Sucker Punch","Bane+1","Acrobatics"],"picked":"PiercingWail","floor":28},{"not_picked":["Calculated Gamble","Prepared","Flechettes"],"picked":"Deadly Poison+1","floor":29}],"player_experience":519515,"relics_obtained":[{"floor":6,"key":"Centennial Puzzle"},{"floor":8,"key":"Orichalcum"},{"floor":9,"key":"Happy Flower"},{"floor":23,"key":"Ninja Scroll"},{"floor":29,"key":"Ginger"}],"event_choices":[{"damage_healed":0,"gold_gain":0,"player_choice":"2 cards matched","damage_taken":0,"max_hp_gain":0,"max_hp_loss":0,"event_name":"Match and Keep!","floor":2,"gold_loss":0,"cards_obtained":["Neutralize","Footwork"]},{"damage_healed":0,"gold_gain":0,"player_choice":"Ignored","damage_taken":0,"max_hp_gain":0,"max_hp_loss":0,"event_name":"Shining Light","floor":12,"gold_loss":0},{"damage_healed":0,"gold_gain":0,"player_choice":"Paid Gold","damage_taken":0,"relics_obtained":["Question Card"],"max_hp_gain":0,"max_hp_loss":0,"event_name":"WeMeetAgain","floor":13,"gold_loss":130},{"damage_healed":0,"gold_gain":0,"player_choice":"Simplicity","damage_taken":0,"max_hp_gain":0,"max_hp_loss":0,"event_name":"Back to Basics","floor":22,"gold_loss":0,"cards_upgraded":["Defend_G","Defend_G","Defend_G","Defend_G","Defend_G","Strike_G","Strike_G","Strike_G","Strike_G","Strike_G"]},{"damage_healed":0,"gold_gain":0,"player_choice":"Ignored","damage_taken":0,"max_hp_gain":0,"max_hp_loss":0,"event_name":"The Mausoleum","floor":30,"gold_loss":0}],"is_beta":false,"boss_relics":[{"not_picked":["WristBlade","Busted Crown"],"picked":"Ring of the Serpent"}],"items_purged_floors":[],"is_endless":false,"potions_floor_spawned":[4,8,14,28,31],"killed_by":"Collector","ascension_level":16}