{"gold_per_floor":[112,78,78,78,91,129,143,166,166,166],"floor_reached":10,"playtime":181,"items_purged":[],"score":86,"play_id":"0d80204d-0f10-414a-9192-46756f4313c0","local_time":"20181111213000","is_ascension_mode":true,"campfire_choices":[],"neow_cost":"NONE","seed_source_timestamp":185558296822123,"circlet_count":0,"master_deck":["Defend_G","Defend_G","Defend_G","Defend_G","Defend_G","Strike_G","Strike_G","Strike_G","Strike_G","Survivor","Neutralize","Venomology","Escape Plan","Backflip","Well Laid Plans","Predator"],"relics":["Ring of the Snake","Golden Idol","Snake Skull","Pen Nib","Bottled Lightning"],"potions_floor_usage":[5,6,6,6],"damage_taken":[{"damage":7,"enemies":"Jaw Worm","floor":1,"turns":6},{"damage":0,"enemies":"Small Slimes","floor":5,"turns":3},{"damage":33,"enemies":"Gremlin Nob","floor":6,"turns":5},{"damage":5,"enemies":"2 Louse","floor":7,"turns":4},{"damage":0,"enemies":"Blue Slaver","floor":10,"turns":1}],"seed_played":"-3904861967971475396","potions_obtained":[{"floor":5,"key":"LiquidBronze"},{"floor":7,"key":"Explosive Potion"}],"is_trial":false,"path_per_floor":["M","?","?","?","M","E","M","T","T","M"],"character_chosen":"THE_SILENT","items_purchased":[],"campfire_rested":0,"item_purchase_floors":[],"current_hp_per_floor":[56,56,56,49,49,16,11,11,11,11],"gold":166,"neow_bonus":"ONE_RANDOM_RARE_CARD","is_prod":false,"is_daily":false,"chose_seed":false,"campfire_upgraded":0,"win_rate":0,"timestamp":1541971800,"path_taken":["M","?","?","?","M","E","M","?","T","M"],"build_version":"2018-11-08","purchased_purges":0,"victory":false,"max_hp_per_floor":[70,70,65,65,65,65,65,65,65,65],"card_choices":[{"not_picked":["Underhanded Strike","Prepared"],"picked":"Escape Plan","floor":1},{"not_picked":["Caltrops","Eviscerate"],"picked":"Backflip","floor":5},{"not_picked":["Skewer","Dagger Throw"],"picked":"Well Laid Plans","floor":6},{"not_picked":["Dagger Throw","Bane"],"picked":"Predator","floor":7}],"player_experience":146102,"relics_obtained":[{"floor":6,"key":"Snake Skull"},{"floor":8,"key":"Pen Nib"},{"floor":9,"key":"Bottled Lightning"}],"event_choices":[{"damage_healed":0,"gold_gain":0,"player_choice":"Left Gold","damage_taken":0,"max_hp_gain":0,"max_hp_loss":0,"event_name":"World of Goop","floor":2,"gold_loss":34},{"damage_healed":0,"gold_gain":0,"player_choice":"Lose Max HP","damage_taken":0,"relics_obtained":["Golden Idol"],"max_hp_gain":0,"max_hp_loss":5,"event_name":"Golden Idol","floor":3,"gold_loss":0},{"cards_removed":["Strike_G"],"damage_healed":0,"gold_gain":0,"player_choice":"Card Removal","damage_taken":7,"max_hp_gain":0,"max_hp_loss":0,"event_name":"Golden Wing","floor":4,"gold_loss":0}],"is_beta":false,"boss_relics":[],"items_purged_floors":[],"is_endless":false,"potions_floor_spawned":[5,7],"killed_by":"Blue Slaver","ascension_level":6}