{"gold_per_floor":[119,130,130,145,164,164,198,198,198,221,221,64,92,112,112,217,217,229,229,229,242,262,262,297,309,309,61,61,61],"floor_reached":29,"playtime":4147,"items_purged":["Stack"],"score":253,"play_id":"4dfa1485-ee1e-4157-8b7e-516bcebf2cba","local_time":"20180729034357","is_ascension_mode":false,"campfire_choices":[{"floor":6,"key":"REST"},{"floor":11,"key":"REST"},{"floor":15,"key":"REST"},{"floor":23,"key":"REST"}],"neow_cost":"NONE","seed_source_timestamp":949158734658516,"circlet_count":0,"master_deck":["Strike_B+1","Strike_B+1","Strike_B+1","Strike_B+1","Defend_B+1","Defend_B+1","Defend_B+1","Defend_B+1","Zap","Dualcast","Rip and Tear","Fusion+1","Machine Learning","Capacitor","Electrodynamics","Self Repair","Self Repair","Magnetism"],"relics":["Cracked Core","Bag of Marbles","Bag of Preparation","Odd Mushroom","Happy Flower","Smiling Mask","Runic Pyramid","Toxic Egg 2","Shuriken"],"potions_floor_usage":[16,16,16,25,25,25],"damage_taken":[{"damage":6,"enemies":"Cultist","floor":1,"turns":3},{"damage":5,"enemies":"2 Louse","floor":2,"turns":2},{"damage":0,"enemies":"Small Slimes","floor":4,"turns":2},{"damage":5,"enemies":"Red Slaver","floor":5,"turns":3},{"damage":27,"enemies":"3 Sentries","floor":7,"turns":7},{"damage":17,"floor":10,"turns":5},{"damage":10,"enemies":"Lagavulin","floor":13,"turns":5},{"damage":0,"enemies":"Blue Slaver","floor":14,"turns":2},{"damage":57,"enemies":"Slime Boss","floor":16,"turns":12},{"damage":27,"enemies":"Shell Parasite","floor":18,"turns":6},{"damage":0,"enemies":"3 Byrds","floor":21,"turns":2},{"damage":34,"enemies":"Centurion and Healer","floor":22,"turns":5},{"damage":33,"enemies":"Gremlin Leader","floor":24,"turns":6},{"damage":22,"enemies":"Chosen and Byrds","floor":25,"turns":6},{"damage":24,"enemies":"Slaver and Parasite","floor":29,"turns":2}],"seed_played":"-1687031188890204889","potions_obtained":[{"floor":2,"key":"SkillPotion"},{"floor":5,"key":"FearPotion"},{"floor":13,"key":"AttackPotion"},{"floor":16,"key":"SkillPotion"},{"floor":18,"key":"Strength Potion"},{"floor":24,"key":"EssenceOfSteel"}],"is_trial":false,"path_per_floor":["M","M","?","M","M","R","E","?","T","?","R","$","E","M","R","B",null,"M","?","?","M","M","R","E","M","T","$","?"],"character_chosen":"DEFECT","items_purchased":["Happy Flower","Magnetism"],"campfire_rested":4,"item_purchase_floors":[12,27],"current_hp_per_floor":[76,71,55,55,50,74,47,47,47,30,54,54,44,44,68,11,82,55,55,55,55,28,52,26,11,11,11,11,0],"gold":61,"neow_bonus":"TEN_PERCENT_HP_BONUS","is_prod":false,"is_daily":false,"chose_seed":false,"campfire_upgraded":0,"win_rate":0.0,"timestamp":1532853837,"path_taken":["M","?","?","M","M","R","E","?","T","?","R","$","E","M","R","BOSS","M","?","?","M","M","R","E","M","T","$","?","?"],"build_version":"2018-07-26","purchased_purges":1,"victory":false,"max_hp_per_floor":[82,82,82,82,82,82,82,82,82,82,82,82,82,82,82,82,82,82,82,82,82,82,82,82,82,82,82,82,82],"card_choices":[{"not_picked":["Barrage","Streamline"],"picked":"Rip and Tear","floor":1},{"not_picked":["Ball Lightning","Loop"],"picked":"Stack","floor":2},{"not_picked":["Lockon","Darkness"],"picked":"Fusion","floor":4},{"not_picked":["Barrage","Redo","Go for the Eyes"],"picked":"SKIP","floor":5},{"not_picked":["Streamline","Go for the Eyes","Scrape"],"picked":"SKIP","floor":7},{"not_picked":["Sweeping Beam","Cold Snap"],"picked":"Machine Learning","floor":13},{"not_picked":["Self Repair","Stack"],"picked":"Capacitor","floor":14},{"not_picked":["Fission","Rainbow"],"picked":"Electrodynamics","floor":16},{"not_picked":["White Noise","Consume"],"picked":"Self Repair","floor":18},{"not_picked":["Aggregate","Barrage+1","Compile Driver+1"],"picked":"SKIP","floor":21},{"not_picked":["Stack","Consume","Fusion"],"picked":"SKIP","floor":22},{"not_picked":["Stack","Leap","Hello World"],"picked":"SKIP","floor":24},{"not_picked":["Gash","Streamline"],"picked":"Self Repair","floor":25}],"player_experience":33199,"relics_obtained":[{"floor":7,"key":"Bag of Marbles"},{"floor":9,"key":"Bag of Preparation"},{"floor":10,"key":"Odd Mushroom"},{"floor":13,"key":"Smiling Mask"},{"floor":24,"key":"Toxic Egg 2"},{"floor":26,"key":"Shuriken"}],"event_choices":[{"event_name":"Shining Light","player_choice":"Entered Light","floor":3,"damage_taken":0},{"event_name":"Upgrade Shrine","player_choice":"Upgraded","floor":8,"damage_taken":0},{"event_name":"Mushrooms","player_choice":"Fought Mushrooms","floor":10,"damage_taken":0},{"event_name":"The Mausoleum","player_choice":"No","floor":19,"damage_taken":0},{"event_name":"Back to Basics","player_choice":"Simplicity","floor":20,"damage_taken":0},{"event_name":"Ghosts","player_choice":"Ignored","floor":28,"damage_taken":0}],"is_beta":false,"boss_relics":[{"not_picked":["Snecko Eye","Tiny House"],"picked":"Runic Pyramid"}],"items_purged_floors":[27],"is_endless":false,"potions_floor_spawned":[2,5,13,16,18,24],"killed_by":"Slaver and Parasite","ascension_level":0}