{"gold_per_floor":[117,127,4,4,4,4,35,35,35,47,75,75,90,107,107,204,204,224,224,124,124,124,124,134,144,144,144,144,154,169,182,182,280,280,291,391,66,66,66,66,66,98,125,125,141,171,171,191,191,191],"floor_reached":50,"playtime":1357,"items_purged":["Strike_R","Strike_R","Bash"],"score":853,"play_id":"cf3c141c-eac3-4bca-8816-5cdca6331774","local_time":"20181128205819","is_ascension_mode":true,"campfire_choices":[{"data":"Armaments","floor":6,"key":"SMITH"},{"data":"Searing Blow","floor":8,"key":"SMITH"},{"data":"Searing Blow+1","floor":12,"key":"SMITH"},{"data":"Searing Blow+2","floor":15,"key":"SMITH"},{"data":"Searing Blow+3","floor":23,"key":"SMITH"},{"data":"Searing Blow+4","floor":27,"key":"SMITH"},{"data":"Searing Blow+5","floor":32,"key":"SMITH"},{"data":"Searing Blow+6","floor":40,"key":"SMITH"},{"floor":49,"key":"REST"}],"neow_cost":"PERCENT_DAMAGE","seed_source_timestamp":6404649394470,"circlet_count":0,"master_deck":["AscendersBane","Defend_R","Defend_R","Defend_R","Defend_R","Warcry","Armaments+1","Body Slam","Searing Blow+7","Impervious","Armaments","Offering","Body Slam","Regret"],"relics":["Burning Blood","Bronze Scales","Gremlin Horn","Boot","Cursed Key","Strawberry","CultistMask","Busted Crown","Unceasing Top","Lee\u0027s Waffle","Nunchaku","Blood Vial","Juzu Bracelet"],"potions_floor_usage":[7,11,14,25,30,33,46,48],"damage_taken":[{"damage":10,"enemies":"Cultist","floor":1,"turns":5},{"damage":1,"enemies":"Jaw Worm","floor":2,"turns":6},{"damage":14,"enemies":"Lagavulin","floor":7,"turns":6},{"damage":0,"enemies":"Small Slimes","floor":10,"turns":3},{"damage":17,"enemies":"Gremlin Nob","floor":11,"turns":4},{"damage":0,"enemies":"2 Fungi Beasts","floor":13,"turns":4},{"damage":0,"enemies":"Gremlin Gang","floor":14,"turns":5},{"damage":21,"enemies":"The Guardian","floor":16,"turns":11},{"damage":0,"enemies":"3 Byrds","floor":18,"turns":2},{"damage":0,"enemies":"Spheric Guardian","floor":24,"turns":3},{"damage":12,"enemies":"Cultist and Chosen","floor":25,"turns":6},{"damage":0,"enemies":"Snake Plant","floor":29,"turns":2},{"damage":45,"enemies":"Shelled Parasite and Fungi","floor":30,"turns":5},{"damage":0,"enemies":"Cultist and Chosen","floor":31,"turns":6},{"damage":56,"enemies":"Automaton","floor":33,"turns":10},{"damage":23,"enemies":"3 Darklings","floor":35,"turns":5},{"damage":6,"enemies":"Mind Bloom Boss Battle","floor":36,"turns":7},{"damage":20,"enemies":"Reptomancer","floor":42,"turns":6},{"damage":7,"enemies":"Orb Walker","floor":45,"turns":2},{"damage":28,"enemies":"Giant Head","floor":46,"turns":6},{"damage":41,"enemies":"Maw","floor":48,"turns":5},{"damage":70,"enemies":"Time Eater","floor":50,"turns":7}],"seed_played":"996670162292701593","potions_obtained":[{"floor":2,"key":"Block Potion"},{"floor":10,"key":"Swift Potion"},{"floor":11,"key":"Weak Potion"},{"floor":16,"key":"BloodPotion"},{"floor":18,"key":"AttackPotion"},{"floor":30,"key":"Ancient Potion"},{"floor":31,"key":"SneckoOil"},{"floor":42,"key":"BloodPotion"},{"floor":45,"key":"Swift Potion"},{"floor":46,"key":"BloodPotion"}],"is_trial":false,"path_per_floor":["M","M","$","?","$","R","E","R","T","M","E","R","M","M","R","B",null,"M","?","$","?","?","R","M","M","T","R","?","M","M","M","R","B",null,"M","?","$","?","?","R","$","E","T","$","M","E","?","M","R","B"],"character_chosen":"IRONCLAD","items_purchased":["Body Slam","Lee\u0027s Waffle"],"campfire_rested":1,"item_purchase_floors":[3,37],"current_hp_per_floor":[47,52,52,52,52,52,44,44,44,50,39,39,45,51,51,36,69,75,75,75,82,82,82,87,81,81,81,81,87,56,62,62,12,68,51,51,94,89,89,89,89,75,75,75,76,56,56,31,57,0],"gold":191,"neow_bonus":"TRANSFORM_TWO_CARDS","is_prod":false,"is_daily":false,"chose_seed":false,"campfire_upgraded":8,"win_rate":0,"timestamp":1543438699,"path_taken":["M","M","$","?","$","R","E","R","T","M","E","R","M","M","R","BOSS","M","?","$","?","?","R","M","?","T","R","?","M","?","M","R","BOSS","M","?","$","?","?","R","?","E","T","$","M","E","?","M","R","BOSS"],"build_version":"2018-11-15","purchased_purges":3,"victory":false,"max_hp_per_floor":[80,80,80,80,80,80,80,80,80,80,80,80,80,80,80,80,80,80,80,80,87,87,87,87,87,87,87,87,87,87,87,87,87,87,87,87,94,89,89,89,89,89,89,89,89,89,89,89,89,89],"card_choices":[{"not_picked":["Flex","Headbutt"],"picked":"Armaments","floor":1},{"not_picked":["Rupture","Clash","Anger"],"picked":"SKIP","floor":2},{"not_picked":["Anger","Clash"],"picked":"Searing Blow","floor":7},{"not_picked":["Clash","Headbutt","Reckless Charge"],"picked":"SKIP","floor":10},{"not_picked":["Cleave","Exhume","Burning Pact"],"picked":"SKIP","floor":11},{"not_picked":["Wild Strike","Twin Strike","Anger"],"picked":"SKIP","floor":13},{"not_picked":["True Grit","Combust","Ghostly Armor"],"picked":"SKIP","floor":14},{"not_picked":["Double Tap","Juggernaut"],"picked":"Impervious","floor":16},{"not_picked":["Thunderclap","Flex"],"picked":"Armaments","floor":18},{"not_picked":["Searing Blow","Warcry","Twin Strike+1"],"picked":"SKIP","floor":24},{"not_picked":["Clothesline+1","Clash","Power Through"],"picked":"SKIP","floor":25},{"not_picked":["Fire Breathing","Pommel Strike","Spot Weakness"],"picked":"SKIP","floor":29},{"not_picked":["Clothesline","Body Slam","Sword Boomerang"],"picked":"SKIP","floor":30},{"not_picked":["Armaments","Metallicize","Searing Blow"],"picked":"SKIP","floor":31},{"not_picked":["Immolate","Barricade"],"picked":"Offering","floor":33},{"not_picked":["Headbutt"],"picked":"SKIP","floor":35},{"not_picked":[],"picked":"Body Slam","floor":42},{"not_picked":["Clothesline"],"picked":"SKIP","floor":45},{"not_picked":["Clash+1"],"picked":"SKIP","floor":46},{"not_picked":["Spot Weakness"],"picked":"SKIP","floor":48}],"player_experience":218055,"relics_obtained":[{"floor":7,"key":"Bronze Scales"},{"floor":9,"key":"Gremlin Horn"},{"floor":11,"key":"Boot"},{"floor":36,"key":"Unceasing Top"},{"floor":42,"key":"Nunchaku"},{"floor":43,"key":"Blood Vial"},{"floor":46,"key":"Juzu Bracelet"}],"event_choices":[{"damage_healed":0,"gold_gain":0,"player_choice":"Fled","damage_taken":0,"max_hp_gain":0,"max_hp_loss":0,"event_name":"Scrap Ooze","floor":4,"gold_loss":0},{"damage_healed":0,"gold_gain":0,"player_choice":"Ignored","damage_taken":0,"max_hp_gain":0,"max_hp_loss":0,"event_name":"Cursed Tome","floor":19,"gold_loss":0},{"damage_healed":0,"gold_gain":0,"player_choice":"Opened","damage_taken":0,"relics_obtained":["Strawberry"],"max_hp_gain":0,"max_hp_loss":0,"event_name":"The Mausoleum","floor":21,"gold_loss":0},{"damage_healed":0,"gold_gain":0,"player_choice":"Trade","damage_taken":0,"relics_obtained":["CultistMask"],"max_hp_gain":0,"max_hp_loss":0,"event_name":"FaceTrader","floor":22,"gold_loss":0},{"cards_removed":["Strike_R"],"damage_healed":0,"gold_gain":0,"player_choice":"Purged","damage_taken":0,"max_hp_gain":0,"max_hp_loss":0,"event_name":"Purifier","floor":28,"gold_loss":0},{"damage_healed":0,"gold_gain":0,"player_choice":"Fight","damage_taken":0,"max_hp_gain":0,"max_hp_loss":0,"event_name":"MindBloom","floor":36,"gold_loss":0},{"damage_healed":0,"gold_gain":0,"player_choice":"Max HP","damage_taken":0,"max_hp_gain":0,"max_hp_loss":5,"event_name":"Winding Halls","floor":38,"gold_loss":0},{"damage_healed":0,"gold_gain":0,"player_choice":"Ignored","damage_taken":0,"max_hp_gain":0,"max_hp_loss":0,"event_name":"Mysterious Sphere","floor":39,"gold_loss":0},{"cards_removed":["Headbutt"],"damage_healed":0,"gold_gain":0,"player_choice":"Removed Attack","damage_taken":0,"max_hp_gain":0,"max_hp_loss":0,"event_name":"Falling","floor":47,"gold_loss":0}],"is_beta":false,"boss_relics":[{"not_picked":["Mark of Pain","Eternal Feather"],"picked":"Cursed Key"},{"not_picked":["Pandora\u0027s Box","Lizard Tail"],"picked":"Busted Crown"}],"items_purged_floors":[3,20,37],"is_endless":false,"potions_floor_spawned":[2,10,11,16,18,30,31,42,45,46],"killed_by":"Time Eater","ascension_level":12}