{"gold_per_floor":[111,121,46,46,46,76,95,95,145,145,175,191,223,34,34,111,111,127,127,137,4,4,4,27,27,27,27,55,66,66,118,118,195,195,215,234,234,245,255,255,265,281,307,307,318,318,345,7,7,7],"floor_reached":51,"playtime":5618,"items_purged":["Strike_G"],"score":1201,"play_id":"7a188b51-745b-4960-b5a9-4c194d404f51","local_time":"20190129015327","is_ascension_mode":true,"campfire_choices":[{"data":"Terror","floor":8,"key":"SMITH"},{"floor":15,"key":"REST"},{"data":"After Image","floor":23,"key":"SMITH"},{"data":"Footwork","floor":27,"key":"SMITH"},{"floor":30,"key":"REST"},{"data":"A Thousand Cuts","floor":32,"key":"SMITH"},{"data":"Well Laid Plans","floor":40,"key":"SMITH"},{"data":"Caltrops","floor":44,"key":"SMITH"},{"floor":49,"key":"REST"}],"neow_cost":"NONE","seed_source_timestamp":1580206638963577,"circlet_count":0,"master_deck":["AscendersBane","Defend_G+1","Defend_G+1","Defend_G","Defend_G+1","Defend_G","Strike_G","Strike_G","Strike_G","Survivor+1","Neutralize+1","Terror+1","Caltrops+1","Backstab","Backflip","Finisher","Escape Plan","Footwork+1","Well Laid Plans+1","A Thousand Cuts+1","Backflip","After Image+1","Footwork","Cloak And Dagger","Necronomicurse","Concentrate+1","Backstab","Doppelganger","Flying Knee","Backflip+1","Mind Blast","Metamorphosis","Discovery","Predator+1","Footwork","Envenom","Infinite Blades+1","Doubt","Bouncing Flask+1","Dash"],"relics":["Ring of the Serpent","NeowsBlessing","Bottled Lightning","Regal Pillow","Bag of Preparation","Gremlin Horn","War Paint","Anchor","Bronze Scales","Necronomicon","Pantograph","PreservedInsect","Happy Flower","Cursed Key","Whetstone","The Courier","Ninja Scroll"],"potions_floor_usage":[11,11,11,13,20,20,28,36,38,42,45,50,50],"damage_taken":[{"damage":0,"enemies":"Jaw Worm","floor":1,"turns":1},{"damage":0,"enemies":"Small Slimes","floor":2,"turns":1},{"damage":0,"enemies":"3 Sentries","floor":6,"turns":2},{"damage":0,"enemies":"Cultist","floor":7,"turns":4},{"damage":12,"enemies":"Gremlin Nob","floor":11,"turns":4},{"damage":6,"enemies":"Exordium Thugs","floor":12,"turns":5},{"damage":7,"enemies":"3 Sentries","floor":13,"turns":8},{"damage":23,"enemies":"The Guardian","floor":16,"turns":13},{"damage":4,"enemies":"3 Byrds","floor":18,"turns":5},{"damage":0,"enemies":"Spheric Guardian","floor":20,"turns":4},{"damage":18,"enemies":"Gremlin Leader","floor":28,"turns":10},{"damage":0,"enemies":"Centurion and Healer","floor":29,"turns":12},{"damage":11,"enemies":"Champ","floor":33,"turns":19},{"damage":0,"enemies":"3 Darklings","floor":35,"turns":4},{"damage":0,"enemies":"Orb Walker","floor":36,"turns":4},{"damage":0,"enemies":"Maw","floor":38,"turns":6},{"damage":0,"enemies":"3 Darklings","floor":39,"turns":4},{"damage":0,"enemies":"4 Shapes","floor":41,"turns":5},{"damage":10,"enemies":"Writhing Mass","floor":42,"turns":5},{"damage":0,"enemies":"Spire Growth","floor":45,"turns":3},{"damage":0,"enemies":"Reptomancer","floor":47,"turns":5},{"damage":24,"enemies":"Donu and Deca","floor":50,"turns":8}],"seed_played":"4460269193417818045","potions_obtained":[{"floor":2,"key":"Explosive Potion"},{"floor":6,"key":"Explosive Potion"},{"floor":7,"key":"EntropicBrew"},{"floor":12,"key":"AttackPotion"},{"floor":19,"key":"EntropicBrew"},{"floor":19,"key":"Block Potion"},{"floor":28,"key":"GhostInAJar"},{"floor":29,"key":"Fire Potion"},{"floor":38,"key":"Ancient Potion"},{"floor":41,"key":"Poison Potion"},{"floor":47,"key":"Explosive Potion"}],"is_trial":false,"path_per_floor":["M","M","$","?","T","E","M","R","T","?","E","M","E","$","R","B",null,"M","?","M","$","?","R","T","?","T","R","E","M","R","T","R","B",null,"M","M","?","M","M","R","M","M","T","R","M","?","E","$","R","B",null],"character_chosen":"THE_SILENT","items_purchased":["Anchor","Well Laid Plans","Footwork","Cloak And Dagger","Ninja Scroll","Dash","PowerPotion","PowerPotion"],"campfire_rested":3,"item_purchase_floors":[14,14,21,21,48,48,48,48],"current_hp_per_floor":[63,63,63,49,49,49,49,49,49,49,37,31,24,24,60,37,62,58,58,58,58,58,58,58,42,42,42,24,24,60,60,60,59,67,67,67,57,57,57,57,57,47,47,47,47,47,47,47,70,46],"gold":7,"neow_bonus":"THREE_ENEMY_KILL","is_prod":false,"is_daily":false,"chose_seed":false,"campfire_upgraded":6,"win_rate":0,"timestamp":1548755607,"path_taken":["M","M","$","?","?","E","M","R","T","?","E","?","E","?","R","BOSS","M","?","M","?","?","R","?","?","T","R","E","?","R","?","R","BOSS","M","M","?","M","M","R","M","M","T","R","M","?","E","$","R","BOSS"],"build_version":"2019-01-23","purchased_purges":1,"victory":true,"max_hp_per_floor":[70,70,70,70,70,70,70,70,70,70,70,70,70,70,70,70,70,70,70,70,70,70,70,70,70,70,70,70,70,70,70,70,70,70,70,70,70,70,70,70,70,70,70,70,70,70,70,70,70,70],"card_choices":[{"not_picked":["Sucker Punch","Prepared"],"picked":"Terror","floor":1},{"not_picked":["Dagger Throw","Sucker Punch"],"picked":"Caltrops","floor":2},{"not_picked":["Reflex","Doppelganger"],"picked":"Backstab","floor":6},{"not_picked":["Slice","Underhanded Strike"],"picked":"Backflip","floor":7},{"not_picked":["Outmaneuver","Acrobatics"],"picked":"Finisher","floor":11},{"not_picked":["All Out Attack","Blade Dance"],"picked":"Escape Plan","floor":12},{"not_picked":["Flying Knee","Calculated Gamble"],"picked":"Footwork","floor":13},{"not_picked":["Glass Knife","Bullet Time"],"picked":"A Thousand Cuts","floor":16},{"not_picked":["Quick Slash","Sucker Punch"],"picked":"Backflip","floor":18},{"not_picked":["Dagger Throw+1","Endless Agony+1"],"picked":"After Image","floor":20},{"not_picked":["Blade Dance","Setup"],"picked":"Concentrate+1","floor":28},{"not_picked":["Outmaneuver","Underhanded Strike"],"picked":"Backstab","floor":29},{"not_picked":["Wraith Form v2","Phantasmal Killer"],"picked":"Doppelganger","floor":33},{"not_picked":["Outmaneuver","Deadly Poison"],"picked":"Flying Knee","floor":35},{"not_picked":["Slice","Quick Slash"],"picked":"Backflip+1","floor":36},{"not_picked":["Blind","Sadistic Nature"],"picked":"Mind Blast","floor":37},{"not_picked":["Discovery","Purity"],"picked":"Metamorphosis","floor":37},{"not_picked":["Forethought","Enlightenment"],"picked":"Discovery","floor":37},{"not_picked":["Slice","Calculated Gamble"],"picked":"Predator","floor":38},{"not_picked":["Underhanded Strike","PiercingWail"],"picked":"Footwork","floor":39},{"not_picked":["Underhanded Strike","PiercingWail"],"picked":"Envenom","floor":41},{"not_picked":["Sucker Punch","Underhanded Strike"],"picked":"Infinite Blades+1","floor":42},{"not_picked":["Slice","Prepared","Concentrate+1"],"picked":"SKIP","floor":45},{"not_picked":["Flying Knee","Backstab"],"picked":"Bouncing Flask+1","floor":47}],"player_experience":519765,"relics_obtained":[{"floor":5,"key":"Bottled Lightning"},{"floor":6,"key":"Regal Pillow"},{"floor":9,"key":"Bag of Preparation"},{"floor":11,"key":"Gremlin Horn"},{"floor":13,"key":"War Paint"},{"floor":24,"key":"Bronze Scales"},{"floor":25,"key":"Necronomicon"},{"floor":26,"key":"Pantograph"},{"floor":28,"key":"PreservedInsect"},{"floor":31,"key":"Happy Flower"},{"floor":43,"key":"Whetstone"},{"floor":47,"key":"The Courier"}],"event_choices":[{"damage_healed":0,"gold_gain":0,"player_choice":"Entered Light","damage_taken":14,"max_hp_gain":0,"max_hp_loss":0,"event_name":"Shining Light","floor":4,"gold_loss":0,"cards_upgraded":["Defend_G","Survivor"]},{"cards_removed":["Strike_G"],"damage_healed":0,"gold_gain":0,"player_choice":"Offered Basic","damage_taken":0,"max_hp_gain":0,"max_hp_loss":0,"event_name":"Bonfire Elementals","floor":10,"gold_loss":0},{"damage_healed":0,"gold_gain":0,"player_choice":"Got Potions","damage_taken":0,"max_hp_gain":0,"max_hp_loss":0,"event_name":"Lab","floor":19,"gold_loss":0},{"damage_healed":0,"gold_gain":0,"player_choice":"Ignored","damage_taken":0,"max_hp_gain":0,"max_hp_loss":0,"event_name":"Ghosts","floor":22,"gold_loss":0},{"damage_healed":0,"gold_gain":0,"player_choice":"Obtained Book","damage_taken":16,"max_hp_gain":0,"max_hp_loss":0,"event_name":"Cursed Tome","floor":25,"gold_loss":0},{"damage_healed":0,"gold_gain":0,"player_choice":"Memory 3","damage_taken":10,"max_hp_gain":0,"max_hp_loss":0,"event_name":"SensoryStone","floor":37,"gold_loss":0},{"damage_healed":0,"gold_gain":0,"player_choice":"Ignored","damage_taken":0,"max_hp_gain":0,"max_hp_loss":0,"event_name":"Tomb of Lord Red Mask","floor":46,"gold_loss":0}],"is_beta":false,"boss_relics":[{"not_picked":["WristBlade","Astrolabe"],"picked":"Ring of the Serpent"},{"not_picked":["Runic Dome","Black Star"],"picked":"Cursed Key"}],"items_purged_floors":[3],"is_endless":false,"potions_floor_spawned":[2,6,7,12,28,29,33,35,38,41,47],"ascension_level":13}