{"gold_per_floor":[115,115,129,129,149,184,184,220,247,265,265],"floor_reached":11,"playtime":766,"items_purged":[],"score":100,"play_id":"98ae4448-f647-4e0d-a8dc-224a272c624f","local_time":"20180820223740","is_ascension_mode":true,"campfire_choices":[{"floor":7,"key":"REST"}],"neow_cost":"NONE","seed_source_timestamp":1293497393493760,"circlet_count":0,"master_deck":["Defend_G","Defend_G","Defend_G","Defend_G","Defend_G","Strike_G","Strike_G","Strike_G","Strike_G","Survivor","Neutralize","Blade Dance","Dagger Spray","Accuracy","Backflip","Adrenaline"],"relics":["Runic Dome","Golden Idol","Potion Belt","Bronze Scales","Bag of Marbles"],"potions_floor_usage":[6,8],"damage_taken":[{"damage":3,"enemies":"2 Louse","floor":1,"turns":3},{"damage":0,"enemies":"Small Slimes","floor":3,"turns":5},{"damage":0,"enemies":"Jaw Worm","floor":5,"turns":4},{"damage":42,"enemies":"Gremlin Nob","floor":6,"turns":5},{"damage":18,"enemies":"3 Sentries","floor":8,"turns":8},{"damage":0,"enemies":"Large Slime","floor":10,"turns":5},{"damage":4,"enemies":"2 Fungi Beasts","floor":11,"turns":2}],"seed_played":"2835326042639345907","potions_obtained":[{"floor":5,"key":"Explosive Potion"},{"floor":6,"key":"Dexterity Potion"}],"is_trial":false,"path_per_floor":["M","?","M","?","M","E","R","E","T","M"],"character_chosen":"THE_SILENT","items_purchased":[],"campfire_rested":1,"item_purchase_floors":[],"current_hp_per_floor":[67,50,50,43,43,1,22,4,4,4,0],"gold":265,"neow_bonus":"BOSS_RELIC","is_prod":false,"is_daily":false,"chose_seed":false,"campfire_upgraded":0,"win_rate":0,"timestamp":1534822660,"path_taken":["M","?","M","?","M","E","R","E","T","M","M"],"build_version":"2018-08-16","purchased_purges":0,"victory":false,"max_hp_per_floor":[70,70,70,70,70,70,70,70,70,70,70],"card_choices":[{"not_picked":["Outmaneuver","Expertise","Prepared"],"picked":"SKIP","floor":1},{"not_picked":["Backflip","Quick Slash"],"picked":"Blade Dance","floor":3},{"not_picked":["Outmaneuver","Dodge and Roll"],"picked":"Dagger Spray","floor":5},{"not_picked":["Distraction","Endless Agony"],"picked":"Accuracy","floor":6},{"not_picked":["PiercingWail","Deadly Poison"],"picked":"Backflip","floor":8},{"not_picked":["Bouncing Flask","Prepared"],"picked":"Adrenaline","floor":10}],"player_experience":169551,"relics_obtained":[{"floor":6,"key":"Potion Belt"},{"floor":8,"key":"Bronze Scales"},{"floor":9,"key":"Bag of Marbles"}],"event_choices":[{"event_name":"Golden Idol","player_choice":"Take Damage","floor":2,"damage_taken":0},{"event_name":"Golden Wing","player_choice":"Card Removal","floor":4,"damage_taken":0}],"is_beta":false,"boss_relics":[],"items_purged_floors":[],"is_endless":false,"potions_floor_spawned":[5,6],"killed_by":"2 Fungi Beasts","ascension_level":4}