{"gold_per_floor":[111,121,121,121,140,175,175,207,233,233,233,260,260,272,272,373,373,390,390,35,35,46,46,81,81,81,114,124,154,182,182,182,281,281,296,296,308,61,61,96,109,133,179,205,205,225,225,244,244,244],"floor_reached":51,"playtime":6092,"items_purged":["Strike_G"],"score":729,"play_id":"9c9875a2-a3e8-4974-beb8-f7a0e6c6cd62","local_time":"20180728180941","is_ascension_mode":false,"campfire_choices":[{"floor":7,"key":"REST"},{"floor":11,"key":"REST"},{"floor":15,"key":"REST"},{"floor":23,"key":"REST"},{"floor":25,"key":"REST"},{"floor":32,"key":"REST"},{"floor":45,"key":"REST"},{"data":"After Image","floor":47,"key":"SMITH"},{"data":"Apotheosis","floor":49,"key":"SMITH"}],"neow_cost":"NONE","seed_source_timestamp":912714288386366,"circlet_count":0,"master_deck":["Strike_G","Strike_G","Strike_G","Strike_G","Survivor","Neutralize","Flying Knee","Corpse Explosion","Skewer","Slice","Well Laid Plans","Flying Knee","Dagger Throw","Glass Knife","Sucker Punch","RitualDagger","Bandage Up","Apotheosis+1","Masterful Stab","Flying Knee+1","After Image+1","Doubt","Clumsy","Distraction+1"],"relics":["Empty Cage","Ancient Tea Set","Snake Skull","Bronze Scales","Omamori","Meat on the Bone","Black Star","Pantograph","Ninja Scroll","Letter Opener","Unceasing Top","Gambling Chip","Red Mask","Toxic Egg 2","Kunai","Cursed Key","Mercury Hourglass","Regal Pillow","Vajra","Lantern","Dream Catcher","Bag of Marbles","Calipers","Sundial"],"potions_floor_usage":[33,40,40,50,50],"damage_taken":[{"damage":0,"enemies":"Small Slimes","floor":1,"turns":3},{"damage":0,"enemies":"Cultist","floor":2,"turns":3},{"damage":0,"enemies":"Jaw Worm","floor":5,"turns":3},{"damage":22,"enemies":"Lagavulin","floor":6,"turns":6},{"damage":17,"enemies":"Gremlin Nob","floor":8,"turns":4},{"damage":28,"enemies":"Lagavulin","floor":12,"turns":4},{"damage":13,"enemies":"2 Fungi Beasts","floor":14,"turns":3},{"damage":16,"enemies":"Slime Boss","floor":16,"turns":8},{"damage":27,"enemies":"Shell Parasite","floor":18,"turns":4},{"damage":10,"enemies":"Spheric Guardian","floor":22,"turns":3},{"damage":32,"enemies":"Slavers","floor":24,"turns":2},{"damage":27,"enemies":"Book of Stabbing","floor":27,"turns":3},{"damage":18,"enemies":"Cultist and Chosen","floor":28,"turns":4},{"damage":0,"floor":29,"turns":3},{"damage":30,"enemies":"Slavers","floor":30,"turns":3},{"damage":58,"enemies":"Automaton","floor":33,"turns":7},{"damage":54,"enemies":"3 Shapes","floor":35,"turns":2},{"damage":20,"enemies":"3 Darklings","floor":37,"turns":4},{"damage":31,"enemies":"Giant Head","floor":40,"turns":8},{"damage":4,"enemies":"Sphere and 2 Shapes","floor":41,"turns":3},{"damage":18,"enemies":"2 Orb Walkers","floor":44,"turns":3},{"damage":12,"enemies":"Spire Growth","floor":46,"turns":1},{"damage":0,"enemies":"3 Darklings","floor":48,"turns":2},{"damage":71,"enemies":"Time Eater","floor":50,"turns":8}],"seed_played":"-1807717125523570586","potions_obtained":[{"floor":1,"key":"GamblersBrew"},{"floor":2,"key":"Swift Potion"},{"floor":5,"key":"Strength Potion"},{"floor":14,"key":"AttackPotion"},{"floor":29,"key":"PowerPotion"},{"floor":37,"key":"Explosive Potion"},{"floor":46,"key":"SpeedPotion"}],"is_trial":false,"path_per_floor":["M","M","?","?","M","E","R","E","T","?","R","E","?","M","R","B",null,"M","?","$","?","M","R","E","R","T","E","M","?","E","$","R","B",null,"M","?","M","$","?","E","M","T","T","E","R","M","R","M","R","B"],"character_chosen":"THE_SILENT","items_purchased":["Bandage Up","Apotheosis","Mercury Hourglass"],"campfire_rested":7,"item_purchase_floors":[20,20,38],"current_hp_per_floor":[70,70,70,63,63,41,62,45,45,45,66,38,38,37,58,42,70,43,37,37,24,32,54,34,56,56,47,47,53,39,39,61,29,75,39,39,35,35,35,20,28,28,28,28,65,59,59,59,59,22],"gold":244,"neow_bonus":"BOSS_RELIC","is_prod":false,"is_daily":false,"chose_seed":false,"campfire_upgraded":2,"win_rate":0.0,"timestamp":1532819381,"path_taken":["M","M","?","?","M","E","R","E","T","?","R","E","?","M","R","BOSS","M","?","$","?","?","R","E","R","T","E","M","?","E","?","R","BOSS","M","?","M","$","?","E","M","?","T","E","R","M","R","M","R","BOSS"],"build_version":"2018-07-26","purchased_purges":1,"victory":true,"max_hp_per_floor":[70,70,70,70,70,70,70,70,70,70,70,70,70,70,70,70,70,70,70,70,75,75,75,75,75,75,75,75,75,75,75,75,75,75,75,75,75,75,75,75,75,75,75,75,75,75,75,75,75,75],"card_choices":[{"not_picked":["Poisoned Stab","Underhanded Strike"],"picked":"Flying Knee","floor":1},{"not_picked":["Deadly Poison","Dagger Spray"],"picked":"Terror","floor":2},{"not_picked":["Acrobatics","Infinite Blades"],"picked":"Corpse Explosion","floor":5},{"not_picked":["Escape Plan","Blade Dance"],"picked":"Skewer","floor":6},{"not_picked":["Underhanded Strike","Deflect"],"picked":"Slice","floor":8},{"not_picked":["Bane","Dagger Throw"],"picked":"Flying Knee","floor":12},{"not_picked":["Acrobatics","Underhanded Strike"],"picked":"Dagger Throw","floor":14},{"not_picked":["A Thousand Cuts","Doppelganger"],"picked":"Glass Knife","floor":16},{"not_picked":["Backflip","Footwork"],"picked":"Sucker Punch","floor":18},{"not_picked":["Catalyst","Backflip+1"],"picked":"Masterful Stab","floor":22},{"not_picked":["Quick Slash","Bouncing Flask","Dodge and Roll"],"picked":"SKIP","floor":24},{"not_picked":["Well Laid Plans","Deflect","Dagger Spray"],"picked":"SKIP","floor":27},{"not_picked":["Dagger Spray","Deadly Poison+1","PiercingWail"],"picked":"SKIP","floor":28},{"not_picked":["Deadly Poison","Dash"],"picked":"Flying Knee+1","floor":30},{"not_picked":["Malaise+1","Corpse Explosion+1"],"picked":"After Image","floor":33},{"not_picked":["Catalyst+1","Endless Agony","Dagger Throw+1"],"picked":"SKIP","floor":35},{"not_picked":["Catalyst+1","Heel Hook+1","Underhanded Strike+1"],"picked":"SKIP","floor":37},{"not_picked":["Deadly Poison+1","Backflip+1","Bouncing Flask+1"],"picked":"SKIP","floor":40},{"not_picked":["Crippling Poison+1","Bane+1","Dodge and Roll+1"],"picked":"SKIP","floor":41},{"not_picked":["Sucker Punch","Outmaneuver+1","Well Laid Plans"],"picked":"SKIP","floor":44},{"not_picked":["Deadly Poison+1","Acrobatics+1"],"picked":"Distraction+1","floor":45},{"not_picked":["Outmaneuver+1","Heel Hook+1","Flying Knee"],"picked":"SKIP","floor":46},{"not_picked":["Leg Sweep+1","Slice","Heel Hook"],"picked":"SKIP","floor":48}],"player_experience":24554,"relics_obtained":[{"floor":6,"key":"Ancient Tea Set"},{"floor":8,"key":"Snake Skull"},{"floor":9,"key":"Bronze Scales"},{"floor":12,"key":"Omamori"},{"floor":24,"key":"Pantograph"},{"floor":24,"key":"Ninja Scroll"},{"floor":26,"key":"Letter Opener"},{"floor":27,"key":"Unceasing Top"},{"floor":27,"key":"Gambling Chip"},{"floor":29,"key":"Red Mask"},{"floor":30,"key":"Toxic Egg 2"},{"floor":30,"key":"Kunai"},{"floor":40,"key":"Vajra"},{"floor":40,"key":"Lantern"},{"floor":42,"key":"Dream Catcher"},{"floor":43,"key":"Bag of Marbles"},{"floor":44,"key":"Calipers"},{"floor":44,"key":"Sundial"}],"event_choices":[{"event_name":"Purifier","player_choice":"One Purge","floor":3,"damage_taken":0},{"event_name":"Golden Wing","player_choice":"Card Removal","floor":4,"damage_taken":0},{"event_name":"Transmorgrifier","player_choice":"Transform","floor":10,"damage_taken":0},{"event_name":"Big Fish","player_choice":"Box","floor":13,"damage_taken":0},{"event_name":"Nest","player_choice":"Joined the Cult","floor":19,"damage_taken":0},{"event_name":"Forgotten Altar","player_choice":"Shed Blood","floor":21,"damage_taken":0},{"event_name":"Masked Bandits","player_choice":"Fought over 124 gold","floor":29,"damage_taken":0},{"event_name":"Falling","player_choice":"Removed Skill","floor":36,"damage_taken":0},{"event_name":"Accursed Blacksmith","player_choice":"Rummage","floor":39,"damage_taken":0}],"is_beta":false,"boss_relics":[{"not_picked":["Tiny House","Fusion Hammer"],"picked":"Black Star"},{"not_picked":["White Beast Statue","Runic Dome"],"picked":"Cursed Key"}],"items_purged_floors":[20],"is_endless":false,"potions_floor_spawned":[1,2,5,14,27,28,29,37,46,48],"ascension_level":0}