{"gold_per_floor":[113,113,113,130,142,142,174,174,200,200,233,132,151,166,166,261,261,273,304,404,415,246,246,275,292,292,292,311,311,1,1,1,96,96,113,113,113,127,349,349,382,382,382,411,9,21,35,48,48,48],"floor_reached":51,"playtime":3024,"items_purged":["Defend_R","Defend_R","Pummel"],"score":885,"play_id":"a095f0c4-4dd1-4b27-9b2f-837184f08b16","local_time":"20190202153039","is_ascension_mode":true,"campfire_choices":[{"data":"Perfected Strike","floor":6.0,"key":"SMITH"},{"data":"Infernal Blade","floor":10.0,"key":"SMITH"},{"data":"Armaments","floor":15.0,"key":"SMITH"},{"data":"Perfected Strike","floor":23.0,"key":"SMITH"},{"data":"Warcry","floor":27.0,"key":"SMITH"},{"floor":32.0,"key":"REST"},{"data":"Perfected Strike","floor":40,"key":"SMITH"},{"floor":42,"key":"REST"},{"floor":49,"key":"REST"}],"neow_cost":"NONE","seed_source_timestamp":178091832278516,"circlet_count":0,"master_deck":["Strike_R+1","Strike_R","Strike_R+1","Strike_R","Strike_R","Defend_R","Defend_R","Bash+1","Burning Pact","Perfected Strike+1","Infernal Blade+1","Battle Trance","Armaments+1","Flex","Warcry","Double Tap","Wild Strike+1","Perfected Strike+1","Whirlwind+1","Warcry+1","Evolve","Shrug It Off","Flex+1","Perfected Strike+1","Wild Strike","Warcry","Enlightenment","Master of Strategy","Enlightenment","Decay","Perfected Strike","Dropkick","Sentinel","Perfected Strike","Pommel Strike"],"special_seed":0,"relics":["Black Blood","Ancient Tea Set","Bronze Scales","Champion Belt","Boot","Pear","Red Mask","Charon\u0027s Ashes","Matryoshka","Torii","Red Skull","Paper Frog","Bottled Lightning","Runic Dome","Juzu Bracelet","Whetstone","Shuriken","Ice Cream","OrangePellets"],"potions_floor_usage":[46,50,50],"damage_taken":[{"damage":9.0,"enemies":"2 Louse","floor":1.0,"turns":3.0},{"damage":10.0,"enemies":"Small Slimes","floor":4.0,"turns":3.0},{"damage":6.0,"enemies":"Cultist","floor":5.0,"turns":3.0},{"damage":20.0,"enemies":"3 Sentries","floor":7.0,"turns":8.0},{"damage":8.0,"enemies":"Gremlin Nob","floor":11.0,"turns":3.0},{"damage":0.0,"enemies":"Large Slime","floor":13.0,"turns":4.0},{"damage":6.0,"enemies":"Looter","floor":14.0,"turns":2.0},{"damage":58.0,"enemies":"Slime Boss","floor":16.0,"turns":10.0},{"damage":19.0,"enemies":"2 Thieves","floor":18.0,"turns":3.0},{"damage":13.0,"enemies":"Masked Bandits","floor":19.0,"turns":3.0},{"damage":7.0,"enemies":"Colosseum Slavers","floor":20.0,"turns":3.0},{"damage":14.0,"enemies":"Colosseum Nobs","floor":20.0,"turns":4.0},{"damage":8.0,"enemies":"Chosen","floor":21.0,"turns":2.0},{"damage":63.0,"enemies":"Gremlin Leader","floor":24.0,"turns":3.0},{"damage":0.0,"enemies":"Snake Plant","floor":25.0,"turns":2.0},{"damage":1.0,"enemies":"Shelled Parasite and Fungi","floor":28.0,"turns":2.0},{"damage":47,"enemies":"Collector","floor":33,"turns":5},{"damage":0,"enemies":"3 Darklings","floor":35,"turns":2},{"damage":12,"enemies":"3 Shapes","floor":38,"turns":2},{"damage":64,"enemies":"Giant Head","floor":41,"turns":6},{"damage":3,"enemies":"Nemesis","floor":44,"turns":3},{"damage":32,"enemies":"Maw","floor":46,"turns":5},{"damage":0,"enemies":"Transient","floor":47,"turns":5},{"damage":18,"enemies":"Writhing Mass","floor":48,"turns":2},{"damage":49,"enemies":"Time Eater","floor":50,"turns":6}],"seed_played":"9122861574138869271","potions_obtained":[{"floor":1.0,"key":"EssenceOfSteel"},{"floor":5.0,"key":"EssenceOfSteel"},{"floor":16.0,"key":"AttackPotion"},{"floor":18.0,"key":"SteroidPotion"},{"floor":19.0,"key":"Fire Potion"},{"floor":24.0,"key":"Fire Potion"},{"floor":38,"key":"GamblersBrew"},{"floor":44,"key":"LiquidBronze"}],"is_trial":false,"path_per_floor":["?","?","M","?","?","?","?","?","?","?","M","?"],"character_chosen":"IRONCLAD","items_purchased":["Armaments","Evolve","Bottled Lightning","Wild Strike","OrangePellets","Block Potion","Sentinel"],"campfire_rested":3,"item_purchase_floors":[12,22,30,30,45,45,45],"current_hp_per_floor":[77,82,82,78,78,78,64,52,52,52,60,60,66,66,66,14,95,86,83,82,84,84,84,31,41,41,41,50,50,50,31,61,24,100,100,90,90,88,88,88,34,64,64,71,71,49,59,51,81,42],"gold":48,"neow_bonus":"UPGRADE_CARD","is_prod":false,"is_daily":false,"chose_seed":false,"campfire_upgraded":6,"win_rate":0,"timestamp":1549117839,"path_taken":["M","?","?","M","?","R","E","?","T","R","E","$","M","M","R","BOSS","M","?","?","M","$","R","E","M","T","R","M","?","$","?","R","BOSS","M","?","?","?","?","R","E","R","T","E","$","M","M","M","R","BOSS"],"build_version":"2019-01-23","purchased_purges":3,"victory":true,"max_hp_per_floor":[80,85,85,85,85,85,85,85,85,85,95,95,95,95,95,95,95,95,95,95,95,95,95,95,95,95,95,95,95,95,100,100,100,100,100,100,100,100,100,100,100,100,100,100,100,100,100,100,100,100],"card_choices":[{"not_picked":["Combust","Perfected Strike"],"picked":"Burning Pact","floor":1.0},{"not_picked":["Body Slam","Warcry"],"picked":"Pummel","floor":4.0},{"not_picked":["Iron Wave","Wild Strike"],"picked":"Perfected Strike","floor":5.0},{"not_picked":["Uppercut","Bludgeon"],"picked":"Infernal Blade","floor":7.0},{"not_picked":["Clothesline","Iron Wave"],"picked":"Battle Trance","floor":11.0},{"not_picked":["Cleave","Heavy Blade"],"picked":"Flex","floor":13.0},{"not_picked":["Iron Wave","Evolve"],"picked":"Warcry","floor":14.0},{"not_picked":["Bludgeon","Demon Form"],"picked":"Double Tap","floor":16.0},{"not_picked":["Shrug It Off","Feel No Pain"],"picked":"Wild Strike+1","floor":18.0},{"not_picked":["True Grit","Pummel"],"picked":"Perfected Strike","floor":19.0},{"not_picked":["Dual Wield+1","Uppercut"],"picked":"Whirlwind+1","floor":20.0},{"not_picked":["Twin Strike+1","Combust"],"picked":"Warcry","floor":21.0},{"not_picked":["Immolate","Uppercut"],"picked":"Shrug It Off","floor":24.0},{"not_picked":["True Grit","Carnage"],"picked":"Flex+1","floor":25.0},{"not_picked":["Twin Strike","Havoc"],"picked":"Perfected Strike","floor":28.0},{"not_picked":["Thunderclap+1","Body Slam+1"],"picked":"Warcry","floor":35},{"not_picked":["Sadistic Nature","Discovery"],"picked":"Enlightenment","floor":36},{"not_picked":["Mind Blast","Secret Weapon"],"picked":"Master of Strategy","floor":36},{"not_picked":["Swift Strike","Blind"],"picked":"Enlightenment","floor":36},{"not_picked":["Cleave","Warcry","Dual Wield"],"picked":"SKIP","floor":38},{"not_picked":["Headbutt+1","Seeing Red"],"picked":"Perfected Strike","floor":41},{"not_picked":["Power Through+1","True Grit+1"],"picked":"Dropkick","floor":44},{"not_picked":["Shrug It Off+1","Heavy Blade+1","Rage"],"picked":"SKIP","floor":46},{"not_picked":["Combust","Wild Strike+1"],"picked":"Perfected Strike","floor":47},{"not_picked":["Body Slam+1","Shrug It Off+1"],"picked":"Pommel Strike","floor":48}],"player_experience":145477,"relics_obtained":[{"floor":3.0,"key":"Ancient Tea Set"},{"floor":7.0,"key":"Bronze Scales"},{"floor":9.0,"key":"Boot"},{"floor":11.0,"key":"Pear"},{"floor":19.0,"key":"Red Mask"},{"floor":20.0,"key":"Charon\u0027s Ashes"},{"floor":20.0,"key":"Matryoshka"},{"floor":24.0,"key":"Torii"},{"floor":26.0,"key":"Red Skull"},{"floor":26.0,"key":"Paper Frog"},{"floor":41,"key":"Juzu Bracelet"},{"floor":43,"key":"Whetstone"},{"floor":43,"key":"Shuriken"},{"floor":44,"key":"Ice Cream"}],"event_choices":[{"damage_healed":0.0,"max_hp_gain":5.0,"max_hp_loss":0.0,"gold_gain":0.0,"event_name":"Big Fish","player_choice":"Donut","floor":2.0,"gold_loss":0.0,"damage_taken":0.0},{"damage_healed":0.0,"max_hp_gain":0.0,"max_hp_loss":0.0,"gold_gain":0.0,"event_name":"Wheel of Change","player_choice":"Relic","floor":3.0,"gold_loss":0.0,"damage_taken":0.0},{"damage_healed":0.0,"max_hp_gain":0.0,"max_hp_loss":0.0,"gold_gain":0.0,"event_name":"Scrap Ooze","player_choice":"Success","floor":8.0,"gold_loss":0.0,"damage_taken":12.0,"relics_obtained":["Champion Belt"]},{"damage_healed":0.0,"max_hp_gain":0.0,"max_hp_loss":0.0,"gold_gain":0.0,"event_name":"Masked Bandits","player_choice":"Fought Bandits","floor":19.0,"gold_loss":0.0,"damage_taken":0.0},{"damage_healed":0.0,"max_hp_gain":0.0,"max_hp_loss":0.0,"gold_gain":0.0,"event_name":"Colosseum","player_choice":"Fight","floor":20.0,"gold_loss":0.0,"damage_taken":0.0},{"damage_healed":0.0,"max_hp_gain":0.0,"max_hp_loss":0.0,"gold_gain":0.0,"event_name":"Colosseum","player_choice":"Fought Nobs","floor":20.0,"gold_loss":0.0,"damage_taken":0.0},{"damage_healed":0.0,"max_hp_gain":0.0,"max_hp_loss":0.0,"gold_gain":0.0,"event_name":"The Mausoleum","player_choice":"Ignored","floor":29.0,"gold_loss":0.0,"damage_taken":0.0},{"damage_healed":0.0,"max_hp_gain":5.0,"max_hp_loss":0.0,"gold_gain":0.0,"event_name":"Forgotten Altar","player_choice":"Shed Blood","floor":31.0,"gold_loss":0.0,"damage_taken":24.0},{"damage_healed":0,"gold_gain":0,"player_choice":"Memory 3","damage_taken":10,"max_hp_gain":0,"max_hp_loss":0,"event_name":"SensoryStone","floor":36,"gold_loss":0},{"damage_healed":0,"gold_gain":0,"player_choice":"Cursed","damage_taken":0,"max_hp_gain":0,"max_hp_loss":0,"event_name":"Wheel of Change","floor":37,"gold_loss":0,"cards_obtained":["Decay"]},{"damage_healed":0,"gold_gain":222,"player_choice":"Wore Mask","damage_taken":0,"max_hp_gain":0,"max_hp_loss":0,"event_name":"Tomb of Lord Red Mask","floor":39,"gold_loss":0}],"is_beta":false,"boss_relics":[{"not_picked":["Empty Cage","Fusion Hammer"],"picked":"Black Blood"},{"not_picked":["Snecko Eye","Orrery"],"picked":"Runic Dome"}],"items_purged_floors":[12,22,45],"is_endless":false,"potions_floor_spawned":[1,5,16,18,19,24,38,44],"ascension_level":3}