{"gold_per_floor":[112,112,126,138,154,169,169,203,273,293,306,326,326,351,351,453,503,518,530,530,629,641,641,641],"floor_reached":24,"playtime":3504,"items_purged":[],"score":212,"play_id":"9e978163-0cd5-46de-bd04-4c4f4f5f6539","local_time":"20181128215151","is_ascension_mode":false,"campfire_choices":[{"data":"Cleave","floor":7.0,"key":"SMITH"},{"floor":13.0,"key":"REST"},{"floor":15.0,"key":"REST"},{"floor":23,"key":"REST"}],"neow_cost":"","seed_source_timestamp":0,"circlet_count":0,"master_deck":["Strike_R","Strike_R","Strike_R","Strike_R","Strike_R","Defend_R","Defend_R","Defend_R","Bash","Anger","Corruption+1","Metallicize","Cleave+1","Sword Boomerang","Twin Strike","Armaments","Iron Wave","Bludgeon","Rage","Headbutt+1"],"special_seed":0,"relics":["Burning Blood","Bottled Flame","Mummified Hand","Ice Cream","Tiny House"],"potions_floor_usage":[22,22,22],"damage_taken":[{"damage":7.0,"enemies":"2 Louse","floor":1.0,"turns":3.0},{"damage":0.0,"enemies":"Cultist","floor":3.0,"turns":2.0},{"damage":4.0,"enemies":"Small Slimes","floor":4.0,"turns":3.0},{"damage":13.0,"enemies":"2 Fungi Beasts","floor":5.0,"turns":3.0},{"damage":20.0,"enemies":"Exordium Thugs","floor":6.0,"turns":4.0},{"damage":26.0,"enemies":"3 Sentries","floor":8.0,"turns":6.0},{"damage":13.0,"enemies":"Red Slaver","floor":10.0,"turns":2.0},{"damage":5.0,"enemies":"Gremlin Gang","floor":11.0,"turns":3.0},{"damage":10.0,"enemies":"Exordium Wildlife","floor":12.0,"turns":2.0},{"damage":27.0,"enemies":"Gremlin Nob","floor":14.0,"turns":5.0},{"damage":49.0,"enemies":"The Guardian","floor":16.0,"turns":11.0},{"damage":30,"enemies":"2 Thieves","floor":18,"turns":5},{"damage":10,"enemies":"Shell Parasite","floor":19,"turns":5},{"damage":31,"enemies":"Shelled Parasite and Fungi","floor":22,"turns":7},{"damage":46,"enemies":"Sentry and Sphere","floor":24,"turns":5}],"seed_played":"-4403044741483558191","potions_obtained":[{"floor":3.0,"key":"Fire Potion"},{"floor":8.0,"key":"Strength Potion"},{"floor":10.0,"key":"Energy Potion"},{"floor":11.0,"key":"Ancient Potion"},{"floor":17,"key":"Weak Potion"},{"floor":18,"key":"Ancient Potion"},{"floor":19,"key":"Energy Potion"}],"is_trial":false,"path_per_floor":["M","?","M","M","M","M","R","E","T","M","M","M","R","E","R","B",null,"M","M","?","?","M","R","M"],"character_chosen":"IRONCLAD","items_purchased":[],"campfire_rested":3,"item_purchase_floors":[],"current_hp_per_floor":[79,79,80,80,73,59,59,39,39,32,33,29,53,32,56,13,85,61,57,41,41,16,43,0],"gold":641,"neow_bonus":"","is_prod":false,"is_daily":false,"chose_seed":false,"campfire_upgraded":1,"win_rate":0.0,"timestamp":1543470711,"path_taken":["M","?","?","M","M","M","R","E","T","M","M","M","R","E","R","BOSS","M","M","?","?","M","R","M"],"build_version":"2018-11-15","purchased_purges":0,"victory":false,"max_hp_per_floor":[80,80,80,80,80,80,80,80,80,80,80,80,80,80,80,80,85,85,85,90,90,90,90,90],"card_choices":[{"not_picked":["Flex","Warcry"],"picked":"Anger","floor":1.0},{"not_picked":["Infernal Blade","Thunderclap"],"picked":"Metallicize","floor":3.0},{"not_picked":["Shrug It Off","Bloodletting"],"picked":"Cleave","floor":4.0},{"not_picked":["Intimidate","Feel No Pain","Clash"],"picked":"SKIP","floor":5.0},{"not_picked":["Corruption","Body Slam"],"picked":"Sword Boomerang","floor":6.0},{"not_picked":["Demon Form","Metallicize","Flex"],"picked":"SKIP","floor":8.0},{"not_picked":["Perfected Strike","Headbutt"],"picked":"Twin Strike","floor":10.0},{"not_picked":["Clothesline","Searing Blow","Headbutt"],"picked":"SKIP","floor":11.0},{"not_picked":["Dark Embrace","Warcry"],"picked":"Armaments","floor":12.0},{"not_picked":["Entrench","Dual Wield"],"picked":"Iron Wave","floor":14.0},{"not_picked":["Juggernaut","Demon Form"],"picked":"Bludgeon","floor":16.0},{"not_picked":["Perfected Strike","Sword Boomerang"],"picked":"Rage","floor":17},{"not_picked":["Sword Boomerang","Pommel Strike+1"],"picked":"Headbutt+1","floor":18},{"not_picked":["Rage+1","Perfected Strike","Warcry"],"picked":"SKIP","floor":19},{"not_picked":["Bloodletting+1","Carnage","Clothesline+1"],"picked":"SKIP","floor":22}],"player_experience":0,"relics_obtained":[{"floor":8.0,"key":"Bottled Flame"},{"floor":9.0,"key":"Mummified Hand"},{"floor":14.0,"key":"Ice Cream"}],"event_choices":[{"damage_healed":0.0,"max_hp_gain":0.0,"max_hp_loss":0.0,"gold_gain":0.0,"cards_transformed":["Defend_R"],"event_name":"Transmorgrifier","player_choice":"Transformed","floor":2.0,"gold_loss":0.0,"damage_taken":0.0,"cards_obtained":["Corruption"]},{"damage_healed":0,"gold_gain":0,"player_choice":"Shed Blood","damage_taken":21,"max_hp_gain":5,"max_hp_loss":0,"event_name":"Forgotten Altar","floor":20,"gold_loss":0},{"damage_healed":0,"gold_gain":99,"player_choice":"Stole From Cult","damage_taken":0,"max_hp_gain":0,"max_hp_loss":0,"event_name":"Nest","floor":21,"gold_loss":0}],"is_beta":false,"boss_relics":[{"not_picked":["Sozu","Coffee Dripper"],"picked":"Tiny House"}],"items_purged_floors":[],"is_endless":false,"potions_floor_spawned":[3,8,10,11,12,18,19],"killed_by":"Sentry and Sphere","ascension_level":0}