{"gold_per_floor":[114,131,148,159,159,159,172,172,172,130,141,141,141,151,151,151],"floor_reached":16,"playtime":966,"items_purged":[],"score":99,"play_id":"8eeebdc4-e254-4daa-b133-ff06e5c47f9e","local_time":"20190118144453","is_ascension_mode":true,"campfire_choices":[{"data":"Neutralize","floor":6,"key":"SMITH"},{"data":"Backstab","floor":8,"key":"SMITH"},{"data":"Adrenaline","floor":12,"key":"SMITH"},{"data":"Leg Sweep","floor":15,"key":"SMITH"}],"neow_cost":"NONE","seed_source_timestamp":790491121707900,"circlet_count":0,"master_deck":["Defend_G","Defend_G","Defend_G","Defend_G","Defend_G","Strike_G","Strike_G","Strike_G","Strike_G","Survivor","Neutralize+1","Backstab+1","Sucker Punch","Dagger Throw","Adrenaline+1","Leg Sweep+1","Dash","Burst","Crippling Poison"],"relics":["Ring of the Snake","Dodecahedron"],"potions_floor_usage":[16,16,16],"damage_taken":[{"damage":2,"enemies":"Cultist","floor":1,"turns":5},{"damage":0,"enemies":"2 Louse","floor":2,"turns":3},{"damage":0,"enemies":"Small Slimes","floor":3,"turns":3},{"damage":0,"enemies":"Looter","floor":4,"turns":2},{"damage":0,"enemies":"Lots of Slimes","floor":7,"turns":4},{"damage":1,"enemies":"Gremlin Gang","floor":11,"turns":4},{"damage":1,"enemies":"Exordium Wildlife","floor":14,"turns":3},{"damage":78,"enemies":"Hexaghost","floor":16,"turns":16}],"seed_played":"6238640359290558302","potions_obtained":[{"floor":2,"key":"FearPotion"},{"floor":7,"key":"LiquidBronze"},{"floor":11,"key":"EssenceOfSteel"}],"is_trial":false,"path_per_floor":["M","M","M","M","?","R","M","R","T","?","M","R","?","M","R","B"],"character_chosen":"THE_SILENT","items_purchased":[],"campfire_rested":0,"item_purchase_floors":[],"current_hp_per_floor":[75,75,75,75,80,80,80,80,80,80,79,79,79,78,78,0],"gold":151,"neow_bonus":"TEN_PERCENT_HP_BONUS","is_prod":false,"is_daily":false,"chose_seed":false,"campfire_upgraded":4,"win_rate":0,"timestamp":1547840693,"path_taken":["M","?","M","M","?","R","M","R","T","?","M","R","?","M","R","BOSS"],"build_version":"2019-01-17v2","purchased_purges":0,"victory":false,"max_hp_per_floor":[77,77,77,77,82,82,82,82,82,82,82,82,82,82,82,82],"card_choices":[{"not_picked":["PiercingWail","Deadly Poison"],"picked":"Backstab","floor":1},{"not_picked":["Bane","Underhanded Strike"],"picked":"Sucker Punch","floor":2},{"not_picked":["Poisoned Stab","Sucker Punch"],"picked":"Dagger Throw","floor":3},{"not_picked":["Dagger Spray","Bouncing Flask"],"picked":"Adrenaline","floor":4},{"not_picked":["Dodge and Roll","Deflect"],"picked":"Leg Sweep","floor":7},{"not_picked":["PiercingWail","Flying Knee"],"picked":"Dash","floor":11},{"not_picked":["Blade Dance","Deadly Poison"],"picked":"Crippling Poison","floor":14}],"player_experience":45285,"relics_obtained":[{"floor":9,"key":"Dodecahedron"}],"event_choices":[{"damage_healed":0,"gold_gain":0,"player_choice":"Donut","damage_taken":0,"max_hp_gain":5,"max_hp_loss":0,"event_name":"Big Fish","floor":5,"gold_loss":0},{"damage_healed":0,"gold_gain":0,"player_choice":"Left Gold","damage_taken":0,"max_hp_gain":0,"max_hp_loss":0,"event_name":"World of Goop","floor":10,"gold_loss":42},{"damage_healed":0,"gold_gain":0,"cards_transformed":["Strike_G"],"player_choice":"Transformed","damage_taken":0,"max_hp_gain":0,"max_hp_loss":0,"event_name":"Transmorgrifier","floor":13,"gold_loss":0,"cards_obtained":["Burst"]}],"is_beta":false,"boss_relics":[],"items_purged_floors":[],"is_endless":false,"potions_floor_spawned":[2,7,11],"killed_by":"Hexaghost","ascension_level":1}