{"gold_per_floor":[110,127,139,150,160,160,219,219,243,243,85,112,130,145,145,222,222,232,157,191,191,202,202,117,129,156,156,179,212,212,229,229,304,304,316,316,416,416,427,427],"floor_reached":40,"playtime":2983,"items_purged":["Strike_R"],"score":821,"play_id":"9f2cbb27-1ab0-4511-8dd7-dda014819cb8","local_time":"20190122122135","is_ascension_mode":true,"campfire_choices":[{"data":"Inflame","floor":6,"key":"SMITH"},{"data":"Demon Form","floor":8,"key":"SMITH"},{"floor":15,"key":"REST"},{"data":"Whirlwind","floor":23,"key":"SMITH"},{"data":"Metallicize","floor":27,"key":"SMITH"},{"data":"Iron Wave","floor":30,"key":"SMITH"},{"floor":32,"key":"REST"}],"neow_cost":"TEN_PERCENT_HP_LOSS","seed_source_timestamp":1015760315853110,"circlet_count":0,"master_deck":["AscendersBane","Strike_R","Strike_R","Strike_R","Strike_R","Defend_R","Defend_R+1","Defend_R","Bash","Feed","Anger","Carnage","Inflame+1","Demon Form+1","Metallicize+1","Iron Wave+1","Pummel","Whirlwind+1","Shrug It Off","Headbutt+1","Writhe"],"relics":["Burning Blood","Pen Nib","Art of War","Dream Catcher","Busted Crown","Red Mask","Mercury Hourglass","Bag of Preparation","Omamori","War Paint","Calling Bell","Ancient Tea Set","Frozen Egg 2","Mango","Unceasing Top"],"potions_floor_usage":[12,16,39,40],"damage_taken":[{"damage":9,"enemies":"Small Slimes","floor":1,"turns":5},{"damage":9,"enemies":"2 Louse","floor":2,"turns":4},{"damage":12,"enemies":"Jaw Worm","floor":3,"turns":3},{"damage":8,"enemies":"2 Fungi Beasts","floor":4,"turns":3},{"damage":7,"enemies":"Looter","floor":5,"turns":3},{"damage":25,"enemies":"3 Sentries","floor":7,"turns":7},{"damage":31,"enemies":"Gremlin Nob","floor":12,"turns":4},{"damage":23,"enemies":"Gremlin Gang","floor":13,"turns":4},{"damage":2,"enemies":"2 Fungi Beasts","floor":14,"turns":4},{"damage":31,"enemies":"The Guardian","floor":16,"turns":8},{"damage":7,"enemies":"Chosen","floor":18,"turns":3},{"damage":33,"enemies":"Masked Bandits","floor":20,"turns":3},{"damage":24,"enemies":"3 Byrds","floor":22,"turns":4},{"damage":2,"enemies":"3 Cultists","floor":25,"turns":3},{"damage":51,"enemies":"Book of Stabbing","floor":29,"turns":5},{"damage":18,"enemies":"Centurion and Healer","floor":31,"turns":5},{"damage":34,"enemies":"Champ","floor":33,"turns":7},{"damage":16,"enemies":"Orb Walker","floor":35,"turns":3},{"damage":24,"enemies":"Mind Bloom Boss Battle","floor":37,"turns":7},{"damage":45,"enemies":"3 Darklings","floor":39,"turns":3},{"damage":48,"enemies":"Reptomancer","floor":40,"turns":5}],"seed_played":"-3693132884303566191","potions_obtained":[{"floor":4,"key":"Swift Potion"},{"floor":5,"key":"SteroidPotion"},{"floor":12,"key":"Ancient Potion"},{"floor":22,"key":"LiquidBronze"},{"floor":25,"key":"Strength Potion"}],"is_trial":false,"path_per_floor":["M","M","M","M","M","R","?","R","T","?","$","E","M","M","R","B",null,"M","$","?","?","M","R","?","M","T","R","T","E","R","M","R","B",null,"M","?","?","?","M","E"],"character_chosen":"IRONCLAD","items_purchased":["Metallicize","Whirlwind"],"campfire_rested":2,"item_purchase_floors":[11,19],"current_hp_per_floor":[65,65,62,63,65,65,49,49,49,54,54,29,15,22,50,25,77,76,76,52,97,79,79,79,83,83,83,83,41,41,32,62,34,100,90,90,72,72,33,0],"gold":427,"neow_bonus":"THREE_RARE_CARDS","is_prod":false,"is_daily":false,"chose_seed":false,"campfire_upgraded":5,"win_rate":0,"timestamp":1548188495,"path_taken":["M","M","M","M","M","R","?","R","T","?","?","E","M","M","R","BOSS","M","$","?","?","?","R","?","M","T","R","?","E","R","M","R","BOSS","M","?","?","?","M","E"],"build_version":"2019-01-17v2","purchased_purges":1,"victory":false,"max_hp_per_floor":[68,71,74,77,80,80,83,83,83,88,88,88,91,94,94,94,94,94,94,97,97,97,97,97,97,97,97,97,100,100,103,103,103,117,117,117,117,117,117,117],"card_choices":[{"not_picked":["Brutality","Impervious"],"picked":"Feed","floor":0},{"not_picked":["Cleave","Bloodletting"],"picked":"Anger","floor":1},{"not_picked":["True Grit","Thunderclap","Cleave"],"picked":"SKIP","floor":2},{"not_picked":["Anger","Feel No Pain"],"picked":"Carnage","floor":3},{"not_picked":["Sentinel","Body Slam","Clothesline"],"picked":"SKIP","floor":4},{"not_picked":["Disarm","Burning Pact"],"picked":"Inflame","floor":5},{"not_picked":["Wild Strike","Pommel Strike"],"picked":"Demon Form","floor":7},{"not_picked":["Flex","Body Slam"],"picked":"Iron Wave","floor":12},{"not_picked":["Bloodletting","Cleave","Body Slam"],"picked":"SKIP","floor":13},{"not_picked":["Hemokinesis","Anger"],"picked":"Pummel","floor":14},{"not_picked":["Reckless Charge"],"picked":"SKIP","floor":18},{"not_picked":["Second Wind"],"picked":"SKIP","floor":22},{"not_picked":[],"picked":"Shrug It Off","floor":25},{"not_picked":["Blood for Blood"],"picked":"SKIP","floor":29},{"not_picked":["Flex"],"picked":"SKIP","floor":31},{"not_picked":[],"picked":"Headbutt+1","floor":32},{"not_picked":["Body Slam+1"],"picked":"SKIP","floor":35},{"not_picked":["Havoc"],"picked":"SKIP","floor":39}],"player_experience":468961,"relics_obtained":[{"floor":7,"key":"Pen Nib"},{"floor":9,"key":"Art of War"},{"floor":12,"key":"Dream Catcher"},{"floor":20,"key":"Red Mask"},{"floor":26,"key":"Bag of Preparation"},{"floor":28,"key":"Omamori"},{"floor":29,"key":"War Paint"},{"floor":34,"key":"Ancient Tea Set"},{"floor":34,"key":"Frozen Egg 2"},{"floor":34,"key":"Mango"},{"floor":37,"key":"Unceasing Top"}],"event_choices":[{"damage_healed":0,"gold_gain":0,"player_choice":"Searched \u00271\u0027 times","damage_taken":0,"max_hp_gain":0,"max_hp_loss":0,"event_name":"Dead Adventurer","floor":7,"gold_loss":0},{"damage_healed":0,"gold_gain":0,"player_choice":"Donut","damage_taken":0,"max_hp_gain":5,"max_hp_loss":0,"event_name":"Big Fish","floor":10,"gold_loss":0},{"damage_healed":0,"gold_gain":0,"player_choice":"Fought Bandits","damage_taken":0,"max_hp_gain":0,"max_hp_loss":0,"event_name":"Masked Bandits","floor":20,"gold_loss":0},{"damage_healed":45,"gold_gain":0,"player_choice":"Full Heal","damage_taken":0,"max_hp_gain":0,"max_hp_loss":0,"event_name":"Wheel of Change","floor":21,"gold_loss":0},{"damage_healed":0,"gold_gain":0,"player_choice":"Obtained Relic","damage_taken":0,"relics_obtained":["Mercury Hourglass"],"max_hp_gain":0,"max_hp_loss":0,"event_name":"Addict","floor":24,"gold_loss":85},{"cards_removed":["Defend_R"],"damage_healed":0,"gold_gain":0,"player_choice":"Removed Skill","damage_taken":0,"max_hp_gain":0,"max_hp_loss":0,"event_name":"Falling","floor":36,"gold_loss":0},{"damage_healed":0,"gold_gain":0,"player_choice":"Fight","damage_taken":0,"max_hp_gain":0,"max_hp_loss":0,"event_name":"MindBloom","floor":37,"gold_loss":0},{"damage_healed":0,"gold_gain":0,"player_choice":"Memory 1","damage_taken":0,"max_hp_gain":0,"max_hp_loss":0,"event_name":"SensoryStone","floor":38,"gold_loss":0}],"is_beta":false,"boss_relics":[{"not_picked":["Mark of Pain","Runic Cube"],"picked":"Busted Crown"},{"not_picked":["Pandora\u0027s Box","Eternal Feather"],"picked":"Calling Bell"}],"items_purged_floors":[11],"is_endless":false,"potions_floor_spawned":[4,5,12,13,14,22,25,37],"killed_by":"Reptomancer","ascension_level":18}