{"gold_per_floor":[114,128,3,23,43,43,76,76,99,111,111,111,175,192,192,293,293,310,328,345,144,157,157,172,172,172,187,187,187,217,18,18,118,118,135,155,35,53,2,2,2,2,48,66,96,110,122,147,147,147],"floor_reached":51,"playtime":3983,"items_purged":["Doubt","Strike_B"],"score":926,"play_id":"14bec624-3613-4fc3-af5d-cd845ee0e23d","local_time":"20190116175101","is_ascension_mode":true,"campfire_choices":[{"data":"Zap","floor":6,"key":"SMITH"},{"data":"Hyperbeam","floor":8,"key":"SMITH"},{"floor":11,"key":"REST"},{"data":"Conserve Battery","floor":15,"key":"SMITH"},{"data":"Buffer","floor":23,"key":"SMITH"},{"data":"Glacier","floor":25,"key":"SMITH"},{"data":"Leap","floor":28,"key":"SMITH"},{"data":"Conserve Battery","floor":32,"key":"SMITH"},{"data":"Conserve Battery","floor":40,"key":"SMITH"},{"data":"Biased Cognition","floor":42,"key":"SMITH"},{"data":"Loop","floor":49,"key":"SMITH"}],"neow_cost":"CURSE","seed_source_timestamp":1294613908693104,"circlet_count":0,"master_deck":["Strike_B","Strike_B","Defend_B","Defend_B","Defend_B","Defend_B","Zap+1","Dualcast","Hyperbeam+1","Go for the Eyes+1","Genetic Algorithm","Leap+1","Cold Snap","Ball Lightning","FTL","Conserve Battery+1","Gash","Buffer+1","Gash","Gash+1","Glacier+1","Beam Cell","Beam Cell+1","Sweeping Beam+1","Conserve Battery+1","Biased Cognition+1","Conserve Battery+1","Doom and Gloom+1","Scrape","Glacier+1","Leap+1","Loop+1","Leap+1","Cold Snap+1"],"relics":["Cracked Core","Bronze Scales","Oddly Smooth Stone","Tiny Chest","Coffee Dripper","Lee\u0027s Waffle","Gremlin Horn","Dodecahedron","Eternal Feather","Bag of Preparation","PreservedInsect","Question Card"],"potions_floor_usage":[7,16,16,18,22,30,33,38,38,45,47,50,50],"damage_taken":[{"damage":1,"enemies":"Cultist","floor":1,"turns":3},{"damage":0,"enemies":"Small Slimes","floor":2,"turns":1},{"damage":5,"enemies":"2 Louse","floor":4,"turns":2},{"damage":7,"enemies":"Red Slaver","floor":5,"turns":2},{"damage":27,"enemies":"Lagavulin","floor":7,"turns":6},{"damage":20,"enemies":"Exordium Thugs","floor":10,"turns":2},{"damage":4,"enemies":"3 Sentries","floor":13,"turns":2},{"damage":0,"enemies":"2 Fungi Beasts","floor":14,"turns":1},{"damage":13,"enemies":"The Guardian","floor":16,"turns":10},{"damage":3,"enemies":"3 Byrds","floor":18,"turns":3},{"damage":0,"enemies":"Chosen","floor":19,"turns":3},{"damage":17,"enemies":"3 Cultists","floor":20,"turns":4},{"damage":6,"enemies":"Snecko","floor":22,"turns":7},{"damage":10,"enemies":"Snake Plant","floor":24,"turns":5},{"damage":4,"enemies":"Centurion and Healer","floor":27,"turns":5},{"damage":0,"enemies":"Book of Stabbing","floor":30,"turns":5},{"damage":16,"enemies":"Collector","floor":33,"turns":11},{"damage":0,"enemies":"Orb Walker","floor":35,"turns":3},{"damage":0,"enemies":"3 Shapes","floor":36,"turns":5},{"damage":11,"enemies":"Transient","floor":38,"turns":5},{"damage":0,"enemies":"3 Darklings","floor":44,"turns":2},{"damage":0,"enemies":"Nemesis","floor":45,"turns":11},{"damage":16,"enemies":"4 Shapes","floor":46,"turns":4},{"damage":0,"enemies":"Sphere and 2 Shapes","floor":47,"turns":3},{"damage":15,"enemies":"Reptomancer","floor":48,"turns":5},{"damage":56,"enemies":"Time Eater","floor":50,"turns":12}],"seed_played":"-8799633713374921877","potions_obtained":[{"floor":5,"key":"Ancient Potion"},{"floor":7,"key":"SkillPotion"},{"floor":10,"key":"Ancient Potion"},{"floor":13,"key":"Swift Potion"},{"floor":14,"key":"Regen Potion"},{"floor":20,"key":"GamblersBrew"},{"floor":24,"key":"PowerPotion"},{"floor":27,"key":"Fire Potion"},{"floor":38,"key":"EssenceOfSteel"},{"floor":46,"key":"PowerPotion"},{"floor":48,"key":"Energy Potion"}],"is_trial":false,"path_per_floor":["M","M","$","M","M","R","E","R","T","M","R","?","E","M","R","B",null,"M","M","M","$","M","R","M","R","T","M","R","?","E","$","R","B",null,"M","M","$","M","$","R","$","R","T","M","E","M","M","E","R","B",null],"character_chosen":"DEFECT","items_purchased":["Leap","Lee\u0027s Waffle","Conserve Battery","AttackPotion","Scrape","Fire Potion","Fire Potion"],"campfire_rested":1,"item_purchase_floors":[3,21,31,31,37,37,39],"current_hp_per_floor":[74,74,74,69,62,62,35,35,35,15,37,37,33,33,33,35,65,62,62,45,82,76,76,66,66,66,62,62,62,62,62,62,46,73,73,73,73,62,62,80,80,82,82,82,82,66,66,51,69,13],"gold":147,"neow_bonus":"THREE_RARE_CARDS","is_prod":false,"is_daily":false,"chose_seed":false,"campfire_upgraded":10,"win_rate":0,"timestamp":1547682661,"path_taken":["M","M","$","M","M","R","E","R","T","?","R","?","E","?","R","BOSS","M","M","M","$","M","R","M","R","T","M","R","?","E","$","R","BOSS","M","M","$","M","?","R","?","R","T","M","E","M","M","E","R","BOSS"],"build_version":"2019-01-10","purchased_purges":2,"victory":true,"max_hp_per_floor":[75,75,75,75,75,75,75,75,75,75,75,75,75,75,75,75,75,75,75,75,82,82,82,82,82,82,82,82,82,82,82,82,82,82,82,82,82,82,82,82,82,82,82,82,82,82,82,82,82,82],"card_choices":[{"not_picked":["Meteor Strike","Thunder Strike"],"picked":"Hyperbeam","floor":0},{"not_picked":["Undo","Skim"],"picked":"Go for the Eyes","floor":1},{"not_picked":["Leap","Compile Driver"],"picked":"Genetic Algorithm","floor":2},{"not_picked":["Aggregate","Compile Driver"],"picked":"Cold Snap","floor":4},{"not_picked":["Turbo","Barrage","Compile Driver"],"picked":"SKIP","floor":5},{"not_picked":["Loop","Chaos"],"picked":"Ball Lightning","floor":7},{"not_picked":["Rebound","Undo"],"picked":"FTL","floor":10},{"not_picked":["Stack","Ball Lightning"],"picked":"Conserve Battery","floor":13},{"not_picked":["Coolheaded","Streamline"],"picked":"Gash","floor":14},{"not_picked":["Fission","Thunder Strike"],"picked":"Buffer","floor":16},{"not_picked":["Redo+1","Steam Power"],"picked":"Gash","floor":18},{"not_picked":["Steam","FTL"],"picked":"Gash+1","floor":19},{"not_picked":["Defragment","Barrage"],"picked":"Glacier","floor":20},{"not_picked":["Doom and Gloom","Consume+1"],"picked":"Beam Cell","floor":22},{"not_picked":["Reprogram","Capacitor+1","Rebound"],"picked":"SKIP","floor":24},{"not_picked":["Coolheaded","Steam"],"picked":"Beam Cell+1","floor":27},{"not_picked":["Heatsinks+1","Ball Lightning+1"],"picked":"Sweeping Beam+1","floor":30},{"not_picked":["Seek","Rainbow"],"picked":"Biased Cognition","floor":33},{"not_picked":["Turbo+1","Redo+1"],"picked":"Conserve Battery","floor":35},{"not_picked":["Reprogram","Defragment+1"],"picked":"Doom and Gloom+1","floor":36},{"not_picked":["Hello World+1","Go for the Eyes+1"],"picked":"Glacier+1","floor":38},{"not_picked":["Reprogram","Leap","Steam"],"picked":"SKIP","floor":44},{"not_picked":["Aggregate+1","Consume"],"picked":"Leap+1","floor":45},{"not_picked":["Self Repair+1","Fusion"],"picked":"Loop","floor":46},{"not_picked":["Gash+1","Compile Driver+1"],"picked":"Leap+1","floor":47},{"not_picked":["Beam Cell","Blizzard"],"picked":"Cold Snap+1","floor":48}],"player_experience":481695,"relics_obtained":[{"floor":7,"key":"Bronze Scales"},{"floor":9,"key":"Oddly Smooth Stone"},{"floor":13,"key":"Tiny Chest"},{"floor":26,"key":"Gremlin Horn"},{"floor":30,"key":"Dodecahedron"},{"floor":43,"key":"Bag of Preparation"},{"floor":45,"key":"PreservedInsect"},{"floor":48,"key":"Question Card"}],"event_choices":[{"cards_removed":["Strike_B"],"damage_healed":0,"gold_gain":0,"player_choice":"Offered Basic","damage_taken":0,"max_hp_gain":0,"max_hp_loss":0,"event_name":"Bonfire Elementals","floor":12,"gold_loss":0},{"damage_healed":0,"gold_gain":0,"player_choice":"Upgraded","damage_taken":0,"max_hp_gain":0,"max_hp_loss":0,"event_name":"Upgrade Shrine","floor":29,"gold_loss":0,"cards_upgraded":["Go for the Eyes"]}],"is_beta":false,"boss_relics":[{"not_picked":["Velvet Choker","Busted Crown"],"picked":"Coffee Dripper"},{"not_picked":["Orrery","Tiny House"],"picked":"Eternal Feather"}],"items_purged_floors":[3,31],"is_endless":false,"potions_floor_spawned":[5,7,10,13,14,20,24,27,38,46,48],"ascension_level":5}