{"gold_per_floor":[116,133,133,147,147,147,164,164,191,150,150,184,184,203,203,308,308,323,168,179,192,207,207,224,250,250,250,269,44,44,55,55,159,159,169,186,196,206,206,206,8,8,8,26,58,75,109,125,125,125],"floor_reached":51,"playtime":4395,"items_purged":["Defend_R","Defend_R"],"score":988,"play_id":"832a2c39-768b-419d-9176-c6a1fffe657e","local_time":"20180822215749","is_ascension_mode":true,"campfire_choices":[{"data":"Feed","floor":6,"key":"SMITH"},{"data":"Inflame","floor":11,"key":"SMITH"},{"data":"Flame Barrier","floor":13,"key":"SMITH"},{"data":"Bandage Up","floor":15,"key":"SMITH"},{"floor":23,"key":"REST"},{"floor":32,"key":"REST"},{"floor":40,"key":"REST"},{"floor":42,"key":"REST"},{"floor":49,"key":"REST"}],"neow_cost":"TEN_PERCENT_HP_LOSS","seed_source_timestamp":69650544803293,"circlet_count":0,"master_deck":["Strike_R","Strike_R","Strike_R","Strike_R","Strike_R","Defend_R+1","Defend_R","Bash","Feed+1","Flame Barrier+1","Sword Boomerang","Bandage Up+1","Flex","Flame Barrier+1","Inflame+1","Perfected Strike","Double Tap","Shockwave","Inflame","Disarm+1","Shockwave","Pommel Strike+1","Flame Barrier","Flame Barrier","Battle Trance","Perfected Strike","Uppercut+1","Limit Break","Limit Break","Exhume","Cleave","Disarm","Pommel Strike","Brutality","Heavy Blade+1","Whirlwind"],"relics":["Burning Blood","Singing Bowl","Orichalcum","Fusion Hammer","Matryoshka","Anchor","Dream Catcher","Nloth\u0027s Gift","Juzu Bracelet","Velvet Choker","HandDrill","Self Forming Clay","Paper Frog","War Paint","Vajra"],"potions_floor_usage":[5,12,25,33,35,46,46],"damage_taken":[{"damage":1,"enemies":"Cultist","floor":1,"turns":4},{"damage":8,"enemies":"Jaw Worm","floor":2,"turns":5},{"damage":0,"enemies":"Small Slimes","floor":4,"turns":3},{"damage":5,"enemies":"Gremlin Gang","floor":5,"turns":3},{"damage":12,"enemies":"2 Fungi Beasts","floor":7,"turns":4},{"damage":20,"enemies":"Gremlin Nob","floor":12,"turns":4},{"damage":2,"enemies":"Blue Slaver","floor":14,"turns":3},{"damage":32,"enemies":"The Guardian","floor":16,"turns":12},{"damage":28,"enemies":"2 Thieves","floor":18,"turns":4},{"damage":18,"enemies":"3 Byrds","floor":20,"turns":4},{"damage":18,"enemies":"Sentry and Sphere","floor":21,"turns":7},{"damage":15,"enemies":"3 Cultists","floor":22,"turns":6},{"damage":7,"enemies":"Cultist and Chosen","floor":24,"turns":6},{"damage":13,"enemies":"Book of Stabbing","floor":25,"turns":6},{"damage":9,"enemies":"Snake Plant","floor":28,"turns":5},{"damage":1,"enemies":"3 Cultists","floor":31,"turns":4},{"damage":70,"enemies":"Champ","floor":33,"turns":10},{"damage":15,"enemies":"3 Shapes","floor":35,"turns":3},{"damage":3,"enemies":"Orb Walker","floor":36,"turns":3},{"damage":16,"enemies":"Maw","floor":37,"turns":5},{"damage":27,"enemies":"3 Darklings","floor":38,"turns":4},{"damage":15,"enemies":"Sphere and 2 Shapes","floor":44,"turns":7},{"damage":33,"enemies":"Giant Head","floor":45,"turns":8},{"damage":21,"enemies":"Flame Bruiser 2 Orb","floor":46,"turns":5},{"damage":24,"enemies":"2 Orb Walkers","floor":47,"turns":4},{"damage":8,"enemies":"4 Shapes","floor":48,"turns":4},{"damage":78,"enemies":"Donu and Deca","floor":50,"turns":8}],"seed_played":"7105424740784159225","potions_obtained":[{"floor":4,"key":"SmokeBomb"},{"floor":7,"key":"AttackPotion"},{"floor":12,"key":"SteroidPotion"},{"floor":20,"key":"Ancient Potion"},{"floor":21,"key":"Explosive Potion"},{"floor":24,"key":"Weak Potion"},{"floor":33,"key":"Swift Potion"},{"floor":35,"key":"Fruit Juice"},{"floor":46,"key":"Fire Potion"},{"floor":48,"key":"Explosive Potion"}],"is_trial":false,"path_per_floor":["M","M","?","M","M","R","M","T","T","$","R","E","R","M","R","B",null,"M","$","M","M","M","R","M","E","T","?","M","$","?","M","R","B",null,"M","M","M","M","?","R","$","R","T","M","E","M","E","M","R","B"],"character_chosen":"IRONCLAD","items_purchased":["Inflame","Inflame","Battle Trance","Perfected Strike","HandDrill"],"campfire_rested":5,"item_purchase_floors":[10,19,29,29,41],"current_hp_per_floor":[75,76,76,81,84,84,82,82,82,82,82,74,74,86,86,70,91,79,79,77,71,70,102,111,107,107,107,109,109,109,116,118,60,104,104,107,105,90,90,128,128,129,129,124,107,98,82,92,135,69],"gold":125,"neow_bonus":"THREE_RARE_CARDS","is_prod":false,"is_daily":false,"chose_seed":false,"campfire_upgraded":4,"win_rate":0,"timestamp":1534993069,"path_taken":["M","M","?","M","M","R","M","?","T","$","R","E","R","M","R","BOSS","M","$","M","M","M","R","M","E","T","?","M","$","?","M","R","BOSS","M","M","M","M","?","R","$","R","T","M","E","M","E","M","R","BOSS"],"build_version":"2018-08-16","purchased_purges":2,"victory":true,"max_hp_per_floor":[75,78,78,81,84,84,88,88,88,88,88,90,90,94,94,98,98,102,102,106,106,108,108,112,112,112,112,112,112,112,116,118,118,118,127,127,129,129,129,129,129,129,129,133,137,137,139,145,145,145],"card_choices":[{"not_picked":["Immolate","Offering"],"picked":"Feed","floor":0},{"not_picked":["Clothesline","Battle Trance"],"picked":"Flame Barrier","floor":1},{"not_picked":["Armaments","Infernal Blade"],"picked":"Sword Boomerang","floor":2},{"not_picked":["Clash","Heavy Blade"],"picked":"Flex","floor":4},{"not_picked":["Bloodletting","Clash"],"picked":"Flame Barrier","floor":7},{"not_picked":["Seeing Red","Flex","Metallicize"],"picked":"Singing Bowl","floor":12},{"not_picked":["Evolve","Wild Strike"],"picked":"Perfected Strike","floor":14},{"not_picked":["Fiend Fire","Immolate"],"picked":"Double Tap","floor":16},{"not_picked":["Entrench","Dropkick"],"picked":"Shockwave","floor":18},{"not_picked":["Body Slam","Anger"],"picked":"Disarm+1","floor":20},{"not_picked":["Warcry","Iron Wave"],"picked":"Shockwave","floor":21},{"not_picked":["Clash+1","Rupture","Seeing Red"],"picked":"Singing Bowl","floor":22},{"not_picked":["Rage","Warcry"],"picked":"Pommel Strike+1","floor":24},{"not_picked":["Infernal Blade","True Grit+1"],"picked":"Flame Barrier","floor":25},{"not_picked":["Bludgeon","Bloodletting+1"],"picked":"Flame Barrier","floor":28},{"not_picked":["Second Wind","Sever Soul"],"picked":"Uppercut+1","floor":31},{"not_picked":["Havoc","Shrug It Off+1","Wild Strike"],"picked":"Singing Bowl","floor":32},{"not_picked":["Fiend Fire","Dark Embrace"],"picked":"Limit Break","floor":33},{"not_picked":["True Grit+1","Clash"],"picked":"Sword Boomerang","floor":35},{"not_picked":["Whirlwind","Thunderclap+1"],"picked":"Limit Break","floor":36},{"not_picked":["Power Through","Warcry+1","True Grit+1"],"picked":"Singing Bowl","floor":37},{"not_picked":["Rupture+1","Shrug It Off"],"picked":"Exhume","floor":38},{"not_picked":["Power Through+1","Havoc"],"picked":"Cleave","floor":40},{"not_picked":["Intimidate+1","Ghostly Armor+1"],"picked":"Disarm","floor":42},{"not_picked":["True Grit","Shockwave+1"],"picked":"Pommel Strike","floor":44},{"not_picked":["Shockwave+1","Havoc"],"picked":"Brutality","floor":45},{"not_picked":["Havoc+1","Rampage+1"],"picked":"Heavy Blade+1","floor":46},{"not_picked":["Sentinel+1","Shrug It Off","Metallicize"],"picked":"Singing Bowl","floor":47},{"not_picked":["Anger","Clash+1","Reckless Charge"],"picked":"Singing Bowl","floor":48},{"not_picked":["Rupture","Searing Blow"],"picked":"Whirlwind","floor":49}],"player_experience":199307,"relics_obtained":[{"floor":8,"key":"Singing Bowl"},{"floor":9,"key":"Orichalcum"},{"floor":12,"key":"Turnip"},{"floor":25,"key":"Matryoshka"},{"floor":26,"key":"Anchor"},{"floor":26,"key":"Dream Catcher"},{"floor":43,"key":"Self Forming Clay"},{"floor":43,"key":"Paper Frog"},{"floor":45,"key":"War Paint"},{"floor":47,"key":"Vajra"}],"event_choices":[{"event_name":"Match and Keep!","player_choice":"1 cards matched","floor":3,"damage_taken":0},{"event_name":"N\u0027loth","player_choice":"Traded a Turnip","floor":27,"damage_taken":0},{"event_name":"The Mausoleum","player_choice":"Yes","floor":30,"damage_taken":0},{"event_name":"Falling","player_choice":"Removed Attack","floor":39,"damage_taken":0}],"is_beta":false,"boss_relics":[{"not_picked":["Philosopher\u0027s Stone","Runic Cube"],"picked":"Fusion Hammer"},{"not_picked":["Eternal Feather","White Beast Statue"],"picked":"Velvet Choker"}],"items_purged_floors":[19,29],"is_endless":false,"potions_floor_spawned":[4,7,12,20,21,24,33,35,46,48],"ascension_level":5}