{"gold_per_floor":[219,42,59,59,70,70,101,101,101,101,101,81,81,97,97,197,197,210,125,145,244,46,46,76,76,76,111,129,129],"floor_reached":29,"playtime":2666,"items_purged":["Strike_G"],"score":336,"play_id":"b48edd57-365d-4bb1-8af9-dea86fc78af7","local_time":"20180825010420","is_ascension_mode":true,"campfire_choices":[{"data":"Footwork","floor":6,"key":"SMITH"},{"floor":8,"key":"REST"},{"data":"Infinite Blades","floor":13,"key":"SMITH"},{"data":"Cloak And Dagger","floor":15,"key":"SMITH"},{"data":"Cloak And Dagger","floor":23,"key":"SMITH"},{"floor":25,"key":"REST"}],"neow_cost":"NONE","seed_source_timestamp":255386876916548,"circlet_count":0,"master_deck":["Defend_G","Defend_G","Defend_G","Defend_G","Defend_G","Strike_G","Strike_G","Strike_G","Strike_G","Survivor","Neutralize","Quick Slash","Footwork+1","Blade Dance","Backflip","Infinite Blades+1","Cloak And Dagger+1","Adrenaline","Blade Dance","Well Laid Plans","Cloak And Dagger+1","Escape Plan","Dodge and Roll+1","Slice","PiercingWail"],"relics":["Ring of the Snake","Pear","Dodecahedron","Centennial Puzzle","Orrery","Omamori","Frozen Eye","Mercury Hourglass","Frozen Egg 2","Strawberry"],"potions_floor_usage":[16,16,24,28],"damage_taken":[{"damage":5,"enemies":"Jaw Worm","floor":1,"turns":6},{"damage":9,"enemies":"Small Slimes","floor":3,"turns":4},{"damage":7,"enemies":"2 Louse","floor":5,"turns":3},{"damage":18,"enemies":"Gremlin Nob","floor":7,"turns":5},{"damage":0,"enemies":"Blue Slaver","floor":14,"turns":4},{"damage":24,"enemies":"The Guardian","floor":16,"turns":13},{"damage":4,"enemies":"Spheric Guardian","floor":18,"turns":4},{"damage":0,"enemies":"3 Byrds","floor":20,"turns":8},{"damage":31,"enemies":"Slavers","floor":24,"turns":9},{"damage":66,"enemies":"Gremlin Leader","floor":27,"turns":11},{"damage":17,"enemies":"Cultist and Chosen","floor":28,"turns":8},{"damage":1,"enemies":"Shelled Parasite and Fungi","floor":29,"turns":1}],"seed_played":"8331418244894509375","potions_obtained":[{"floor":5,"key":"Explosive Potion"},{"floor":7,"key":"Explosive Potion"},{"floor":12,"key":"FairyPotion"},{"floor":16,"key":"GhostInAJar"},{"floor":18,"key":"LiquidBronze"}],"is_trial":false,"path_per_floor":["M","$","M","?","M","R","E","R","T","?","?","?","R","M","R","B",null,"M","?","M","?","$","R","E","R","T","E","M"],"character_chosen":"THE_SILENT","items_purchased":["Footwork","Blade Dance","Frozen Eye"],"campfire_rested":2,"item_purchase_floors":[2,2,22],"current_hp_per_floor":[65,65,56,56,49,49,41,65,65,58,80,80,80,80,80,56,80,76,76,76,76,76,76,45,69,69,10,1,0],"gold":129,"neow_bonus":"HUNDRED_GOLD","is_prod":false,"is_daily":false,"chose_seed":false,"campfire_upgraded":4,"win_rate":0,"timestamp":1535177060,"path_taken":["M","$","M","?","M","R","E","R","T","?","?","?","R","?","R","BOSS","M","?","M","?","$","R","E","R","T","E","M","M"],"build_version":"2018-08-23v2","purchased_purges":1,"victory":false,"max_hp_per_floor":[70,70,70,70,70,70,80,80,80,80,80,80,80,80,80,80,80,80,80,80,80,80,80,80,80,80,87,87,87],"card_choices":[{"not_picked":["Blade Dance","Heel Hook"],"picked":"Quick Slash","floor":1},{"not_picked":["Underhanded Strike","Backflip"],"picked":"Crippling Poison","floor":3},{"not_picked":["Dagger Spray","Deflect"],"picked":"Backflip","floor":5},{"not_picked":["Bane","Quick Slash"],"picked":"Infinite Blades","floor":7},{"not_picked":["Caltrops","Outmaneuver"],"picked":"Cloak And Dagger","floor":14},{"not_picked":["Venomology","Phantasmal Killer"],"picked":"Adrenaline","floor":16},{"not_picked":["Dagger Spray","All Out Attack"],"picked":"Blade Dance","floor":17},{"not_picked":["Distraction","Choke"],"picked":"Well Laid Plans","floor":17},{"not_picked":["Eviscerate","Blade Dance"],"picked":"Cloak And Dagger","floor":17},{"not_picked":["Concentrate","Masterful Stab"],"picked":"Escape Plan","floor":17},{"not_picked":["Predator","Crippling Poison","Prepared"],"picked":"SKIP","floor":18},{"not_picked":["Flying Knee+1","Bullet Time"],"picked":"Dodge and Roll+1","floor":20},{"not_picked":["Acrobatics","Poisoned Stab","Underhanded Strike"],"picked":"SKIP","floor":24},{"not_picked":["Bane+1","Choke"],"picked":"Slice","floor":27},{"not_picked":["Bane+1","Riddle With Holes"],"picked":"PiercingWail","floor":28}],"player_experience":222512,"relics_obtained":[{"floor":7,"key":"Pear"},{"floor":9,"key":"Dodecahedron"},{"floor":24,"key":"Mercury Hourglass"},{"floor":26,"key":"Frozen Egg 2"},{"floor":27,"key":"Strawberry"}],"event_choices":[{"event_name":"Living Wall","player_choice":"Grow","floor":4,"damage_taken":0},{"event_name":"Scrap Ooze","player_choice":"success","floor":10,"damage_taken":7},{"event_name":"Bonfire Elementals","player_choice":"UNCOMMON","floor":11,"damage_taken":0},{"event_name":"The Woman in Blue","player_choice":"Bought 1 Potion","floor":12,"damage_taken":0},{"event_name":"Addict","player_choice":"Obtained Relic","floor":19,"damage_taken":0},{"event_name":"Nest","player_choice":"Stole From Cult","floor":21,"damage_taken":0}],"is_beta":false,"boss_relics":[{"not_picked":["Busted Crown","HoveringKite"],"picked":"Orrery"}],"items_purged_floors":[2],"is_endless":false,"potions_floor_spawned":[5,7,16,18,20],"killed_by":"Shelled Parasite and Fungi","ascension_level":4}