{"gold_per_floor":[210,229,242,242,114,139,39,39,88,88,88,36,36,55,55,132,132,147,166,216,216,216,216,228,228,228,228],"floor_reached":27,"playtime":896,"items_purged":["Strike_G","Strike_G"],"score":387,"play_id":"7d2172cd-3bd1-4d3f-81a4-b6c2f89a71c3","local_time":"20190204011213","is_ascension_mode":true,"campfire_choices":[{"data":"Skewer","floor":8.0,"key":"SMITH"},{"data":"Flying Knee","floor":10.0,"key":"SMITH"},{"data":"Dagger Spray","floor":13.0,"key":"SMITH"},{"data":"Footwork","floor":15.0,"key":"SMITH"},{"floor":23,"key":"REST"},{"floor":25,"key":"REST"}],"neow_cost":"NONE","seed_source_timestamp":18200808636200,"circlet_count":0,"master_deck":["AscendersBane","Defend_G","Defend_G","Defend_G","Defend_G","Defend_G","Strike_G","Survivor","Neutralize","Flying Knee+1","Skewer+1","Dagger Spray+1","Footwork+1","Envenom+1","Backstab","Leg Sweep","Decay"],"special_seed":0,"relics":["Ring of the Snake","Dream Catcher","Pen Nib","Empty Cage","Omamori"],"potions_floor_usage":[16,27],"damage_taken":[{"damage":5.0,"enemies":"Small Slimes","floor":1.0,"turns":6.0},{"damage":0.0,"enemies":"2 Louse","floor":2.0,"turns":4.0},{"damage":1.0,"enemies":"Cultist","floor":3.0,"turns":4.0},{"damage":20.0,"enemies":"3 Sentries","floor":6.0,"turns":11.0},{"damage":0.0,"enemies":"The Mushroom Lair","floor":11.0,"turns":2.0},{"damage":1.0,"enemies":"Blue Slaver","floor":14.0,"turns":2.0},{"damage":9,"enemies":"The Guardian","floor":16,"turns":11},{"damage":24,"enemies":"Shell Parasite","floor":18,"turns":11},{"damage":18,"enemies":"Spheric Guardian","floor":19,"turns":7},{"damage":12,"enemies":"Centurion and Healer","floor":24,"turns":8},{"damage":40,"enemies":"Cultist and Chosen","floor":27,"turns":7}],"seed_played":"-892197235926199025","potions_obtained":[{"floor":2.0,"key":"GamblersBrew"},{"floor":6.0,"key":"SmokeBomb"},{"floor":14.0,"key":"LiquidBronze"},{"floor":24,"key":"SpeedPotion"}],"is_trial":false,"path_per_floor":["M","M","M","?","$","E","$","R","T","R","?","$","R","M","R","B",null,"M","M","?","?","?","R","M","R","T","M"],"character_chosen":"THE_SILENT","items_purchased":["Strength Potion","Dagger Spray"],"campfire_rested":2,"item_purchase_floors":[5,12],"current_hp_per_floor":[54,54,53,53,53,33,33,33,33,33,33,33,33,32,32,23,55,31,13,13,13,13,32,20,39,39,0],"gold":228,"neow_bonus":"HUNDRED_GOLD","is_prod":false,"is_daily":false,"chose_seed":false,"campfire_upgraded":4,"win_rate":0,"timestamp":1549235533,"path_taken":["M","M","M","?","$","E","$","R","T","R","?","$","R","M","R","BOSS","M","M","?","?","?","R","?","R","T","M"],"build_version":"2019-01-23","purchased_purges":2,"victory":false,"max_hp_per_floor":[66,66,66,66,66,66,66,66,66,66,66,66,66,66,66,66,66,66,66,66,66,66,66,66,66,66,66],"card_choices":[{"not_picked":["Backflip","Poisoned Stab"],"picked":"Flying Knee","floor":1.0},{"not_picked":["Acrobatics","Blade Dance"],"picked":"Skewer","floor":2.0},{"not_picked":["Slice","Accuracy","Flechettes"],"picked":"SKIP","floor":3.0},{"not_picked":["Deflect","Finisher","Tools of the Trade"],"picked":"SKIP","floor":6.0},{"not_picked":["Deflect","Flechettes"],"picked":"Footwork","floor":14.0},{"not_picked":["Glass Knife","Bullet Time"],"picked":"Envenom","floor":16},{"not_picked":["Blade Dance","Deflect"],"picked":"Backstab","floor":18},{"not_picked":["Outmaneuver","Sucker Punch"],"picked":"Leg Sweep","floor":19},{"not_picked":["Flechettes","Slice","Dagger Throw+1"],"picked":"SKIP","floor":24}],"player_experience":597862,"relics_obtained":[{"floor":6.0,"key":"Dream Catcher"},{"floor":9.0,"key":"Pen Nib"},{"floor":26,"key":"Omamori"}],"event_choices":[{"damage_healed":0.0,"max_hp_gain":0.0,"max_hp_loss":0.0,"gold_gain":0.0,"event_name":"Shining Light","player_choice":"Ignored","floor":4.0,"gold_loss":0.0,"damage_taken":0.0},{"damage_healed":0.0,"max_hp_gain":0.0,"max_hp_loss":0.0,"gold_gain":0.0,"event_name":"Mushrooms","player_choice":"Fought Mushrooms","floor":11.0,"gold_loss":0.0,"damage_taken":0.0},{"damage_healed":0,"gold_gain":50,"player_choice":"Stole From Cult","damage_taken":0,"max_hp_gain":0,"max_hp_loss":0,"event_name":"Nest","floor":20,"gold_loss":0},{"damage_healed":0,"gold_gain":0,"player_choice":"Smashed Altar","damage_taken":0,"max_hp_gain":0,"max_hp_loss":0,"event_name":"Forgotten Altar","floor":21,"gold_loss":0,"cards_obtained":["Decay"]},{"damage_healed":0,"gold_gain":0,"player_choice":"Upgraded","damage_taken":0,"max_hp_gain":0,"max_hp_loss":0,"event_name":"Upgrade Shrine","floor":22,"gold_loss":0,"cards_upgraded":["Envenom"]}],"is_beta":false,"boss_relics":[{"not_picked":["HoveringKite","Calling Bell"],"picked":"Empty Cage"}],"items_purged_floors":[5,7],"is_endless":false,"potions_floor_spawned":[2,6,14,24],"killed_by":"Cultist and Chosen","ascension_level":17}