{"gold_per_floor":[113,24,24,24,54,89,89,106,129,304,127,141,151,166,166,271,271,290,290,215,45,60,92,19,48,74,174,193,193,108,122,122,218,218,232,245,263,67,77,104,104,104,129,53,53,71,71,0,0,0],"floor_reached":51,"playtime":1501,"items_purged":["Doubt","Strike_B","Strike_B"],"score":822,"play_id":"fa7fe1a2-3b32-471f-a299-a5234f688491","local_time":"20180915193903","is_ascension_mode":true,"campfire_choices":[{"data":"Zap","floor":7.0,"key":"SMITH"},{"data":"Creative AI","floor":15.0,"key":"SMITH"},{"floor":29.0,"key":"REST"},{"floor":32.0,"key":"REST"},{"floor":41,"key":"REST"},{"floor":47,"key":"REST"},{"floor":49,"key":"REST"}],"neow_cost":"","seed_source_timestamp":0,"circlet_count":0,"master_deck":["Defend_B","Defend_B","Defend_B","Zap+1","Reinforced Body","Panacea","Ball Lightning","Conserve Battery","Cold Snap","Lockon","Capacitor","Creative AI+1","Biased Cognition","Defragment","Coolheaded+1","Storm","Capacitor","White Noise+1","Loop","Electrodynamics","Self Repair","Heatsinks","Recycle+1","Hello World","Defragment+1"],"special_seed":0,"relics":["Cracked Core","Tiny Chest","Bronze Scales","Strawberry","Fusion Hammer","Pear","Boot","Toxic Egg 2","Orichalcum","Gambling Chip","Singing Bowl","Dead Branch","Sozu","Bottled Lightning","Anchor","Red Mask"],"potions_floor_usage":[50],"damage_taken":[{"damage":10.0,"enemies":"Small Slimes","floor":1.0,"turns":3.0},{"damage":16.0,"enemies":"Lagavulin","floor":6.0,"turns":9.0},{"damage":0.0,"enemies":"Cultist","floor":8.0,"turns":3.0},{"damage":0.0,"enemies":"2 Louse","floor":12.0,"turns":2.0},{"damage":4.0,"enemies":"Exordium Wildlife","floor":13.0,"turns":3.0},{"damage":0.0,"enemies":"3 Louse","floor":14.0,"turns":3.0},{"damage":31.0,"enemies":"Hexaghost","floor":16.0,"turns":9.0},{"damage":6.0,"enemies":"Spheric Guardian","floor":18.0,"turns":4.0},{"damage":2.0,"enemies":"Shell Parasite","floor":22.0,"turns":4.0},{"damage":17.0,"enemies":"Gremlin Leader","floor":23.0,"turns":5.0},{"damage":0.0,"enemies":"Book of Stabbing","floor":25.0,"turns":5.0},{"damage":0.0,"enemies":"Colosseum Slavers","floor":27.0,"turns":3.0},{"damage":65.0,"enemies":"Colosseum Nobs","floor":27.0,"turns":4.0},{"damage":0.0,"enemies":"Cultist and Chosen","floor":28.0,"turns":5.0},{"damage":0.0,"enemies":"Snecko","floor":31.0,"turns":3.0},{"damage":25.0,"enemies":"Champ","floor":33.0,"turns":7.0},{"damage":14.0,"enemies":"3 Shapes","floor":35.0,"turns":3.0},{"damage":17.0,"enemies":"3 Darklings","floor":36.0,"turns":3.0},{"damage":4.0,"enemies":"Transient","floor":37.0,"turns":5.0},{"damage":13,"enemies":"Maw","floor":39,"turns":7},{"damage":2,"enemies":"Giant Head","floor":40,"turns":6},{"damage":14,"enemies":"Spire Growth","floor":46,"turns":3},{"damage":90,"enemies":"Awakened One","floor":50,"turns":7}],"seed_played":"2817143946597337644","potions_obtained":[{"floor":1.0,"key":"Swift Potion"},{"floor":13.0,"key":"Fruit Juice"},{"floor":16.0,"key":"PowerPotion"},{"floor":22.0,"key":"Block Potion"},{"floor":23.0,"key":"Ancient Potion"},{"floor":33.0,"key":"Fruit Juice"}],"is_trial":false,"path_per_floor":["M","$","?","?","?","E","R","M","T","?","$","M","M","M","R","B",null,"M","T","?","$","M","E","$","E","T","?","M","R","?","M","R","B",null,"M","M","M","$","M","E","R","?","T","$","$","M","R","?","R","B"],"character_chosen":"DEFECT","items_purchased":["Panacea","Conserve Battery","Cold Snap","Defragment","Capacitor","Self Repair","Hello World"],"campfire_rested":5,"item_purchase_floors":[2,11,11,21,24,38,44],"current_hp_per_floor":[65,65,65,58,46,30,30,30,37,37,37,37,33,38,38,7,87,81,91,91,91,89,72,72,72,72,9,9,38,38,40,70,45,106,94,86,84,84,80,85,114,114,114,114,114,107,114,114,114,31],"gold":0,"neow_bonus":"","is_prod":false,"is_daily":false,"chose_seed":false,"campfire_upgraded":2,"win_rate":0,"timestamp":1537036743,"path_taken":["M","$","?","?","?","E","R","M","T","?","$","?","M","M","R","BOSS","M","?","?","$","M","E","$","E","T","?","M","R","?","?","R","BOSS","M","M","M","$","M","E","R","?","T","?","$","M","R","?","R","BOSS"],"build_version":"2018-09-06","purchased_purges":3,"victory":true,"max_hp_per_floor":[75,75,75,75,75,75,75,75,82,82,82,82,82,87,87,87,87,87,97,97,97,97,97,97,97,97,99,99,99,99,101,101,101,106,108,110,112,112,114,114,114,114,114,114,114,114,114,114,114,114],"card_choices":[{"not_picked":["FTL","Redo"],"picked":"Reinforced Body","floor":1.0},{"not_picked":["Redo","Hyperbeam"],"picked":"Ball Lightning","floor":6.0},{"not_picked":["Compile Driver","Barrage","Stack"],"picked":"SKIP","floor":8.0},{"not_picked":["Redo","Lockon","Hologram"],"picked":"SKIP","floor":12.0},{"not_picked":["Redo","Hologram"],"picked":"Lockon","floor":12.0},{"not_picked":["Double Energy","Compile Driver"],"picked":"Capacitor","floor":13.0},{"not_picked":["Recycle","Scrape"],"picked":"Creative AI","floor":14.0},{"not_picked":["Machine Learning","Thunder Strike"],"picked":"Biased Cognition","floor":16.0},{"not_picked":["Darkness","Beam Cell","Steam"],"picked":"SKIP","floor":18.0},{"not_picked":["Leap+1","Barrage+1"],"picked":"Coolheaded+1","floor":22.0},{"not_picked":["Skim","Fusion"],"picked":"Storm","floor":23.0},{"not_picked":["Meteor Strike","Genetic Algorithm"],"picked":"White Noise","floor":25.0},{"not_picked":["Skim+1","Sweeping Beam+1","Turbo+1"],"picked":"Singing Bowl","floor":27.0},{"not_picked":["Conserve Battery+1","Barrage"],"picked":"Loop","floor":28.0},{"not_picked":["Steam+1","Leap+1","Aggregate+1"],"picked":"Singing Bowl","floor":31.0},{"not_picked":["Machine Learning","Biased Cognition"],"picked":"Electrodynamics","floor":33.0},{"not_picked":["Cold Snap+1","Streamline+1","Beam Cell+1"],"picked":"Singing Bowl","floor":35.0},{"not_picked":["Aggregate+1","Sweeping Beam","Ball Lightning"],"picked":"Singing Bowl","floor":36.0},{"not_picked":["Leap+1","Rip and Tear","Steam Power+1"],"picked":"Singing Bowl","floor":37},{"not_picked":["Barrage","Undo+1","Turbo+1"],"picked":"Singing Bowl","floor":39},{"not_picked":["Streamline+1","Chaos+1"],"picked":"Heatsinks","floor":40},{"not_picked":["Tempest+1","All For One"],"picked":"Defragment+1","floor":46}],"player_experience":34016,"relics_obtained":[{"floor":6.0,"key":"Bronze Scales"},{"floor":9.0,"key":"Strawberry"},{"floor":19.0,"key":"Pear"},{"floor":23.0,"key":"Boot"},{"floor":25.0,"key":"Toxic Egg 2"},{"floor":26.0,"key":"Orichalcum"},{"floor":27.0,"key":"Gambling Chip"},{"floor":27.0,"key":"Singing Bowl"},{"floor":40,"key":"Bottled Lightning"},{"floor":43,"key":"Anchor"}],"event_choices":[{"event_name":"Bonfire Elementals","player_choice":"BASIC","floor":3.0,"damage_taken":0.0},{"event_name":"Golden Wing","player_choice":"Card Removal","floor":4.0,"damage_taken":0.0},{"event_name":"Scrap Ooze","player_choice":"success","floor":5.0,"damage_taken":12.0},{"event_name":"Liars Game","player_choice":"agreed","floor":10.0,"damage_taken":0.0},{"event_name":"Beggar","player_choice":"Gave Gold","floor":20.0,"damage_taken":0.0},{"event_name":"Colosseum","player_choice":"Fight","floor":27.0,"damage_taken":0.0},{"event_name":"Colosseum","player_choice":"Fought Nobs","floor":27.0,"damage_taken":0.0},{"event_name":"Addict","player_choice":"Obtained Relic","floor":30.0,"damage_taken":0.0},{"event_name":"Transmorgrifier","player_choice":"Transform","floor":42,"damage_taken":0},{"event_name":"Tomb of Lord Red Mask","player_choice":"Paid","floor":48,"damage_taken":0}],"is_beta":false,"boss_relics":[{"not_picked":["White Beast Statue","Calling Bell"],"picked":"Fusion Hammer"},{"not_picked":["Velvet Choker","Orrery"],"picked":"Sozu"}],"items_purged_floors":[11,21,38],"is_endless":false,"potions_floor_spawned":[1,13,16,22,23,33,36,40,46],"ascension_level":1}