{"gold_per_floor":[110,129,129,129,129,129,167,167,222,266,278,311,336,384,396,501,513,538,550,581,606,641,653],"floor_reached":23,"playtime":1211,"items_purged":[],"score":413,"play_id":"8f738d23-0dfc-43d5-bf98-756cdf7805a0","local_time":"20190126003533","is_ascension_mode":true,"campfire_choices":[{"data":"Dash","floor":6,"key":"SMITH"},{"floor":11,"key":"REST"},{"floor":15,"key":"REST"}],"neow_cost":"NONE","seed_source_timestamp":284440013886603,"circlet_count":0,"master_deck":["AscendersBane","Defend_G","Defend_G","Defend_G","Defend_G","Defend_G","Strike_G","Strike_G","Strike_G","Strike_G","Survivor","Neutralize","Dagger Spray","Dash+1","Sucker Punch","Slice","Sucker Punch","Terror","Blur","Night Terror","Backflip","Dodge and Roll","Well Laid Plans","Deflect"],"relics":["Ring of the Snake","NeowsBlessing","Golden Idol","Bottled Flame","Smiling Mask","Bag of Marbles","MawBank","Calipers","Sozu"],"potions_floor_usage":[16,20],"damage_taken":[{"damage":0,"enemies":"Jaw Worm","floor":1,"turns":1},{"damage":0,"enemies":"2 Louse","floor":2,"turns":1},{"damage":0,"enemies":"3 Sentries","floor":7,"turns":1},{"damage":35,"enemies":"Lagavulin","floor":10,"turns":8},{"damage":0,"enemies":"Small Slimes","floor":12,"turns":2},{"damage":0,"enemies":"2 Fungi Beasts","floor":13,"turns":2},{"damage":12,"enemies":"Gremlin Nob","floor":14,"turns":4},{"damage":12,"enemies":"The Guardian","floor":16,"turns":14},{"damage":1,"enemies":"3 Byrds","floor":18,"turns":7},{"damage":11,"enemies":"Shell Parasite","floor":20,"turns":5},{"damage":27,"enemies":"Shelled Parasite and Fungi","floor":21,"turns":8},{"damage":15,"enemies":"Centurion and Healer","floor":22,"turns":13},{"damage":7,"enemies":"Gremlin Leader","floor":23,"turns":1}],"seed_played":"-7186023697256498346","potions_obtained":[{"floor":2,"key":"SkillPotion"},{"floor":7,"key":"Ancient Potion"},{"floor":10,"key":"LiquidBronze"},{"floor":12,"key":"PowerPotion"}],"is_trial":false,"path_per_floor":["M","M","?","?","?","R","E","?","T","E","R","M","M","E","R","B",null,"M","?","M","M","M","E"],"character_chosen":"THE_SILENT","items_purchased":[],"campfire_rested":2,"item_purchase_floors":[],"current_hp_per_floor":[59,59,64,40,40,40,40,40,40,5,26,26,26,14,35,23,59,58,58,47,20,5,0],"gold":653,"neow_bonus":"THREE_ENEMY_KILL","is_prod":false,"is_daily":false,"chose_seed":false,"campfire_upgraded":1,"win_rate":0,"timestamp":1548484533,"path_taken":["M","M","?","?","?","R","E","?","T","E","R","M","?","E","R","BOSS","M","?","M","M","?","E"],"build_version":"2019-01-23","purchased_purges":0,"victory":false,"max_hp_per_floor":[66,66,71,71,71,71,71,71,71,71,71,71,71,71,71,71,71,71,71,71,71,71,71],"card_choices":[{"not_picked":["Backflip","Expertise"],"picked":"Dagger Spray","floor":1},{"not_picked":["Crippling Poison","Flying Knee"],"picked":"Dash","floor":2},{"not_picked":["Bane","Phantasmal Killer"],"picked":"Sucker Punch","floor":7},{"not_picked":["Dagger Spray","Dagger Throw"],"picked":"Slice","floor":10},{"not_picked":["Dagger Throw","Flechettes"],"picked":"Sucker Punch","floor":12},{"not_picked":["Endless Agony","Blade Dance"],"picked":"Terror","floor":13},{"not_picked":["Escape Plan","Bane"],"picked":"Blur","floor":14},{"not_picked":["Doppelganger","Phantasmal Killer"],"picked":"Night Terror","floor":16},{"not_picked":["Poisoned Stab+1","Skewer+1"],"picked":"Backflip","floor":18},{"not_picked":["Flechettes","Calculated Gamble"],"picked":"Dodge and Roll","floor":20},{"not_picked":["Concentrate","Leg Sweep"],"picked":"Well Laid Plans","floor":21},{"not_picked":["All Out Attack","Dodge and Roll"],"picked":"Deflect","floor":22}],"player_experience":576636,"relics_obtained":[{"floor":7,"key":"Bottled Flame"},{"floor":9,"key":"Bag of Marbles"},{"floor":10,"key":"MawBank"},{"floor":14,"key":"Calipers"}],"event_choices":[{"damage_healed":0,"gold_gain":0,"player_choice":"Donut","damage_taken":0,"max_hp_gain":5,"max_hp_loss":0,"event_name":"Big Fish","floor":3,"gold_loss":0},{"damage_healed":0,"gold_gain":0,"player_choice":"Take Damage","damage_taken":24,"relics_obtained":["Golden Idol"],"max_hp_gain":0,"max_hp_loss":0,"event_name":"Golden Idol","floor":4,"gold_loss":0},{"damage_healed":0,"gold_gain":0,"player_choice":"Ignored","damage_taken":0,"max_hp_gain":0,"max_hp_loss":0,"event_name":"Liars Game","floor":5,"gold_loss":0},{"damage_healed":0,"gold_gain":0,"player_choice":"Gave Potion","damage_taken":0,"relics_obtained":["Smiling Mask"],"max_hp_gain":0,"max_hp_loss":0,"event_name":"WeMeetAgain","floor":8,"gold_loss":0},{"cards_removed":["Strike_G"],"damage_healed":0,"gold_gain":0,"player_choice":"Card Removal","damage_taken":0,"max_hp_gain":0,"max_hp_loss":0,"event_name":"Wheel of Change","floor":19,"gold_loss":0}],"is_beta":false,"boss_relics":[{"not_picked":["HoveringKite","Snecko Eye"],"picked":"Sozu"}],"items_purged_floors":[],"is_endless":false,"potions_floor_spawned":[2,7,10,12,18,21],"killed_by":"Gremlin Leader","ascension_level":15}