{"gold_per_floor":[112,125,125,125,125,125,158,176,226,244,244,319,319,332,332,332],"floor_reached":16,"playtime":551,"items_purged":[],"score":160,"play_id":"47679651-8b9e-4fba-801d-3c18be46d29c","local_time":"20181001214301","is_ascension_mode":true,"campfire_choices":[{"floor":6,"key":"REST"},{"floor":11,"key":"REST"},{"data":"Body Slam","floor":13,"key":"SMITH"},{"data":"Inflame","floor":15,"key":"SMITH"}],"neow_cost":"","seed_source_timestamp":823543175165238,"circlet_count":0,"master_deck":["Strike_R","Strike_R","Strike_R","Strike_R+1","Strike_R","Defend_R","Defend_R","Defend_R","Defend_R","Bash","AscendersBane","Anger","Body Slam+1","Decay","Inflame+1","Sword Boomerang+1","Disarm","Clothesline"],"relics":["Burning Blood","Anchor","Golden Idol","Torii","Whetstone"],"potions_floor_usage":[7,16,16],"damage_taken":[{"damage":8,"enemies":"Jaw Worm","floor":1,"turns":6},{"damage":0,"enemies":"Small Slimes","floor":2,"turns":2},{"damage":44,"enemies":"Lagavulin","floor":7,"turns":6},{"damage":8,"enemies":"Cultist","floor":8,"turns":3},{"damage":1,"enemies":"Looter","floor":10,"turns":2},{"damage":2,"enemies":"Red Slaver","floor":14,"turns":3},{"damage":46,"enemies":"Slime Boss","floor":16,"turns":7}],"seed_played":"-5208838562370740167","potions_obtained":[{"floor":2,"key":"SteroidPotion"},{"floor":8,"key":"LiquidBronze"},{"floor":10,"key":"Ancient Potion"}],"is_trial":false,"path_per_floor":["M","M","?","?","?","R","E","M","T","M","R","?","R","M","R"],"character_chosen":"IRONCLAD","items_purchased":[],"campfire_rested":2,"item_purchase_floors":[],"current_hp_per_floor":[70,76,58,38,38,62,24,22,22,27,51,40,40,44,44,0],"gold":332,"neow_bonus":"","is_prod":false,"is_daily":false,"chose_seed":false,"campfire_upgraded":2,"win_rate":0,"timestamp":1538448181,"path_taken":["M","M","?","?","?","R","E","M","T","M","R","?","R","?","R","BOSS"],"build_version":"2018-09-27","purchased_purges":0,"victory":false,"max_hp_per_floor":[80,80,80,80,80,80,80,80,80,80,80,80,80,80,80,80],"card_choices":[{"not_picked":["Cleave","True Grit"],"picked":"Anger","floor":1},{"not_picked":["Fire Breathing","Infernal Blade"],"picked":"Body Slam","floor":2},{"not_picked":["Flex","Infernal Blade"],"picked":"Inflame","floor":7},{"not_picked":["Clash","Burning Pact"],"picked":"Sword Boomerang","floor":8},{"not_picked":["Anger","Flex"],"picked":"Disarm","floor":10},{"not_picked":["Warcry","Hemokinesis"],"picked":"Clothesline","floor":14}],"player_experience":363849,"relics_obtained":[{"floor":7,"key":"Torii"},{"floor":9,"key":"Whetstone"}],"event_choices":[{"event_name":"Scrap Ooze","player_choice":"success","floor":3,"damage_taken":18},{"event_name":"Golden Idol","player_choice":"Take Damage","floor":4,"damage_taken":0},{"event_name":"Wheel of Change","player_choice":"Curse","floor":5,"damage_taken":0},{"event_name":"World of Goop","player_choice":"Gather Gold","floor":12,"damage_taken":0}],"is_beta":false,"boss_relics":[],"items_purged_floors":[],"is_endless":false,"potions_floor_spawned":[2,8,10],"killed_by":"Slime Boss","ascension_level":12}