{"gold_per_floor":[109,124,142,156,156,156,186,186,186,186,197,229,304,321,321,398,398,410,410,92,103,103,103,103],"floor_reached":24,"playtime":1474,"items_purged":[],"score":381,"play_id":"d5997630-d179-400d-a6a7-1a08772ac720","local_time":"20190119140645","is_ascension_mode":true,"campfire_choices":[{"data":"Body Slam","floor":6,"key":"SMITH"},{"data":"Inflame","floor":8,"key":"SMITH"},{"data":"Bash","floor":10,"key":"SMITH"},{"data":"Shockwave","floor":15,"key":"SMITH"},{"data":"Feed","floor":23,"key":"SMITH"}],"neow_cost":"NONE","seed_source_timestamp":764377100586420,"circlet_count":0,"master_deck":["AscendersBane","Strike_R","Strike_R","Defend_R","Defend_R","Defend_R","Bash+1","Body Slam+1","Pummel","Clothesline","Inflame+1","Shrug It Off","Shockwave+1","Shrug It Off","Feed+1","Havoc+1"],"relics":["Burning Blood","Regal Pillow","Dream Catcher","Meat on the Bone","Mango","Empty Cage","Calipers"],"potions_floor_usage":[7,7,14,16],"damage_taken":[{"damage":8,"enemies":"2 Louse","floor":1,"turns":4},{"damage":2,"enemies":"Cultist","floor":2,"turns":4},{"damage":11,"enemies":"Jaw Worm","floor":3,"turns":4},{"damage":10,"enemies":"3 Louse","floor":4,"turns":4},{"damage":14,"enemies":"Gremlin Nob","floor":7,"turns":4},{"damage":21,"enemies":"Large Slime","floor":11,"turns":5},{"damage":27,"enemies":"3 Sentries","floor":12,"turns":9},{"damage":12,"enemies":"Gremlin Gang","floor":14,"turns":5},{"damage":42,"enemies":"The Guardian","floor":16,"turns":13},{"damage":37,"enemies":"Chosen","floor":18,"turns":5},{"damage":46,"enemies":"Spheric Guardian","floor":21,"turns":8},{"damage":29,"enemies":"Book of Stabbing","floor":24,"turns":5}],"seed_played":"-6499844352934233897","potions_obtained":[{"floor":1,"key":"Energy Potion"},{"floor":3,"key":"Block Potion"},{"floor":7,"key":"Swift Potion"},{"floor":12,"key":"Fire Potion"}],"is_trial":false,"path_per_floor":["M","M","M","M","?","R","E","R","T","R","M","E","?","M","R","B",null,"M","?","$","M","?","R","E"],"character_chosen":"IRONCLAD","items_purchased":["Calipers"],"campfire_rested":0,"item_purchase_floors":[20],"current_hp_per_floor":[66,70,65,61,61,61,53,53,53,53,50,55,44,50,50,26,73,57,57,57,29,29,29,0],"gold":103,"neow_bonus":"RANDOM_COMMON_RELIC","is_prod":false,"is_daily":false,"chose_seed":false,"campfire_upgraded":5,"win_rate":0,"timestamp":1547935605,"path_taken":["M","M","M","M","?","R","E","R","T","R","?","E","?","M","R","BOSS","M","?","$","M","?","R","E"],"build_version":"2019-01-17v2","purchased_purges":0,"victory":false,"max_hp_per_floor":[75,75,75,75,75,75,75,75,75,75,75,89,89,89,89,89,89,92,92,92,92,92,92,92],"card_choices":[{"not_picked":["Combust","Sword Boomerang"],"picked":"Body Slam","floor":1},{"not_picked":["Rupture","Clothesline"],"picked":"Pummel","floor":2},{"not_picked":["Intimidate","Twin Strike","Body Slam"],"picked":"SKIP","floor":3},{"not_picked":["Rage","Second Wind","Anger"],"picked":"SKIP","floor":4},{"not_picked":["Headbutt","Rage"],"picked":"Inflame","floor":7},{"not_picked":["Seeing Red","Body Slam"],"picked":"Shrug It Off","floor":11},{"not_picked":["Flex","Headbutt"],"picked":"Shockwave","floor":12},{"not_picked":["True Grit","Dropkick"],"picked":"Shrug It Off","floor":14},{"not_picked":["Fiend Fire","Exhume"],"picked":"Feed","floor":16},{"not_picked":["Entrench","Twin Strike+1"],"picked":"Havoc+1","floor":18},{"not_picked":["Fire Breathing+1","Perfected Strike","Thunderclap"],"picked":"SKIP","floor":21}],"player_experience":399041,"relics_obtained":[{"floor":7,"key":"Dream Catcher"},{"floor":9,"key":"Meat on the Bone"},{"floor":12,"key":"Mango"}],"event_choices":[{"damage_healed":0,"gold_gain":0,"cards_transformed":["Strike_R"],"player_choice":"Transformed","damage_taken":0,"max_hp_gain":0,"max_hp_loss":0,"event_name":"Transmorgrifier","floor":5,"gold_loss":0,"cards_obtained":["Clothesline"]},{"damage_healed":0,"gold_gain":75,"player_choice":"Gather Gold","damage_taken":11,"max_hp_gain":0,"max_hp_loss":0,"event_name":"World of Goop","floor":13,"gold_loss":0},{"damage_healed":0,"gold_gain":0,"player_choice":"Ignored","damage_taken":0,"max_hp_gain":0,"max_hp_loss":0,"event_name":"Vampires","floor":19,"gold_loss":0},{"cards_removed":["Strike_R"],"damage_healed":0,"gold_gain":0,"player_choice":"Elegance","damage_taken":0,"max_hp_gain":0,"max_hp_loss":0,"event_name":"Back to Basics","floor":22,"gold_loss":0}],"is_beta":false,"boss_relics":[{"not_picked":["Fusion Hammer","Lizard Tail"],"picked":"Empty Cage"}],"items_purged_floors":[],"is_endless":false,"potions_floor_spawned":[1,3,7,12],"killed_by":"Book of Stabbing","ascension_level":17}