{"gold_per_floor":[111,211,23,35,53,53,53,53,76,94,129,129,148,168,168,263,263,278,296,296,296,10,35,35,68,93,93,103,119,22,22,22,122,122,134,147,202,212,212,212,246,246,246,256,256,275,294,294],"floor_reached":48,"playtime":5013,"items_purged":["Strike_G"],"score":677,"play_id":"38a25993-6a76-4d56-a96d-c769223a8cf5","local_time":"20190203162344","is_ascension_mode":true,"campfire_choices":[{"data":"Footwork","floor":6,"key":"SMITH"},{"data":"Neutralize","floor":8,"key":"SMITH"},{"floor":12,"key":"REST"},{"floor":15,"key":"REST"},{"floor":24,"key":"REST"},{"floor":27,"key":"REST"},{"floor":32,"key":"REST"},{"data":"Calculated Gamble","floor":40,"key":"SMITH"},{"floor":45,"key":"REST"}],"neow_cost":"NONE","seed_source_timestamp":181562409459547,"circlet_count":0,"master_deck":["Survivor","Neutralize+1","Deep Breath","Backstab","Footwork+1","PiercingWail","Bouncing Flask","Prepared","Noxious Fumes","Footwork+1","Escape Plan","Envenom","Calculated Gamble+1","Dodge and Roll","Crippling Poison","Secret Weapon","PiercingWail","Backflip","Well Laid Plans+1","Tactician+1","Dodge and Roll","Dodge and Roll","Dagger Spray","Prepared+1","PiercingWail","Poisoned Stab","Underhanded Strike","Cloak And Dagger","Dodge and Roll+1","PiercingWail","Well Laid Plans","Envenom","Catalyst","Escape Plan+1","Dodge and Roll+1","Burst"],"relics":["Ring of the Snake","Snake Skull","Question Card","Potion Belt","Vajra","Sozu","Nilry\u0027s Codex","Omamori","Incense Burner","Dream Catcher","Pandora\u0027s Box","Girya","PreservedInsect","Gremlin Horn"],"potions_floor_usage":[16,44,48],"damage_taken":[{"damage":1,"enemies":"2 Louse","floor":1,"turns":3},{"damage":0,"enemies":"Cultist","floor":4,"turns":4},{"damage":9,"enemies":"Jaw Worm","floor":5,"turns":2},{"damage":0,"enemies":"Looter","floor":10,"turns":4},{"damage":37,"enemies":"3 Sentries","floor":11,"turns":11},{"damage":17,"enemies":"Large Slime","floor":13,"turns":6},{"damage":0,"enemies":"Lots of Slimes","floor":14,"turns":5},{"damage":22,"enemies":"Slime Boss","floor":16,"turns":10},{"damage":23,"enemies":"Spheric Guardian","floor":18,"turns":6},{"damage":3,"enemies":"Shell Parasite","floor":19,"turns":6},{"damage":15,"enemies":"Slavers","floor":23,"turns":6},{"damage":22,"enemies":"Book of Stabbing","floor":25,"turns":7},{"damage":6,"enemies":"Snecko","floor":28,"turns":6},{"damage":2,"enemies":"Snake Plant","floor":29,"turns":6},{"damage":8,"enemies":"Automaton","floor":33,"turns":9},{"damage":7,"enemies":"Orb Walker","floor":35,"turns":6},{"damage":0,"enemies":"3 Darklings","floor":36,"turns":5},{"damage":48,"enemies":"2 Orb Walkers","floor":37,"turns":8},{"damage":0,"enemies":"Sphere and 2 Shapes","floor":38,"turns":6},{"damage":43,"enemies":"Reptomancer","floor":41,"turns":7},{"damage":13,"enemies":"Jaw Worm Horde","floor":44,"turns":6},{"damage":15,"enemies":"4 Shapes","floor":46,"turns":5},{"damage":2,"enemies":"Writhing Mass","floor":47,"turns":6},{"damage":7,"enemies":"Transient","floor":48,"turns":1}],"seed_played":"4227797671094641299","potions_obtained":[{"floor":1,"key":"Energy Potion"},{"floor":5,"key":"PowerPotion"},{"floor":13,"key":"SneckoOil"},{"floor":16,"key":"LiquidBronze"}],"is_trial":false,"path_per_floor":["M","?","$","M","M","R","?","R","T","M","E","R","M","M","R","B",null,"M","M","?","?","$","E","R","E","T","R","M","M","$","?","R","B",null,"M","M","?","M","?","R","E","?","T","M","R","M","M","M"],"character_chosen":"THE_SILENT","items_purchased":["Snake Skull","Footwork","Crippling Poison","Secret Weapon","PiercingWail","Dodge and Roll"],"campfire_rested":6,"item_purchase_floors":[3,3,22,22,22,30],"current_hp_per_floor":[69,69,69,69,60,60,48,48,48,48,11,32,15,15,36,14,70,47,44,28,28,28,13,34,12,12,33,27,25,25,25,46,38,70,63,63,15,15,61,61,18,18,18,5,23,8,6,0],"gold":294,"neow_bonus":"RANDOM_COLORLESS","is_prod":false,"is_daily":false,"chose_seed":false,"campfire_upgraded":3,"win_rate":0,"timestamp":1549207424,"path_taken":["M","?","$","?","M","R","?","R","T","M","E","R","M","M","R","BOSS","M","M","?","?","$","E","R","E","T","R","M","?","$","?","R","BOSS","M","?","?","M","?","R","E","?","T","?","R","M","M","M"],"build_version":"2019-01-23","purchased_purges":1,"victory":false,"max_hp_per_floor":[70,70,70,70,70,70,70,70,70,70,70,70,70,70,70,70,70,70,70,70,70,70,70,70,70,70,70,70,70,70,70,70,70,70,70,70,70,70,61,61,61,61,61,61,61,61,61,61],"card_choices":[{"not_picked":["Caltrops","Prepared"],"picked":"Backstab","floor":1},{"not_picked":["Backflip","Setup"],"picked":"PiercingWail","floor":4},{"not_picked":["Bane","PiercingWail"],"picked":"Bouncing Flask","floor":5},{"not_picked":["Slice","Heel Hook","Escape Plan"],"picked":"Prepared","floor":10},{"not_picked":["Dagger Spray","Accuracy","Prepared"],"picked":"Noxious Fumes","floor":11},{"not_picked":["Flying Knee","Quick Slash","All Out Attack"],"picked":"Footwork","floor":13},{"not_picked":["Prepared","Sucker Punch","Cloak And Dagger"],"picked":"Escape Plan","floor":14},{"not_picked":["Corpse Explosion","A Thousand Cuts","Adrenaline"],"picked":"Envenom","floor":16},{"not_picked":["Blade Dance+1","Deadly Poison","Prepared"],"picked":"Calculated Gamble","floor":18},{"not_picked":["Flying Knee+1","Sucker Punch+1","Heel Hook"],"picked":"Dodge and Roll","floor":19},{"not_picked":["Deadly Poison","Dagger Throw","Flying Knee"],"picked":"Backflip","floor":23},{"not_picked":["Burst","Sucker Punch","Footwork+1"],"picked":"Well Laid Plans+1","floor":25},{"not_picked":["PiercingWail","Prepared+1","Predator"],"picked":"Tactician+1","floor":27},{"not_picked":["Predator","Deflect+1","Dagger Spray"],"picked":"Dodge and Roll","floor":28},{"not_picked":["Caltrops+1","Flechettes","Bane","Grand Finale"],"picked":"SKIP","floor":29},{"not_picked":["Backstab","Outmaneuver","Dagger Spray+1"],"picked":"Prepared+1","floor":32},{"not_picked":["Accuracy+1","Blade Dance+1","Concentrate","Flechettes+1"],"picked":"SKIP","floor":35},{"not_picked":["Prepared+1","Slice","Dagger Throw","Infinite Blades"],"picked":"SKIP","floor":36},{"not_picked":["Bane+1","Setup+1","Distraction+1"],"picked":"Catalyst","floor":37},{"not_picked":["Quick Slash+1","Bane","Distraction","Leg Sweep"],"picked":"SKIP","floor":38},{"not_picked":["Sucker Punch","Grand Finale","Outmaneuver+1","Dodge and Roll+1"],"picked":"SKIP","floor":41},{"not_picked":["Underhanded Strike+1","Heel Hook","Deflect+1"],"picked":"Escape Plan+1","floor":44},{"not_picked":["Quick Slash+1","Noxious Fumes+1","Expertise+1"],"picked":"Dodge and Roll+1","floor":45},{"not_picked":["Backflip+1","Cloak And Dagger+1","Riddle With Holes"],"picked":"Burst","floor":46},{"not_picked":["Riddle With Holes+1","Acrobatics","Slice+1","Cloak And Dagger+1"],"picked":"SKIP","floor":47}],"player_experience":521222,"relics_obtained":[{"floor":9,"key":"Potion Belt"},{"floor":11,"key":"Vajra"},{"floor":20,"key":"Nilry\u0027s Codex"},{"floor":23,"key":"Omamori"},{"floor":25,"key":"Incense Burner"},{"floor":26,"key":"Dream Catcher"},{"floor":37,"key":"Girya"},{"floor":41,"key":"PreservedInsect"},{"floor":43,"key":"Gremlin Horn"}],"event_choices":[{"damage_healed":0,"gold_gain":100,"player_choice":"Pray","damage_taken":0,"max_hp_gain":0,"max_hp_loss":0,"event_name":"Golden Shrine","floor":2,"gold_loss":0},{"damage_healed":0,"gold_gain":0,"player_choice":"Success","damage_taken":12,"relics_obtained":["Question Card"],"max_hp_gain":0,"max_hp_loss":0,"event_name":"Scrap Ooze","floor":7,"gold_loss":0},{"damage_healed":0,"gold_gain":0,"player_choice":"Obtained Book","damage_taken":16,"max_hp_gain":0,"max_hp_loss":0,"event_name":"Cursed Tome","floor":20,"gold_loss":0},{"damage_healed":0,"gold_gain":0,"player_choice":"Forge","damage_taken":0,"max_hp_gain":0,"max_hp_loss":0,"event_name":"Accursed Blacksmith","floor":21,"gold_loss":0,"cards_upgraded":["Footwork"]},{"damage_healed":0,"gold_gain":0,"cards_transformed":["Strike_G"],"player_choice":"Transformed","damage_taken":0,"max_hp_gain":0,"max_hp_loss":0,"event_name":"Transmorgrifier","floor":31,"gold_loss":0,"cards_obtained":["Dagger Spray"]},{"damage_healed":0,"gold_gain":0,"player_choice":"Fight","damage_taken":0,"max_hp_gain":0,"max_hp_loss":0,"event_name":"Mysterious Sphere","floor":37,"gold_loss":0},{"damage_healed":61,"gold_gain":0,"player_choice":"Heal","damage_taken":0,"max_hp_gain":0,"max_hp_loss":9,"event_name":"The Moai Head","floor":39,"gold_loss":0},{"damage_healed":0,"gold_gain":0,"player_choice":"Upgraded","damage_taken":0,"max_hp_gain":0,"max_hp_loss":0,"event_name":"Upgrade Shrine","floor":42,"gold_loss":0,"cards_upgraded":["Dodge and Roll"]}],"is_beta":false,"boss_relics":[{"not_picked":["Coffee Dripper","Astrolabe"],"picked":"Sozu"},{"not_picked":["Velvet Choker","Runic Pyramid"],"picked":"Pandora\u0027s Box"}],"items_purged_floors":[30],"is_endless":false,"potions_floor_spawned":[1,5,13,16,19,23,28,37,41,47],"killed_by":"Transient","ascension_level":4}