{"gold_per_floor":[115,125,125,141,141,141,166,166,166,177,196,207,217,231,231,332,332,346,366,378,398,40,74,94,94,94,94,129,143,143,177,177,273,273,284,23,43,63,81,91,16,41,41,55,80,40,51,82,82,82],"floor_reached":50,"playtime":2468,"items_purged":["Defend_R"],"score":702,"play_id":"ac1f85dd-115a-4727-bced-b012850d4837","local_time":"20190129163039","is_ascension_mode":false,"campfire_choices":[{"data":"Bash","floor":6,"key":"SMITH"},{"data":"Spot Weakness","floor":15,"key":"SMITH"},{"data":"Armaments","floor":25,"key":"SMITH"},{"data":"Whirlwind","floor":27,"key":"SMITH"},{"data":"Seeing Red","floor":32,"key":"SMITH"},{"floor":49,"key":"RECALL"}],"neow_cost":"NONE","seed_source_timestamp":137468520124675,"circlet_count":0,"master_deck":["Defend_R","Defend_R","Defend_R","Bash+1","Spot Weakness+1","Whirlwind+1","Armaments+1","Clothesline","Iron Wave","Uppercut","Intimidate+1","Immolate","Seeing Red+1","Thunderclap+1","Bite+1","Bite+1","Bite+1","Bite+1","Bite+1","Headbutt+1","Body Slam+1","Shrug It Off","Headbutt+1","Metallicize+1","Parasite"],"relics":["Busted Crown","FossilizedHelix","Question Card","Coffee Dripper","Brimstone","Dream Catcher","Kunai","Molten Egg 2","Meat on the Bone","Orrery","Frozen Egg 2","Anchor","Gremlin Horn","Centennial Puzzle"],"potions_floor_usage":[21,39,39,39,42,47],"damage_taken":[{"damage":5,"enemies":"Small Slimes","floor":1,"turns":4},{"damage":1,"enemies":"Cultist","floor":2,"turns":3},{"damage":0,"enemies":"2 Louse","floor":4,"turns":3},{"damage":20,"enemies":"Lagavulin","floor":7,"turns":5},{"damage":0,"enemies":"Gremlin Gang","floor":10,"turns":2},{"damage":2,"enemies":"Large Slime","floor":11,"turns":5},{"damage":4,"enemies":"Blue Slaver","floor":12,"turns":3},{"damage":0,"enemies":"2 Fungi Beasts","floor":13,"turns":2},{"damage":0,"enemies":"Large Slime","floor":14,"turns":3},{"damage":6,"enemies":"The Guardian","floor":16,"turns":9},{"damage":5,"enemies":"2 Thieves","floor":18,"turns":4},{"damage":3,"enemies":"Spheric Guardian","floor":19,"turns":4},{"damage":8,"enemies":"Shelled Parasite and Fungi","floor":20,"turns":5},{"damage":11,"enemies":"Snake Plant","floor":21,"turns":4},{"damage":6,"enemies":"Slavers","floor":23,"turns":2},{"damage":0,"enemies":"Centurion and Healer","floor":24,"turns":4},{"damage":0,"enemies":"Book of Stabbing","floor":28,"turns":4},{"damage":13,"enemies":"Sentry and Sphere","floor":29,"turns":4},{"damage":20,"enemies":"Slavers","floor":31,"turns":3},{"damage":9,"enemies":"Automaton","floor":33,"turns":5},{"damage":0,"enemies":"Orb Walker","floor":35,"turns":2},{"damage":12,"enemies":"3 Darklings","floor":37,"turns":2},{"damage":1,"enemies":"4 Shapes","floor":38,"turns":4},{"damage":0,"enemies":"Jaw Worm Horde","floor":39,"turns":4},{"damage":0,"enemies":"Sphere and 2 Shapes","floor":40,"turns":3},{"damage":0,"enemies":"Giant Head","floor":42,"turns":6},{"damage":9,"enemies":"4 Shapes","floor":44,"turns":6},{"damage":29,"enemies":"Nemesis","floor":45,"turns":5},{"damage":0,"enemies":"Writhing Mass","floor":47,"turns":4},{"damage":0,"enemies":"Giant Head","floor":48,"turns":5},{"damage":81,"enemies":"Awakened One","floor":50,"turns":7}],"seed_played":"8680212689165541807","potions_obtained":[{"floor":1,"key":"SkillPotion"},{"floor":11,"key":"Poison Potion"},{"floor":13,"key":"SpeedPotion"},{"floor":16,"key":"SteroidPotion"},{"floor":20,"key":"EssenceOfSteel"},{"floor":21,"key":"FearPotion"},{"floor":40,"key":"AttackPotion"},{"floor":42,"key":"SpeedPotion"},{"floor":45,"key":"Explosive Potion"}],"is_trial":false,"path_per_floor":["M","M","?","M","$","R","E","$","T","M","M","M","M","M","R","B",null,"M","M","M","M","$","E","M","R","T","R","E","M","?","E","R","B",null,"M","$","M","M","M","M","$","E","T","M","E","?","M","E","R","B"],"character_chosen":"IRONCLAD","items_purchased":["Brimstone","Immolate","Frozen Egg 2"],"campfire_rested":0,"item_purchase_floors":[22,22,36],"current_hp_per_floor":[75,74,74,74,74,74,54,54,54,54,52,48,48,48,48,42,80,75,72,64,53,53,47,47,47,47,47,47,34,34,29,29,38,56,56,56,44,55,56,56,56,56,56,50,33,33,45,56,56,0],"gold":82,"neow_bonus":"BOSS_RELIC","is_prod":false,"is_daily":false,"chose_seed":false,"campfire_upgraded":5,"win_rate":0,"timestamp":1548797439,"path_taken":["M","M","?","?","$","R","E","?","T","M","M","M","M","M","R","BOSS","M","M","M","M","$","E","M","R","T","R","E","M","?","E","R","BOSS","M","$","M","M","M","M","$","E","T","M","E","?","?","E","R","BOSS"],"build_version":"2019-01-23","purchased_purges":1,"victory":false,"max_hp_per_floor":[80,80,80,80,80,80,80,80,80,80,80,80,80,80,80,80,80,80,80,80,80,80,80,80,80,80,80,80,80,56,56,56,56,56,56,56,56,56,56,56,56,56,56,56,56,56,56,56,56,56],"card_choices":[{"not_picked":[],"picked":"Spot Weakness","floor":1},{"not_picked":["Havoc"],"picked":"SKIP","floor":2},{"not_picked":["Body Slam"],"picked":"SKIP","floor":4},{"not_picked":[],"picked":"Whirlwind","floor":7},{"not_picked":["Pummel"],"picked":"Armaments","floor":10},{"not_picked":["Sentinel"],"picked":"Clothesline","floor":11},{"not_picked":["Twin Strike"],"picked":"Iron Wave","floor":12},{"not_picked":["Havoc","Fire Breathing"],"picked":"SKIP","floor":13},{"not_picked":["Havoc","Reckless Charge"],"picked":"SKIP","floor":14},{"not_picked":["Power Through"],"picked":"Uppercut","floor":18},{"not_picked":["Burning Pact","Armaments"],"picked":"SKIP","floor":19},{"not_picked":["Twin Strike"],"picked":"Intimidate","floor":20},{"not_picked":["Reckless Charge","Dual Wield+1"],"picked":"SKIP","floor":21},{"not_picked":["Armaments"],"picked":"Seeing Red","floor":23},{"not_picked":["Pommel Strike+1","Havoc"],"picked":"SKIP","floor":24},{"not_picked":["Twin Strike","Fire Breathing"],"picked":"SKIP","floor":28},{"not_picked":["Clash+1"],"picked":"Thunderclap+1","floor":29},{"not_picked":["Clash+1"],"picked":"Headbutt+1","floor":31},{"not_picked":["Clash+1"],"picked":"Body Slam+1","floor":34},{"not_picked":["Perfected Strike+1"],"picked":"Shrug It Off","floor":34},{"not_picked":["Second Wind+1"],"picked":"Headbutt+1","floor":34},{"not_picked":["Warcry","Shrug It Off"],"picked":"SKIP","floor":35},{"not_picked":["Thunderclap+1","Sever Soul+1"],"picked":"SKIP","floor":37},{"not_picked":["Rage+1","Pommel Strike+1"],"picked":"SKIP","floor":38},{"not_picked":["Warcry","Flex+1"],"picked":"SKIP","floor":39},{"not_picked":["Reaper+1","True Grit+1"],"picked":"SKIP","floor":40},{"not_picked":["Thunderclap+1","Sword Boomerang+1"],"picked":"SKIP","floor":42},{"not_picked":["Infernal Blade","Shockwave"],"picked":"SKIP","floor":44},{"not_picked":["Armaments"],"picked":"Metallicize+1","floor":45},{"not_picked":["Pummel+1","Anger+1"],"picked":"SKIP","floor":47},{"not_picked":["Pommel Strike+1","Dropkick+1"],"picked":"SKIP","floor":48}],"player_experience":400376,"relics_obtained":[{"floor":7,"key":"Question Card"},{"floor":23,"key":"Dream Catcher"},{"floor":26,"key":"Kunai"},{"floor":28,"key":"Molten Egg 2"},{"floor":31,"key":"Meat on the Bone"},{"floor":42,"key":"Anchor"},{"floor":43,"key":"Gremlin Horn"},{"floor":48,"key":"Centennial Puzzle"}],"event_choices":[{"damage_healed":0,"gold_gain":0,"player_choice":"Gave Potion","damage_taken":0,"relics_obtained":["FossilizedHelix"],"max_hp_gain":0,"max_hp_loss":0,"event_name":"WeMeetAgain","floor":3,"gold_loss":0},{"damage_healed":0,"gold_gain":0,"player_choice":"Became a vampire","damage_taken":0,"max_hp_gain":0,"max_hp_loss":24,"event_name":"Vampires","floor":30,"gold_loss":0,"cards_obtained":["Bite","Bite","Bite","Bite","Bite"]},{"damage_healed":0,"gold_gain":0,"player_choice":"Upgrade","damage_taken":0,"max_hp_gain":0,"max_hp_loss":0,"event_name":"Designer","floor":46,"gold_loss":40,"cards_upgraded":["Intimidate"]}],"is_beta":false,"boss_relics":[{"not_picked":["Runic Pyramid","Snecko Eye"],"picked":"Coffee Dripper"},{"not_picked":["Calling Bell","Lizard Tail"],"picked":"Orrery"}],"items_purged_floors":[41],"is_endless":false,"potions_floor_spawned":[1,11,13,16,18,20,21,31,33,37,38,40,42,45],"killed_by":"Awakened One","ascension_level":0}