{"gold_per_floor":[118,138,63,80,80,110,110,126,177,200,200,234,247,262,262,362,412,432,451,451,451,451,485,501,501,501,501,219,248,248,4,4,100,100,114,114,114,114,127,127,180,30,54,54,69,69,96,0,0,0],"floor_reached":50,"playtime":4916,"items_purged":["Defend_G","Normality"],"score":614,"play_id":"c6abec68-52eb-42e8-b119-ae29122a03c8","local_time":"20180725130807","is_ascension_mode":false,"campfire_choices":[{"floor":11,"key":"REST"},{"floor":15,"key":"REST"},{"floor":27,"key":"REST"},{"floor":30,"key":"REST"},{"floor":32,"key":"REST"},{"floor":40,"key":"REST"},{"floor":46,"key":"REST"},{"floor":49,"key":"REST"}],"neow_cost":"NONE","seed_source_timestamp":636616272737096,"circlet_count":0,"master_deck":["Defend_G","Defend_G+1","Defend_G","Strike_G","Strike_G","Strike_G","Strike_G","Strike_G","Survivor","Neutralize+1","Outmaneuver+1","Poisoned Stab+1","Backstab","Predator","Crippling Poison+1","Envenom","Corpse Explosion+1","Poisoned Stab","Outmaneuver+1","Backstab+1","Bullet Time+1","Blur+1","Bane+1","Terror+1","Crippling Poison+1","Catalyst+1","Envenom","Outmaneuver+1","Deadly Poison+1","Venomology+1","Predator+1","Bane+1","Decay","Bandage Up+1","Poisoned Stab+1","Bane+1"],"special_seed":0,"relics":["Cursed Key","Toxic Egg 2","Juzu Bracelet","Happy Flower","Odd Mushroom","Snake Skull","Nloth\u0027s Gift","War Paint","Dream Catcher","Whetstone","Thread and Needle","Regal Pillow","Philosopher\u0027s Stone","Incense Burner","Bag of Preparation","Lantern","Unceasing Top","Red Mask"],"potions_floor_usage":[23,29,33,33,33,33,35,41,47,47,50,50,50,50],"damage_taken":[{"damage":1,"enemies":"Jaw Worm","floor":1,"turns":5},{"damage":4,"enemies":"Cultist","floor":2,"turns":5},{"damage":1,"enemies":"2 Louse","floor":4,"turns":2},{"damage":30,"enemies":"3 Sentries","floor":6,"turns":10},{"damage":2,"enemies":"Exordium Thugs","floor":8,"turns":3},{"damage":10,"floor":10,"turns":3},{"damage":8,"enemies":"Lagavulin","floor":12,"turns":5},{"damage":0,"enemies":"Looter","floor":13,"turns":2},{"damage":0,"enemies":"Large Slime","floor":14,"turns":4},{"damage":16,"enemies":"Slime Boss","floor":16,"turns":9},{"damage":0,"enemies":"3 Byrds","floor":18,"turns":3},{"damage":15,"enemies":"Spheric Guardian","floor":19,"turns":4},{"damage":27,"enemies":"Slavers","floor":23,"turns":2},{"damage":7,"enemies":"Centurion and Healer","floor":24,"turns":2},{"damage":21,"enemies":"Book of Stabbing","floor":29,"turns":4},{"damage":0,"enemies":"Collector","floor":33,"turns":6},{"damage":47,"enemies":"Flame Bruiser 1 Orb","floor":35,"turns":5},{"damage":13,"enemies":"3 Shapes","floor":39,"turns":2},{"damage":11,"floor":41,"turns":3},{"damage":0,"enemies":"3 Darklings","floor":45,"turns":1},{"damage":42,"enemies":"Nemesis","floor":47,"turns":5},{"damage":88,"enemies":"Time Eater","floor":50,"turns":6}],"seed_played":"-5934733999306794798","potions_obtained":[{"floor":2,"key":"Dexterity Potion"},{"floor":4,"key":"GhostInAJar"},{"floor":8,"key":"LiquidBronze"},{"floor":12,"key":"EntropicBrew"},{"floor":16,"key":"Explosive Potion"},{"floor":23,"key":"Dexterity Potion"},{"floor":33,"key":"PowerPotion"},{"floor":39,"key":"Weak Potion"},{"floor":45,"key":"Energy Potion"},{"floor":47,"key":"Fire Potion"}],"is_trial":false,"path_per_floor":["M","M","$","M","?","E","?","M","T","?","R","E","M","M","R","B",null,"M","M","?","?","?","E","M","?","T","R","$","E","R","$","R","B",null,"M","$","?","?","M","R","?","$","T","?","M","R","E","?","R"],"character_chosen":"THE_SILENT","items_purchased":["Catalyst+1","Whetstone","Regal Pillow","GhostInAJar","Deadly Poison+1","Bag of Preparation"],"campfire_rested":8,"item_purchase_floors":[28,28,31,31,31,42],"current_hp_per_floor":[69,65,65,64,64,34,31,29,29,19,40,32,32,32,53,37,75,75,60,60,60,60,33,26,10,10,32,32,11,33,33,70,70,75,28,28,28,28,15,52,41,41,41,41,41,75,39,39,75,0],"gold":0,"neow_bonus":"BOSS_RELIC","is_prod":false,"is_daily":false,"chose_seed":false,"campfire_upgraded":0,"win_rate":0.0,"timestamp":1532542087,"path_taken":["M","M","$","M","?","E","?","M","T","?","R","E","M","M","R","BOSS","M","M","?","?","?","E","M","?","T","R","$","E","R","$","R","BOSS","M","$","?","?","M","R","?","$","T","?","M","R","E","?","R","BOSS"],"build_version":"2018-07-19v2","purchased_purges":2,"victory":false,"max_hp_per_floor":[70,70,70,70,70,70,70,70,70,70,70,70,70,70,70,70,75,75,75,75,75,75,75,75,75,75,75,75,75,75,75,75,75,75,75,75,75,75,75,75,75,75,75,75,75,75,75,75,75,75],"card_choices":[{"not_picked":["Backflip","Dagger Spray"],"picked":"Outmaneuver","floor":1},{"not_picked":["Prepared","Backstab"],"picked":"Poisoned Stab","floor":2},{"not_picked":["Sucker Punch","Expertise"],"picked":"Backstab","floor":4},{"not_picked":["PiercingWail","All Out Attack"],"picked":"Predator","floor":6},{"not_picked":["Well Laid Plans","Blade Dance+1","Dodge and Roll+1"],"picked":"SKIP","floor":8},{"not_picked":["Predator","Outmaneuver+1"],"picked":"Crippling Poison+1","floor":10},{"not_picked":["Heel Hook","Caltrops"],"picked":"Envenom","floor":12},{"not_picked":["PiercingWail+1","Quick Slash","Dodge and Roll+1"],"picked":"SKIP","floor":13},{"not_picked":["Well Laid Plans","Quick Slash","Heel Hook"],"picked":"SKIP","floor":14},{"not_picked":["Night Terror+1","Wraith Form v2"],"picked":"Corpse Explosion+1","floor":16},{"not_picked":["Dagger Throw","Deadly Poison+1"],"picked":"Poisoned Stab","floor":17},{"not_picked":["Flechettes","Flying Knee"],"picked":"Outmaneuver+1","floor":18},{"not_picked":["Sucker Punch","All Out Attack"],"picked":"Backstab","floor":19},{"not_picked":["Slice","PiercingWail+1"],"picked":"Bane+1","floor":23},{"not_picked":["Flechettes+1","Heel Hook"],"picked":"Terror+1","floor":24},{"not_picked":["All Out Attack+1","Masterful Stab"],"picked":"Crippling Poison+1","floor":27},{"not_picked":["Leg Sweep+1","Malaise+1"],"picked":"Envenom","floor":29},{"not_picked":["Calculated Gamble+1","PiercingWail+1"],"picked":"Outmaneuver+1","floor":30},{"not_picked":["Night Terror+1","Wraith Form v2"],"picked":"Venomology+1","floor":33},{"not_picked":["Acrobatics+1","Flying Knee"],"picked":"Predator+1","floor":35},{"not_picked":["Reflex+1","Blade Dance+1","Deadly Poison+1"],"picked":"SKIP","floor":39},{"not_picked":["Riddle With Holes+1","Dash"],"picked":"Bane+1","floor":40},{"not_picked":["Secret Weapon+1","Panacea+1"],"picked":"Bandage Up+1","floor":44},{"not_picked":["Dodge and Roll+1","Deflect+1","Quick Slash+1"],"picked":"SKIP","floor":45},{"not_picked":["Backflip+1","Bane"],"picked":"Poisoned Stab+1","floor":47},{"not_picked":["Terror+1","Finisher"],"picked":"Bane+1","floor":49}],"player_experience":19638,"relics_obtained":[{"floor":6,"key":"Toxic Egg 2"},{"floor":9,"key":"Happy Flower"},{"floor":10,"key":"Odd Mushroom"},{"floor":12,"key":"Snake Skull"},{"floor":23,"key":"War Paint"},{"floor":26,"key":"Dream Catcher"},{"floor":29,"key":"Thread and Needle"},{"floor":41,"key":"Incense Burner"},{"floor":43,"key":"Lantern"},{"floor":47,"key":"Unceasing Top"}],"event_choices":[{"event_name":"Bonfire Elementals","player_choice":"BASIC","floor":5,"damage_taken":0},{"event_name":"Scrap Ooze","player_choice":"success","floor":7,"damage_taken":3},{"event_name":"Mushrooms","player_choice":"Fought Mushrooms","floor":10,"damage_taken":0},{"event_name":"Ghosts","player_choice":"Ignored","floor":20,"damage_taken":0},{"event_name":"N\u0027loth","player_choice":"Traded a Tiny House","floor":21,"damage_taken":0},{"event_name":"Match and Keep!","player_choice":"2 cards matched","floor":22,"damage_taken":0},{"event_name":"Cursed Tome","player_choice":"Obtained Book","floor":25,"damage_taken":0},{"event_name":"Fountain of Cleansing","player_choice":"Removed Curse","floor":37,"damage_taken":0},{"event_name":"Accursed Blacksmith","player_choice":"Ignore","floor":38,"damage_taken":0},{"event_name":"Mysterious Sphere","player_choice":"Fight","floor":41,"damage_taken":0},{"event_name":"SensoryStone","player_choice":"Memory 1","floor":44,"damage_taken":0},{"event_name":"Tomb of Lord Red Mask","player_choice":"Paid","floor":48,"damage_taken":0}],"is_beta":false,"boss_relics":[{"not_picked":["Astrolabe","Coffee Dripper"],"picked":"Tiny House"},{"not_picked":["Runic Pyramid","Calling Bell"],"picked":"Philosopher\u0027s Stone"}],"items_purged_floors":[3,28],"is_endless":false,"potions_floor_spawned":[2,4,8,12,14,16,18,19,23,33,39,45,47],"killed_by":"Time Eater","ascension_level":0}