{"gold_per_floor":[117,82,82,96,18,18,47,59,59,59,78,78,104,121,121,216,216,231,231,231,231,249,249,279,279,304,337,252,280,295,142,142,239,239,249,266,286,9,0,0,20,20,20,20,46,65,79,99,99,99],"floor_reached":51,"playtime":2559,"items_purged":["Strike_R"],"score":1144,"play_id":"810a2239-77af-4bd6-abd0-d43ef230ceed","local_time":"20180910010901","is_ascension_mode":true,"campfire_choices":[{"data":"Whirlwind","floor":6,"key":"SMITH"},{"data":"Infernal Blade","floor":10,"key":"SMITH"},{"data":"Shrug It Off","floor":12,"key":"SMITH"},{"data":"Feed","floor":15,"key":"SMITH"},{"data":"Flex","floor":23,"key":"SMITH"},{"floor":25,"key":"REST"},{"data":"Demon Form","floor":32,"key":"SMITH"},{"data":"Limit Break","floor":40,"key":"SMITH"},{"data":"Seeing Red","floor":42,"key":"SMITH"},{"data":"Feel No Pain","floor":44,"key":"SMITH"},{"floor":49,"key":"REST"}],"neow_cost":"PERCENT_DAMAGE","seed_source_timestamp":955760977367511,"circlet_count":0,"master_deck":["Strike_R","Strike_R","Strike_R","Strike_R","Defend_R+1","Defend_R","Defend_R+1","Defend_R","Bash","Perfected Strike+1","Whirlwind+1","Infernal Blade+1","Shrug It Off+1","Impervious","Feed+1","Flex+1","Immolate","Seeing Red+1","Feed","Burning Pact","Demon Form+1","Headbutt","Feel No Pain+1","Limit Break+1","Burning Pact+1","Sword Boomerang","Ghostly Armor","Shrug It Off","Impervious","Inflame+1","Sword Boomerang+1"],"relics":["Burning Blood","Magic Flower","Pantograph","Happy Flower","War Paint","Sozu","Pear","Enchiridion","Charon\u0027s Ashes","Strawberry","Dream Catcher","Art of War","Regal Pillow","Cursed Key","Kunai","Red Mask","Unceasing Top"],"potions_floor_usage":[16,16,29,29],"damage_taken":[{"damage":6,"enemies":"2 Louse","floor":1,"turns":4},{"damage":0,"enemies":"Small Slimes","floor":4,"turns":3},{"damage":30,"enemies":"3 Sentries","floor":7,"turns":6},{"damage":12,"enemies":"Jaw Worm","floor":8,"turns":3},{"damage":1,"enemies":"2 Fungi Beasts","floor":11,"turns":2},{"damage":40,"enemies":"Lagavulin","floor":13,"turns":6},{"damage":0,"enemies":"Lots of Slimes","floor":14,"turns":2},{"damage":12,"enemies":"Slime Boss","floor":16,"turns":10},{"damage":0,"enemies":"3 Byrds","floor":18,"turns":3},{"damage":0,"enemies":"Chosen","floor":22,"turns":3},{"damage":36,"enemies":"Book of Stabbing","floor":24,"turns":6},{"damage":9,"enemies":"Slavers","floor":27,"turns":2},{"damage":17,"enemies":"Gremlin Leader","floor":29,"turns":4},{"damage":21,"enemies":"Snecko","floor":30,"turns":4},{"damage":107,"enemies":"Automaton","floor":33,"turns":11},{"damage":9,"enemies":"3 Darklings","floor":35,"turns":2},{"damage":0,"enemies":"Orb Walker","floor":36,"turns":3},{"damage":35,"enemies":"3 Darklings","floor":37,"turns":4},{"damage":6,"enemies":"4 Shapes","floor":41,"turns":2},{"damage":48,"enemies":"2 Orb Walkers","floor":45,"turns":4},{"damage":5,"enemies":"Maw","floor":46,"turns":6},{"damage":8,"enemies":"Sphere and 2 Shapes","floor":47,"turns":4},{"damage":0,"enemies":"Reptomancer","floor":48,"turns":5},{"damage":80,"enemies":"Time Eater","floor":50,"turns":6}],"seed_played":"-1806445935468495277","potions_obtained":[{"floor":4,"key":"GamblersBrew"},{"floor":7,"key":"SkillPotion"},{"floor":13,"key":"Explosive Potion"},{"floor":14,"key":"Ancient Potion"},{"floor":16,"key":"AttackPotion"}],"is_trial":false,"path_per_floor":["M","?","?","M","$","R","E","M","T","R","M","R","E","M","R","B",null,"M","T","$","?","M","R","E","R","T","E","?","E","M","$","R","B",null,"M","M","M","$","?","R","M","R","T","R","E","M","M","M","R","B"],"character_chosen":"IRONCLAD","items_purchased":["Whirlwind","Feel No Pain","Kunai","Shrug It Off"],"campfire_rested":2,"item_purchase_floors":[5,31,38,38],"current_hp_per_floor":[54,74,74,80,80,80,59,56,56,56,64,64,33,42,42,83,84,88,98,98,82,91,91,64,93,100,106,106,104,92,92,92,15,89,89,98,72,72,72,72,75,75,75,75,36,40,46,61,112,49],"gold":99,"neow_bonus":"ONE_RARE_RELIC","is_prod":false,"is_daily":false,"chose_seed":false,"campfire_upgraded":9,"win_rate":0,"timestamp":1536559741,"path_taken":["M","?","?","M","$","R","E","M","T","R","M","R","E","M","R","BOSS","M","?","$","?","?","R","E","R","T","E","?","E","M","$","R","BOSS","M","M","M","$","?","R","M","R","T","R","E","M","M","M","R","BOSS"],"build_version":"2018-09-06","purchased_purges":1,"victory":true,"max_hp_per_floor":[80,80,80,80,80,80,80,80,80,80,80,80,80,80,80,84,84,88,98,98,98,98,98,98,98,105,109,109,113,113,113,113,113,113,113,113,113,113,113,113,113,113,113,113,113,113,116,120,120,120],"card_choices":[{"not_picked":["Flex","Warcry"],"picked":"Perfected Strike","floor":1},{"not_picked":["Reckless Charge","Metallicize","Body Slam"],"picked":"SKIP","floor":4},{"not_picked":["Havoc","Combust"],"picked":"Infernal Blade","floor":7},{"not_picked":["Sword Boomerang","Spot Weakness"],"picked":"Shrug It Off","floor":8},{"not_picked":["Searing Blow","Warcry"],"picked":"Impervious","floor":11},{"not_picked":["Clothesline","Cleave"],"picked":"Feed","floor":13},{"not_picked":["Searing Blow","Armaments"],"picked":"Flex","floor":14},{"not_picked":["Limit Break","Brutality"],"picked":"Immolate","floor":16},{"not_picked":["Pummel","Body Slam"],"picked":"Seeing Red","floor":18},{"not_picked":["Bloodletting","Anger","Clothesline"],"picked":"SKIP","floor":22},{"not_picked":["Anger","Dual Wield+1"],"picked":"Feed","floor":24},{"not_picked":["Evolve+1","Warcry+1"],"picked":"Burning Pact","floor":27},{"not_picked":["Shockwave","Shrug It Off+1"],"picked":"Demon Form","floor":29},{"not_picked":["Twin Strike","Cleave"],"picked":"Headbutt","floor":30},{"not_picked":["Impervious","Immolate"],"picked":"Limit Break","floor":33},{"not_picked":["Warcry","Body Slam+1"],"picked":"Burning Pact+1","floor":35},{"not_picked":["Sword Boomerang","Perfected Strike+1","Entrench"],"picked":"SKIP","floor":36},{"not_picked":["Sword Boomerang","Perfected Strike+1","Entrench"],"picked":"SKIP","floor":36},{"not_picked":["Perfected Strike+1","Entrench"],"picked":"Sword Boomerang","floor":36},{"not_picked":["Blood for Blood","Power Through+1"],"picked":"Ghostly Armor","floor":37},{"not_picked":["Rupture","Rage","Warcry"],"picked":"SKIP","floor":41},{"not_picked":["Havoc","Shrug It Off+1"],"picked":"Impervious","floor":45},{"not_picked":["Cleave+1","Warcry","Flex+1"],"picked":"SKIP","floor":46},{"not_picked":["Thunderclap","Twin Strike+1"],"picked":"Inflame+1","floor":47},{"not_picked":["Iron Wave","Reckless Charge+1","Corruption"],"picked":"SKIP","floor":48},{"not_picked":["Fiend Fire","Armaments"],"picked":"Sword Boomerang+1","floor":49}],"player_experience":297358,"relics_obtained":[{"floor":7,"key":"Pantograph"},{"floor":9,"key":"Happy Flower"},{"floor":13,"key":"War Paint"},{"floor":19,"key":"Pear"},{"floor":21,"key":"Enchiridion"},{"floor":24,"key":"Charon\u0027s Ashes"},{"floor":26,"key":"Strawberry"},{"floor":27,"key":"Dream Catcher"},{"floor":29,"key":"Regal Pillow"},{"floor":45,"key":"Unceasing Top"}],"event_choices":[{"event_name":"The Cleric","player_choice":"Healed","floor":2,"damage_taken":0},{"event_name":"Living Wall","player_choice":"Grow","floor":3,"damage_taken":0},{"event_name":"Cursed Tome","player_choice":"Obtained Book","floor":21,"damage_taken":0},{"event_name":"Addict","player_choice":"Obtained Relic","floor":28,"damage_taken":0},{"event_name":"Tomb of Lord Red Mask","player_choice":"Paid","floor":39,"damage_taken":0}],"is_beta":false,"boss_relics":[{"not_picked":["Pandora\u0027s Box","Runic Pyramid"],"picked":"Sozu"},{"not_picked":["Black Blood","Black Star"],"picked":"Cursed Key"}],"items_purged_floors":[31],"is_endless":false,"potions_floor_spawned":[4,7,13,14,16,22,27,29,33,45,46,48],"ascension_level":9}