{"gold_per_floor":[113,132,52,2,2,34,34,34,59,59,84,95,95,112,112,207,207,217,217,217,64,82,82],"floor_reached":23,"playtime":569,"items_purged":["Strike_G"],"score":256,"play_id":"319cb941-a0f0-4693-b00b-da16c0a36da8","local_time":"20181114200315","is_ascension_mode":true,"campfire_choices":[{"data":"Noxious Fumes","floor":8,"key":"SMITH"},{"floor":10,"key":"REST"},{"data":"Noxious Fumes","floor":13,"key":"SMITH"},{"floor":15,"key":"REST"}],"neow_cost":"NONE","seed_source_timestamp":4183197077737,"circlet_count":0,"master_deck":["Defend_G","Defend_G","Defend_G","Defend_G","Defend_G","Survivor","Neutralize","Corpse Explosion","All Out Attack","Footwork","Noxious Fumes+1","Noxious Fumes+1","Noxious Fumes","Cloak And Dagger","Slice","Die Die Die","Deflect+1","Envenom+1","Grand Finale+1","Slice","Catalyst","Deadly Poison"],"relics":["Ring of the Snake","Bottled Tornado","Blue Candle","Dream Catcher","Question Card","Astrolabe"],"potions_floor_usage":[11,23,23],"damage_taken":[{"damage":0,"enemies":"Cultist","floor":1,"turns":4},{"damage":1,"enemies":"Small Slimes","floor":2,"turns":3},{"damage":29,"enemies":"Lagavulin","floor":6,"turns":8},{"damage":14,"enemies":"3 Sentries","floor":11,"turns":5},{"damage":0,"enemies":"2 Louse","floor":12,"turns":2},{"damage":25,"enemies":"Exordium Wildlife","floor":14,"turns":4},{"damage":37,"enemies":"The Guardian","floor":16,"turns":8},{"damage":10,"enemies":"Chosen","floor":18,"turns":7},{"damage":24,"enemies":"Colosseum Slavers","floor":19,"turns":5},{"damage":20,"enemies":"3 Byrds","floor":22,"turns":4},{"damage":15,"enemies":"Gremlin Leader","floor":23,"turns":2}],"seed_played":"7141745727101222683","potions_obtained":[{"floor":1,"key":"Regen Potion"},{"floor":6,"key":"Strength Potion"},{"floor":16,"key":"SteroidPotion"}],"is_trial":false,"path_per_floor":["M","M","$","?","?","E","?","R","T","R","E","M","R","M","R","B",null,"M","?","?","$","M","E"],"character_chosen":"THE_SILENT","items_purchased":["Noxious Fumes","Catalyst"],"campfire_rested":2,"item_purchase_floors":[3,21],"current_hp_per_floor":[63,62,62,62,67,38,31,31,31,53,53,53,53,28,50,13,60,50,26,26,26,6,0],"gold":82,"neow_bonus":"ONE_RANDOM_RARE_CARD","is_prod":false,"is_daily":false,"chose_seed":false,"campfire_upgraded":2,"win_rate":0,"timestamp":1542225795,"path_taken":["M","M","$","?","?","E","?","R","T","R","E","M","R","?","R","BOSS","M","?","?","$","M","E"],"build_version":"2018-11-08","purchased_purges":1,"victory":false,"max_hp_per_floor":[70,70,70,70,75,75,75,75,75,75,75,75,75,75,75,75,75,75,75,75,75,75,75],"card_choices":[{"not_picked":["Endless Agony","Dagger Throw"],"picked":"All Out Attack","floor":1},{"not_picked":["Quick Slash","Bane"],"picked":"Footwork","floor":2},{"not_picked":["Calculated Gamble","Finisher","Bane"],"picked":"SKIP","floor":6},{"not_picked":["Acrobatics","Backflip"],"picked":"Noxious Fumes","floor":10},{"not_picked":["Distraction","Tactician","Masterful Stab"],"picked":"SKIP","floor":11},{"not_picked":["Flechettes","Die Die Die","Sucker Punch"],"picked":"Noxious Fumes","floor":12},{"not_picked":["Tactician","Dash","Quick Slash"],"picked":"Cloak And Dagger","floor":14},{"not_picked":["Cloak And Dagger","Expertise","Underhanded Strike"],"picked":"Slice","floor":15},{"not_picked":["Envenom","Tools of the Trade","Night Terror"],"picked":"Die Die Die","floor":16},{"not_picked":["Backflip","Underhanded Strike+1","Sucker Punch+1"],"picked":"Slice","floor":18},{"not_picked":["Reflex","Prepared","Bane"],"picked":"Deadly Poison","floor":22}],"player_experience":164270,"relics_obtained":[{"floor":6,"key":"Bottled Tornado"},{"floor":9,"key":"Dream Catcher"},{"floor":11,"key":"Question Card"}],"event_choices":[{"cards_removed":["Strike_G"],"damage_healed":0,"gold_gain":0,"player_choice":"Card Removal","damage_taken":0,"max_hp_gain":0,"max_hp_loss":0,"event_name":"The Cleric","floor":4,"gold_loss":50},{"damage_healed":0,"gold_gain":0,"player_choice":"Donut","damage_taken":0,"max_hp_gain":5,"max_hp_loss":0,"event_name":"Big Fish","floor":5,"gold_loss":0},{"damage_healed":0,"gold_gain":0,"player_choice":"Success","damage_taken":7,"relics_obtained":["Blue Candle"],"max_hp_gain":0,"max_hp_loss":0,"event_name":"Scrap Ooze","floor":7,"gold_loss":0},{"damage_healed":0,"gold_gain":0,"player_choice":"Fight","damage_taken":0,"max_hp_gain":0,"max_hp_loss":0,"event_name":"Colosseum","floor":19,"gold_loss":0},{"damage_healed":0,"gold_gain":0,"player_choice":"Fled From Nobs","damage_taken":0,"max_hp_gain":0,"max_hp_loss":0,"event_name":"Colosseum","floor":19,"gold_loss":0},{"damage_healed":0,"gold_gain":0,"player_choice":"Ignored","damage_taken":0,"max_hp_gain":0,"max_hp_loss":0,"event_name":"Ghosts","floor":20,"gold_loss":0}],"is_beta":false,"boss_relics":[{"not_picked":["Pandora\u0027s Box","Tiny House"],"picked":"Astrolabe"}],"items_purged_floors":[21],"is_endless":false,"potions_floor_spawned":[1,6,16,19],"killed_by":"Gremlin Leader","ascension_level":6}