{"gold_per_floor":[114,129,199,199,199,229,244,274,299,329,344,374,389,389,389,514,514,533,533,533,413,432,432,470,470,520,520,539,577,596,634,634,759,759,778,1111,791,806,821,851,851,881,881,881,881,911,949,979,979,979],"floor_reached":51,"playtime":5177,"items_purged":[],"score":974,"play_id":"03c2747f-be30-46cf-8304-ad9e987c48d7","local_time":"20190126192819","daily_mods":["Insanity","ControlledChaos","Elite Swarm"],"is_ascension_mode":false,"campfire_choices":[{"floor":15,"key":"REST"},{"floor":23,"key":"REST"},{"floor":25,"key":"REST"},{"floor":27,"key":"REST"},{"floor":32,"key":"REST"},{"data":"Corruption","floor":41,"key":"SMITH"},{"data":"Dark Embrace","floor":44,"key":"SMITH"},{"floor":49,"key":"REST"}],"neow_cost":"","seed_source_timestamp":0,"circlet_count":0,"master_deck":["Flame Barrier","Entrench","Thunderclap","Pummel","Iron Wave","Anger","Twin Strike","Headbutt","Heavy Blade","Wild Strike","Sever Soul","Power Through","Burning Pact","Pommel Strike","Thunderclap","True Grit","Shrug It Off","Armaments","Warcry","Flex","Bloodletting","Intimidate","Cleave","Iron Wave","Clothesline","Armaments","Twin Strike","Bloodletting","Cleave","Reckless Charge","Body Slam","Havoc","Anger","Clothesline","Wild Strike","Warcry","Battle Trance","Pummel","Heavy Blade","Combust","Corruption+1","Flex","Heavy Blade","Heavy Blade","Clash","Flex","True Grit","Entrench","Fire Breathing","Shockwave","Flex","Immolate","Double Tap","Offering","Spot Weakness","Impervious","Shrug It Off","Injury","Double Tap","Power Through","Pommel Strike+1","Dark Embrace+1","Pommel Strike+1","Offering","Power Through","Fiend Fire","Infernal Blade+1","Rupture+1","Exhume","Fiend Fire","Secret Weapon","Demon Form","Seeing Red+1"],"special_seed":17923,"relics":["Burning Blood","Frozen Eye","Mummified Hand","Dodecahedron","Art of War","Charon\u0027s Ashes","The Courier","Philosopher\u0027s Stone","MutagenicStrength","Ancient Tea Set","Question Card","Oddly Smooth Stone","Bottled Tornado","PreservedInsect","Mark of Pain","Kunai","Centennial Puzzle","Anchor","Blood Vial","Self Forming Clay","Gambling Chip","Shovel","Incense Burner"],"potions_floor_usage":[11,12,16,28,28,33,33,35,38,50],"damage_taken":[{"damage":11,"enemies":"Jaw Worm","floor":1,"turns":2},{"damage":3,"enemies":"2 Louse","floor":2,"turns":3},{"damage":26,"enemies":"Lagavulin","floor":6,"turns":6},{"damage":0,"enemies":"Small Slimes","floor":7,"turns":1},{"damage":15,"enemies":"3 Sentries","floor":8,"turns":3},{"damage":22,"enemies":"Lagavulin","floor":10,"turns":3},{"damage":0,"enemies":"2 Fungi Beasts","floor":11,"turns":1},{"damage":9,"enemies":"3 Sentries","floor":12,"turns":4},{"damage":0,"enemies":"Looter","floor":13,"turns":2},{"damage":55,"enemies":"The Guardian","floor":16,"turns":9},{"damage":8,"enemies":"Chosen","floor":18,"turns":2},{"damage":14,"enemies":"Shell Parasite","floor":22,"turns":2},{"damage":63,"enemies":"Gremlin Leader","floor":24,"turns":6},{"damage":12,"enemies":"Chosen and Byrds","floor":28,"turns":2},{"damage":47,"enemies":"Slavers","floor":29,"turns":5},{"damage":0,"enemies":"Snecko","floor":30,"turns":3},{"damage":7,"enemies":"Gremlin Leader","floor":31,"turns":4},{"damage":21,"enemies":"Champ","floor":33,"turns":4},{"damage":7,"enemies":"Orb Walker","floor":35,"turns":2},{"damage":0,"enemies":"3 Shapes","floor":38,"turns":1},{"damage":4,"enemies":"Sphere and 2 Shapes","floor":39,"turns":3},{"damage":5,"enemies":"Giant Head","floor":40,"turns":4},{"damage":3,"enemies":"Reptomancer","floor":42,"turns":3},{"damage":20,"enemies":"Giant Head","floor":46,"turns":5},{"damage":6,"enemies":"2 Orb Walkers","floor":47,"turns":3},{"damage":19,"enemies":"Nemesis","floor":48,"turns":3},{"damage":20,"enemies":"Donu and Deca","floor":50,"turns":3}],"seed_played":"-4277099179774056171","potions_obtained":[{"floor":1,"key":"Explosive Potion"},{"floor":2,"key":"Block Potion"},{"floor":11,"key":"Dexterity Potion"},{"floor":12,"key":"Strength Potion"},{"floor":13,"key":"Poison Potion"},{"floor":22,"key":"Ancient Potion"},{"floor":29,"key":"AttackPotion"},{"floor":30,"key":"BloodPotion"},{"floor":31,"key":"Explosive Potion"},{"floor":33,"key":"AttackPotion"},{"floor":38,"key":"FearPotion"},{"floor":46,"key":"Energy Potion"},{"floor":47,"key":"SteroidPotion"}],"is_trial":false,"path_per_floor":["M","M","?","?","$","E","M","E","T","E","M","E","M","?","R","B",null,"M","?","?","$","M","R","E","R","T","R","M","E","M","E","R","B",null,"M","?","$","M","M","E","R","E","T","R","?","E","?","E","R","B",null],"character_chosen":"IRONCLAD","items_purchased":["Ancient Tea Set","Kunai","Centennial Puzzle"],"campfire_rested":6,"item_purchase_floors":[21,37,37],"current_hp_per_floor":[75,78,78,78,78,58,64,55,55,39,45,42,48,48,72,23,80,78,78,78,78,70,80,23,47,47,71,65,24,30,29,53,46,80,79,79,79,80,80,80,80,80,80,80,80,66,68,57,80,66],"gold":979,"neow_bonus":"","is_prod":false,"is_daily":true,"chose_seed":false,"campfire_upgraded":2,"win_rate":0,"timestamp":1548559699,"path_taken":["M","M","?","?","$","E","M","E","T","E","M","E","M","?","R","BOSS","M","?","?","$","M","R","E","R","T","R","?","E","M","E","R","BOSS","M","?","$","M","M","E","R","E","T","R","?","E","?","E","R","BOSS"],"build_version":"2019-01-23","purchased_purges":0,"victory":true,"max_hp_per_floor":[80,80,80,80,80,80,80,80,80,80,80,80,80,80,80,80,80,80,80,80,80,80,80,80,80,80,80,80,80,80,80,80,80,80,80,80,80,80,80,80,80,80,80,80,80,80,80,80,80,80],"card_choices":[{"not_picked":["Shrug It Off","Iron Wave"],"picked":"Shockwave","floor":1},{"not_picked":["Clash","Warcry"],"picked":"Flex","floor":2},{"not_picked":["Brutality","Bludgeon"],"picked":"Immolate","floor":6},{"not_picked":["Heavy Blade","Anger","Fire Breathing"],"picked":"SKIP","floor":7},{"not_picked":["Feed","Limit Break"],"picked":"Double Tap","floor":8},{"not_picked":["Immolate","Barricade"],"picked":"Offering","floor":10},{"not_picked":["True Grit","Searing Blow"],"picked":"Spot Weakness","floor":11},{"not_picked":["Berserk","Bludgeon"],"picked":"Impervious","floor":12},{"not_picked":["Uppercut","Iron Wave"],"picked":"Shrug It Off","floor":13},{"not_picked":["Exhume","Barricade"],"picked":"Double Tap","floor":16},{"not_picked":["Searing Blow","Entrench+1"],"picked":"Power Through","floor":18},{"not_picked":["Reckless Charge","Cleave"],"picked":"Pommel Strike+1","floor":22},{"not_picked":["Juggernaut","Berserk"],"picked":"Dark Embrace","floor":24},{"not_picked":["Flame Barrier","Sever Soul","Cleave+1"],"picked":"Pommel Strike+1","floor":28},{"not_picked":["Exhume","Impervious","Limit Break"],"picked":"Offering","floor":29},{"not_picked":["True Grit","Armaments","Heavy Blade"],"picked":"Power Through","floor":30},{"not_picked":["Brutality","Juggernaut","Berserk","Barricade"],"picked":"SKIP","floor":31},{"not_picked":["Feed","Impervious","Limit Break"],"picked":"Fiend Fire","floor":33},{"not_picked":["Burning Pact","Dual Wield","Clash"],"picked":"Infernal Blade+1","floor":35},{"not_picked":["True Grit+1","Armaments","Iron Wave","Sword Boomerang+1"],"picked":"SKIP","floor":38},{"not_picked":["Clothesline","True Grit+1","Body Slam+1"],"picked":"Rupture+1","floor":39},{"not_picked":["Double Tap","Feed","Juggernaut"],"picked":"Exhume","floor":40},{"not_picked":["Berserk","Limit Break","Exhume"],"picked":"Fiend Fire","floor":42},{"not_picked":["Swift Strike","Madness","Forethought"],"picked":"Secret Weapon","floor":45},{"not_picked":["Fiend Fire","Juggernaut","Berserk"],"picked":"Demon Form","floor":46},{"not_picked":["Havoc","Flex","Iron Wave"],"picked":"Seeing Red+1","floor":47},{"not_picked":["Barricade","Reaper","Bludgeon","Brutality"],"picked":"SKIP","floor":48}],"player_experience":314865,"relics_obtained":[{"floor":6,"key":"Mummified Hand"},{"floor":8,"key":"Dodecahedron"},{"floor":9,"key":"Art of War"},{"floor":10,"key":"Charon\u0027s Ashes"},{"floor":12,"key":"The Courier"},{"floor":24,"key":"Question Card"},{"floor":26,"key":"Oddly Smooth Stone"},{"floor":29,"key":"Bottled Tornado"},{"floor":31,"key":"PreservedInsect"},{"floor":40,"key":"Anchor"},{"floor":42,"key":"Blood Vial"},{"floor":43,"key":"Self Forming Clay"},{"floor":46,"key":"Gambling Chip"},{"floor":47,"key":"Shovel"},{"floor":48,"key":"Incense Burner"}],"event_choices":[{"damage_healed":0,"gold_gain":70,"player_choice":"Gained Gold","damage_taken":0,"max_hp_gain":0,"max_hp_loss":0,"event_name":"Golden Wing","floor":3,"gold_loss":0},{"damage_healed":0,"gold_gain":0,"player_choice":"Leave","damage_taken":0,"max_hp_gain":0,"max_hp_loss":0,"event_name":"The Cleric","floor":4,"gold_loss":0},{"damage_healed":0,"gold_gain":0,"player_choice":"Take Wound","damage_taken":0,"relics_obtained":["Golden Idol"],"max_hp_gain":0,"max_hp_loss":0,"event_name":"Golden Idol","floor":14,"gold_loss":0,"cards_obtained":["Injury"]},{"cards_removed":["Warcry"],"damage_healed":0,"gold_gain":0,"player_choice":"Elegance","damage_taken":0,"max_hp_gain":0,"max_hp_loss":0,"event_name":"Back to Basics","floor":19,"gold_loss":0},{"damage_healed":0,"gold_gain":0,"player_choice":"Inject Mutagens","damage_taken":0,"relics_obtained":["MutagenicStrength"],"max_hp_gain":0,"max_hp_loss":0,"event_name":"Drug Dealer","floor":20,"gold_loss":0},{"damage_healed":0,"gold_gain":333,"player_choice":"Gave Idol","damage_taken":0,"max_hp_gain":0,"max_hp_loss":0,"event_name":"The Moai Head","floor":36,"relics_lost":["Golden Idol"],"gold_loss":0},{"damage_healed":0,"gold_gain":0,"player_choice":"Memory 1","damage_taken":0,"max_hp_gain":0,"max_hp_loss":0,"event_name":"SensoryStone","floor":45,"gold_loss":0},{"damage_healed":0,"gold_gain":0,"player_choice":"Fight","damage_taken":0,"max_hp_gain":0,"max_hp_loss":0,"event_name":"Mysterious Sphere","floor":47,"gold_loss":0}],"is_beta":false,"boss_relics":[{"not_picked":["Black Star","Coffee Dripper"],"picked":"Philosopher\u0027s Stone"},{"not_picked":["Runic Cube","Orrery"],"picked":"Mark of Pain"}],"items_purged_floors":[],"is_endless":false,"potions_floor_spawned":[1,2,11,12,13,22,29,30,31,33,38,46,47],"ascension_level":0}