{"gold_per_floor":[13,26,39,214,139,166,166,186,209,221,221,86,36,36,36,138,138,155,172,185,34,133,166,166,194,194,206,186,199,228,240,240,345,345,365,97,110,0,0,30,58,70,82,107,219,249,273,314,326,338],"floor_reached":51,"playtime":6002,"items_purged":["Doubt","Strike_R","Strike_R","Defend_R"],"score":794,"play_id":"7124593a-d851-4721-9a3c-60248526f45a","local_time":"20190119013406","is_ascension_mode":false,"campfire_choices":[{"data":"Armaments","floor":7,"key":"SMITH"},{"data":"Bash","floor":15,"key":"SMITH"},{"data":"1","floor":24,"key":"LIFT"},{"data":"2","floor":32,"key":"LIFT"},{"data":"3","floor":42,"key":"LIFT"},{"floor":49,"key":"REST"}],"neow_cost":"NO_GOLD","seed_source_timestamp":76490602813968,"circlet_count":0,"master_deck":["Strike_R","Defend_R","Defend_R","Bash+1","Bloodletting","Armaments+1","Body Slam+1","Pommel Strike","Clothesline","Spot Weakness","Impervious","Heavy Blade","Feel No Pain","Double Tap","Carnage","Pommel Strike+1","Shrug It Off","Sword Boomerang","Feed","Anger","True Grit","Barricade","Ghostly Armor","Limit Break","Pummel+1","Disarm","Inflame","Madness","Madness","Demon Form","Doubt","Clothesline+1"],"relics":["Burning Blood","Pen Nib","PreservedInsect","Anchor","Velvet Choker","Girya","Blood Vial","Pear","Happy Flower","Cursed Key","Red Mask","MawBank","Oddly Smooth Stone","Ice Cream","Red Skull"],"potions_floor_usage":[6,16,20,25,33,33,45],"damage_taken":[{"damage":4,"enemies":"Jaw Worm","floor":1,"turns":5},{"damage":0,"enemies":"Small Slimes","floor":2,"turns":4},{"damage":0,"enemies":"Cultist","floor":3,"turns":4},{"damage":26,"enemies":"3 Sentries","floor":6,"turns":7},{"damage":4,"enemies":"Red Slaver","floor":8,"turns":4},{"damage":9,"enemies":"3 Louse","floor":10,"turns":3},{"damage":44,"enemies":"Slime Boss","floor":16,"turns":12},{"damage":3,"enemies":"2 Thieves","floor":18,"turns":2},{"damage":0,"enemies":"Chosen","floor":19,"turns":3},{"damage":18,"enemies":"Snake Plant","floor":20,"turns":4},{"damage":21,"enemies":"Book of Stabbing","floor":23,"turns":3},{"damage":3,"enemies":"Slavers","floor":25,"turns":3},{"damage":10,"enemies":"Sentry and Sphere","floor":27,"turns":3},{"damage":0,"enemies":"Centurion and Healer","floor":29,"turns":4},{"damage":21,"enemies":"Book of Stabbing","floor":30,"turns":4},{"damage":15,"enemies":"Snecko","floor":31,"turns":3},{"damage":13,"enemies":"Collector","floor":33,"turns":10},{"damage":0,"enemies":"Orb Walker","floor":35,"turns":2},{"damage":3,"enemies":"3 Shapes","floor":37,"turns":2},{"damage":5,"enemies":"Reptomancer","floor":40,"turns":3},{"damage":10,"enemies":"Jaw Worm Horde","floor":41,"turns":4},{"damage":49,"enemies":"3 Darklings","floor":44,"turns":5},{"damage":16,"enemies":"Mind Bloom Boss Battle","floor":45,"turns":5},{"damage":10,"enemies":"4 Shapes","floor":46,"turns":4},{"damage":0,"enemies":"Maw","floor":47,"turns":6},{"damage":3,"enemies":"Giant Head","floor":48,"turns":4},{"damage":63,"enemies":"Time Eater","floor":50,"turns":10}],"seed_played":"1711001814956070098","potions_obtained":[{"floor":2,"key":"Explosive Potion"},{"floor":6,"key":"Strength Potion"},{"floor":16,"key":"Swift Potion"},{"floor":23,"key":"EssenceOfSteel"},{"floor":25,"key":"Dexterity Potion"},{"floor":27,"key":"Explosive Potion"},{"floor":30,"key":"Ancient Potion"},{"floor":31,"key":"Strength Potion"},{"floor":40,"key":"BloodPotion"},{"floor":45,"key":"SkillPotion"},{"floor":47,"key":"Explosive Potion"},{"floor":48,"key":"SpeedPotion"}],"is_trial":false,"path_per_floor":["M","M","M","?","$","E","R","M","T","M","?","$","?","?","R","B",null,"M","M","M","$","?","E","R","E","T","M","?","M","E","M","R","B",null,"M","$","M","?","?","E","M","R","T","M","?","M","M","E","R","B",null],"character_chosen":"IRONCLAD","items_purchased":["Feel No Pain","Shrug It Off","Disarm","Inflame"],"campfire_rested":1,"item_purchase_floors":[12,21,36,36],"current_hp_per_floor":[80,80,80,80,80,60,60,62,62,59,59,59,59,59,59,21,80,80,80,68,68,68,53,53,56,66,64,64,75,62,55,55,50,93,93,93,96,96,84,90,88,88,88,47,48,46,54,59,88,36],"gold":350,"neow_bonus":"TRANSFORM_TWO_CARDS","is_prod":false,"is_daily":false,"chose_seed":false,"campfire_upgraded":2,"win_rate":0.0,"timestamp":1547879646,"path_taken":["M","M","M","?","$","E","R","M","T","M","?","$","?","?","R","BOSS","M","?","M","$","?","E","R","E","T","M","?","?","E","M","R","BOSS","M","$","M","?","?","E","M","R","T","M","?","M","M","E","R","BOSS"],"build_version":"2019-01-17v2","purchased_purges":4,"victory":true,"max_hp_per_floor":[80,80,80,80,80,80,80,80,80,80,80,80,80,80,80,80,80,80,80,80,80,80,80,80,80,90,90,90,93,93,93,93,93,93,93,93,96,96,96,99,99,99,99,99,99,99,99,99,99,102],"card_choices":[{"not_picked":["Headbutt","Dropkick"],"picked":"Body Slam","floor":1},{"not_picked":["Seeing Red","Armaments"],"picked":"Pommel Strike","floor":2},{"not_picked":["Infernal Blade","Armaments"],"picked":"Clothesline","floor":3},{"not_picked":["Clothesline","Cleave"],"picked":"Spot Weakness","floor":6},{"not_picked":["True Grit","Thunderclap"],"picked":"Impervious","floor":8},{"not_picked":["Body Slam","Headbutt"],"picked":"Heavy Blade","floor":10},{"not_picked":["Bludgeon","Brutality"],"picked":"Double Tap","floor":16},{"not_picked":["Dropkick+1","Clash"],"picked":"Carnage","floor":18},{"not_picked":["Twin Strike","Blood for Blood"],"picked":"Pommel Strike+1","floor":19},{"not_picked":["Heavy Blade","Spot Weakness","Rampage"],"picked":"SKIP","floor":20},{"not_picked":["Spot Weakness","Heavy Blade"],"picked":"Sword Boomerang","floor":23},{"not_picked":["Carnage+1","Shrug It Off+1"],"picked":"Feed","floor":25},{"not_picked":["Heavy Blade","Perfected Strike"],"picked":"Anger","floor":27},{"not_picked":["Warcry","Searing Blow+1"],"picked":"True Grit","floor":29},{"not_picked":["Warcry","Headbutt"],"picked":"Barricade","floor":30},{"not_picked":["Second Wind","Rampage"],"picked":"Ghostly Armor","floor":31},{"not_picked":["Fiend Fire","Offering"],"picked":"Limit Break","floor":33},{"not_picked":["Corruption","Clothesline"],"picked":"Pummel+1","floor":35},{"not_picked":["Headbutt","Bloodletting+1","Pommel Strike+1"],"picked":"SKIP","floor":37},{"not_picked":["Cleave","Perfected Strike","Twin Strike"],"picked":"SKIP","floor":40},{"not_picked":["Sword Boomerang+1","Sever Soul"],"picked":"Demon Form","floor":41},{"not_picked":["Ghostly Armor","Shockwave","Power Through+1"],"picked":"SKIP","floor":44},{"not_picked":["Warcry","Clash+1"],"picked":"Clothesline+1","floor":45},{"not_picked":["Flex+1","Pummel+1","Reckless Charge+1"],"picked":"SKIP","floor":46},{"not_picked":["Thunderclap+1","Dual Wield","Seeing Red"],"picked":"SKIP","floor":47},{"not_picked":["Iron Wave","Burning Pact+1","Pummel"],"picked":"SKIP","floor":48}],"player_experience":36936,"relics_obtained":[{"floor":6,"key":"Pen Nib"},{"floor":9,"key":"PreservedInsect"},{"floor":14,"key":"Anchor"},{"floor":23,"key":"Girya"},{"floor":25,"key":"Blood Vial"},{"floor":26,"key":"Pear"},{"floor":30,"key":"Happy Flower"},{"floor":40,"key":"MawBank"},{"floor":43,"key":"Oddly Smooth Stone"},{"floor":45,"key":"Ice Cream"},{"floor":48,"key":"Red Skull"}],"event_choices":[{"damage_healed":0,"gold_gain":175,"player_choice":"AGREE","damage_taken":0,"max_hp_gain":0,"max_hp_loss":0,"event_name":"Liars Game","floor":4,"gold_loss":0,"cards_obtained":["Doubt"]},{"damage_healed":0,"gold_gain":0,"player_choice":"Grow","damage_taken":0,"max_hp_gain":0,"max_hp_loss":0,"event_name":"Living Wall","floor":11,"gold_loss":0,"cards_upgraded":["Body Slam"]},{"cards_removed":["Strike_R"],"damage_healed":0,"gold_gain":0,"player_choice":"Card Removal","damage_taken":0,"max_hp_gain":0,"max_hp_loss":0,"event_name":"The Cleric","floor":13,"gold_loss":50},{"damage_healed":0,"gold_gain":0,"player_choice":"Relic","damage_taken":0,"max_hp_gain":0,"max_hp_loss":0,"event_name":"Wheel of Change","floor":14,"gold_loss":0},{"damage_healed":0,"gold_gain":99,"player_choice":"Stole From Cult","damage_taken":0,"max_hp_gain":0,"max_hp_loss":0,"event_name":"Nest","floor":22,"gold_loss":0},{"damage_healed":0,"gold_gain":0,"player_choice":"Bought 1 Potion","damage_taken":0,"max_hp_gain":0,"max_hp_loss":0,"event_name":"The Woman in Blue","floor":28,"gold_loss":0},{"damage_healed":0,"gold_gain":0,"player_choice":"Paid","damage_taken":0,"relics_obtained":["Red Mask"],"max_hp_gain":0,"max_hp_loss":0,"event_name":"Tomb of Lord Red Mask","floor":38,"gold_loss":110},{"damage_healed":0,"gold_gain":0,"player_choice":"Embrace Madness","damage_taken":12,"max_hp_gain":0,"max_hp_loss":0,"event_name":"Winding Halls","floor":39,"gold_loss":0,"cards_obtained":["Madness","Madness"]},{"damage_healed":0,"gold_gain":0,"player_choice":"Fight","damage_taken":0,"max_hp_gain":0,"max_hp_loss":0,"event_name":"MindBloom","floor":45,"gold_loss":0}],"is_beta":false,"boss_relics":[{"not_picked":["Sozu","Tiny House"],"picked":"Velvet Choker"},{"not_picked":["Lizard Tail","Philosopher\u0027s Stone"],"picked":"Cursed Key"}],"items_purged_floors":[5,12,21,36],"is_endless":false,"potions_floor_spawned":[2,6,16,23,25,27,30,31,40,45,47,48],"ascension_level":0}