{"gold_per_floor":[126,213,225,237,269,281,328,340,352,364,408,420,432,473,485,497],"floor_reached":16,"playtime":566,"items_purged":[],"score":182,"play_id":"5d87093c-29b1-47c2-aa3c-c13ecf1b5479","local_time":"20181121004034","is_ascension_mode":true,"campfire_choices":[{"floor":6,"key":"REST"},{"floor":8,"key":"REST"},{"data":"Armaments","floor":10,"key":"SMITH"},{"floor":13,"key":"REST"},{"data":"Flex","floor":15,"key":"SMITH"}],"neow_cost":"NONE","seed_source_timestamp":2094200924301483,"circlet_count":0,"master_deck":["AscendersBane","Strike_R","Strike_R+1","Strike_R","Strike_R","Strike_R","Defend_R","Defend_R","Defend_R","Defend_R","Bash","Sword Boomerang+1","Flex+1","Armaments+1","Twin Strike"],"relics":["Burning Blood","MawBank","Orichalcum","Bag of Marbles","Magic Flower","Ginger"],"potions_floor_usage":[7,14],"damage_taken":[{"damage":8,"enemies":"Jaw Worm","floor":1,"turns":5},{"damage":12,"enemies":"Small Slimes","floor":5,"turns":3},{"damage":53,"enemies":"Lagavulin","floor":7,"turns":8},{"damage":28,"enemies":"3 Sentries","floor":11,"turns":10},{"damage":30,"enemies":"Lagavulin","floor":14,"turns":6},{"damage":20,"enemies":"Hexaghost","floor":16,"turns":7}],"seed_played":"8117718118021356891","potions_obtained":[{"floor":1,"key":"GamblersBrew"},{"floor":7,"key":"Energy Potion"}],"is_trial":false,"path_per_floor":["M","?","$","?","M","R","E","R","T","R","E","$","R","E","R","B"],"character_chosen":"IRONCLAD","items_purchased":[],"campfire_rested":3,"item_purchase_floors":[],"current_hp_per_floor":[70,59,59,43,37,61,14,38,38,38,16,16,40,19,19,0],"gold":497,"neow_bonus":"RANDOM_COMMON_RELIC","is_prod":false,"is_daily":false,"chose_seed":false,"campfire_upgraded":2,"win_rate":0,"timestamp":1542782434,"path_taken":["M","?","$","?","M","R","E","R","T","R","E","?","R","E","R","BOSS"],"build_version":"2018-11-15","purchased_purges":0,"victory":false,"max_hp_per_floor":[80,80,80,80,80,80,80,80,80,80,80,80,80,80,80,80],"card_choices":[{"not_picked":["Sever Soul","Body Slam"],"picked":"Sword Boomerang","floor":1},{"not_picked":["Uppercut","Wild Strike"],"picked":"Flex","floor":5},{"not_picked":["Carnage","Thunderclap"],"picked":"Armaments","floor":7},{"not_picked":["Second Wind","Corruption","Intimidate"],"picked":"SKIP","floor":11},{"not_picked":["Power Through","Carnage"],"picked":"Twin Strike","floor":14}],"player_experience":438278,"relics_obtained":[{"floor":7,"key":"Orichalcum"},{"floor":9,"key":"Bag of Marbles"},{"floor":11,"key":"Magic Flower"},{"floor":14,"key":"Ginger"}],"event_choices":[{"damage_healed":0,"gold_gain":75,"player_choice":"Gather Gold","damage_taken":11,"max_hp_gain":0,"max_hp_loss":0,"event_name":"World of Goop","floor":2,"gold_loss":0},{"damage_healed":0,"gold_gain":0,"player_choice":"Entered Light","damage_taken":16,"max_hp_gain":0,"max_hp_loss":0,"event_name":"Shining Light","floor":4,"gold_loss":0,"cards_upgraded":["Sword Boomerang","Strike_R"]}],"is_beta":false,"boss_relics":[],"items_purged_floors":[],"is_endless":false,"potions_floor_spawned":[1,7],"killed_by":"Hexaghost","ascension_level":12}