{"gold_per_floor":[115,33,33,33,48,48,66,66,66,96,96,112,112,144,144,245,245,259,66,66,83,97,161,161,161],"floor_reached":25,"playtime":1620,"items_purged":[],"score":366,"play_id":"18149d8b-5720-4a0e-b751-ff8ba57c52da","local_time":"20181025015744","is_ascension_mode":true,"campfire_choices":[{"data":"Havoc","floor":6,"key":"SMITH"},{"data":"Flame Barrier","floor":8,"key":"SMITH"},{"data":"Iron Wave","floor":11,"key":"SMITH"},{"data":"Pommel Strike","floor":13,"key":"SMITH"},{"data":"Rampage","floor":15,"key":"SMITH"},{"floor":24,"key":"REST"}],"neow_cost":"NONE","seed_source_timestamp":2824921888173785,"circlet_count":0,"master_deck":["Strike_R","Strike_R","Defend_R","Defend_R","Defend_R","Defend_R","Bash","AscendersBane","Cleave","Flame Barrier+1","Iron Wave+1","Havoc+1","Pommel Strike+1","Seeing Red","Pummel","Rampage+1","Immolate","Havoc","Heavy Blade","Dark Embrace","Iron Wave","Infernal Blade"],"relics":["Burning Blood","Unceasing Top","Ancient Tea Set","Dodecahedron","Black Star","Frozen Eye","Smiling Mask","Tiny Chest"],"potions_floor_usage":[14,22,23],"damage_taken":[{"damage":6,"enemies":"Cultist","floor":1,"turns":4},{"damage":2,"enemies":"Jaw Worm","floor":5,"turns":6},{"damage":3,"enemies":"2 Louse","floor":7,"turns":3},{"damage":40,"enemies":"Gremlin Nob","floor":10,"turns":5},{"damage":18,"enemies":"Large Slime","floor":12,"turns":5},{"damage":14,"enemies":"Lagavulin","floor":14,"turns":6},{"damage":19,"enemies":"Hexaghost","floor":16,"turns":11},{"damage":21,"enemies":"Shell Parasite","floor":18,"turns":6},{"damage":26,"enemies":"2 Thieves","floor":21,"turns":3},{"damage":20,"enemies":"Chosen and Byrds","floor":22,"turns":5},{"damage":18,"enemies":"Gremlin Leader","floor":23,"turns":9},{"damage":37,"enemies":"Book of Stabbing","floor":25,"turns":4}],"seed_played":"2626073035094465480","potions_obtained":[{"floor":7,"key":"Swift Potion"},{"floor":10,"key":"Energy Potion"},{"floor":18,"key":"LiquidBronze"}],"is_trial":false,"path_per_floor":["M","$","?","?","M","R","M","R","T","E","R","M","R","E","R","B",null,"M","$","?","M","M","E","R"],"character_chosen":"IRONCLAD","items_purchased":["Flame Barrier","Iron Wave","Frozen Eye"],"campfire_rested":1,"item_purchase_floors":[2,2,19],"current_hp_per_floor":[80,80,80,80,84,84,87,87,87,53,53,41,41,33,33,20,71,56,56,56,36,22,10,36,0],"gold":161,"neow_bonus":"TEN_PERCENT_HP_BONUS","is_prod":false,"is_daily":false,"chose_seed":false,"campfire_upgraded":5,"win_rate":0,"timestamp":1540450664,"path_taken":["M","?","?","?","M","R","?","R","T","E","R","M","R","E","R","BOSS","M","$","?","M","?","E","R","E"],"build_version":"2018-10-18","purchased_purges":0,"victory":false,"max_hp_per_floor":[88,88,88,88,88,88,88,88,88,88,88,88,88,88,88,88,88,88,88,88,88,88,88,88,88],"card_choices":[{"not_picked":["Corruption","Wild Strike"],"picked":"Cleave","floor":1},{"not_picked":["Rupture","Warcry"],"picked":"Havoc","floor":5},{"not_picked":["Reckless Charge","Sword Boomerang"],"picked":"Pommel Strike","floor":7},{"not_picked":["Bloodletting","Dark Embrace"],"picked":"Seeing Red","floor":10},{"not_picked":["Iron Wave","Evolve"],"picked":"Pummel","floor":12},{"not_picked":["Sword Boomerang","Iron Wave"],"picked":"Rampage","floor":14},{"not_picked":["Brutality","Double Tap"],"picked":"Immolate","floor":16},{"not_picked":["Inflame","Cleave"],"picked":"Havoc","floor":18},{"not_picked":["Shockwave","Cleave"],"picked":"Iron Wave","floor":21},{"not_picked":["Clothesline","Flex"],"picked":"Infernal Blade","floor":22},{"not_picked":["Evolve","Heavy Blade","Uppercut"],"picked":"SKIP","floor":23}],"player_experience":418650,"relics_obtained":[{"floor":9,"key":"Unceasing Top"},{"floor":10,"key":"Ancient Tea Set"},{"floor":14,"key":"Dodecahedron"},{"floor":23,"key":"Smiling Mask"},{"floor":23,"key":"Tiny Chest"}],"event_choices":[{"cards_removed":["Strike_R"],"damage_healed":0,"gold_gain":0,"player_choice":"Offered Basic","damage_taken":0,"max_hp_gain":0,"max_hp_loss":0,"event_name":"Bonfire Elementals","floor":3,"gold_loss":0},{"damage_healed":0,"gold_gain":0,"player_choice":"Leave","damage_taken":0,"max_hp_gain":0,"max_hp_loss":0,"event_name":"The Cleric","floor":4,"gold_loss":0},{"damage_healed":0,"gold_gain":0,"cards_transformed":["Strike_R","Strike_R"],"player_choice":"Became Test Subject","damage_taken":0,"max_hp_gain":0,"max_hp_loss":0,"event_name":"Drug Dealer","floor":20,"gold_loss":0,"cards_obtained":["Heavy Blade","Dark Embrace"]}],"is_beta":false,"boss_relics":[{"not_picked":["Philosopher\u0027s Stone","Lizard Tail"],"picked":"Black Star"}],"items_purged_floors":[],"is_endless":false,"potions_floor_spawned":[7,10,18],"killed_by":"Book of Stabbing","ascension_level":12}