{"gold_per_floor":[117,117,131,146,164,164,199,199,222,222],"floor_reached":10,"playtime":1178,"items_purged":[],"score":75,"play_id":"d20fb045-3c4e-4f4a-88fd-6edf1f9d66ba","local_time":"20181231165212","is_ascension_mode":true,"campfire_choices":[{"data":"Entrench","floor":6,"key":"SMITH"},{"data":"Bash","floor":8,"key":"SMITH"}],"neow_cost":"NONE","seed_source_timestamp":3028154192404874,"circlet_count":0,"master_deck":["Strike_R","Strike_R","Strike_R","Strike_R","Defend_R","Defend_R","Defend_R","Defend_R","Bash+1","Entrench+1","Warcry","Flame Barrier","Iron Wave"],"relics":["Burning Blood","Bag of Preparation","Red Skull"],"potions_floor_usage":[5,7,7],"damage_taken":[{"damage":11,"enemies":"Jaw Worm","floor":1,"turns":4},{"damage":10,"enemies":"2 Louse","floor":3,"turns":5},{"damage":1,"enemies":"Cultist","floor":4,"turns":3},{"damage":21,"enemies":"Lots of Slimes","floor":5,"turns":7},{"damage":15,"enemies":"Gremlin Nob","floor":7,"turns":4},{"damage":56,"enemies":"3 Sentries","floor":10,"turns":12}],"seed_played":"5640583791271782007","potions_obtained":[{"floor":1,"key":"SteroidPotion"},{"floor":4,"key":"Fire Potion"},{"floor":5,"key":"Fruit Juice"}],"is_trial":false,"path_per_floor":["M","?","M","M","M","R","E","R","T","E"],"character_chosen":"IRONCLAD","items_purchased":[],"campfire_rested":0,"item_purchase_floors":[],"current_hp_per_floor":[75,68,64,69,59,59,50,50,50,0],"gold":222,"neow_bonus":"THREE_CARDS","is_prod":false,"is_daily":false,"chose_seed":false,"campfire_upgraded":2,"win_rate":0,"timestamp":1546303932,"path_taken":["M","?","M","M","M","R","E","R","T","E"],"build_version":"2018-12-20","purchased_purges":0,"victory":false,"max_hp_per_floor":[80,80,80,80,85,85,85,85,85,85],"card_choices":[{"not_picked":["Sever Soul","Second Wind"],"picked":"Entrench","floor":0},{"not_picked":["Combust","Cleave","Blood for Blood"],"picked":"SKIP","floor":1},{"not_picked":["Flex","Fire Breathing"],"picked":"Warcry","floor":3},{"not_picked":["Iron Wave","Flex"],"picked":"Flame Barrier","floor":4},{"not_picked":["Burning Pact","Perfected Strike"],"picked":"Iron Wave","floor":5},{"not_picked":["Feel No Pain","Heavy Blade","Sever Soul"],"picked":"SKIP","floor":7}],"player_experience":178229,"relics_obtained":[{"floor":7,"key":"Bag of Preparation"},{"floor":9,"key":"Red Skull"}],"event_choices":[{"cards_removed":["Strike_R"],"damage_healed":0,"gold_gain":0,"player_choice":"Card Removal","damage_taken":7,"max_hp_gain":0,"max_hp_loss":0,"event_name":"Golden Wing","floor":2,"gold_loss":0}],"is_beta":false,"boss_relics":[],"items_purged_floors":[],"is_endless":false,"potions_floor_spawned":[1,4,5],"killed_by":"3 Sentries","ascension_level":2}