{"gold_per_floor":[118,68,68,143,160,160,177,177,177,177,196,46,73,73,73,168,168,141,91,14,34,34],"floor_reached":22,"playtime":693,"items_purged":["Defend_G"],"score":300,"play_id":"575e1096-04e4-44b0-9739-1426c1f26707","local_time":"20181127233147","is_ascension_mode":true,"campfire_choices":[{"data":"Footwork","floor":6,"key":"SMITH"},{"data":"Dash","floor":8,"key":"SMITH"},{"data":"Neutralize","floor":10,"key":"SMITH"},{"data":"Phantasmal Killer","floor":15,"key":"SMITH"}],"neow_cost":"NONE","seed_source_timestamp":18375229322045,"circlet_count":0,"master_deck":["Defend_G","Defend_G","Defend_G","Strike_G","Strike_G","Strike_G","Strike_G","Survivor","Neutralize+1","Phantasmal Killer+1","Blur+1","Footwork+1","Dash+1","Caltrops","Well Laid Plans","Deflect","After Image","Leg Sweep+1","Footwork","Dash+1"],"relics":["Ring of the Snake","Question Card","Matryoshka","WristBlade"],"potions_floor_usage":[11,16,22],"damage_taken":[{"damage":0,"enemies":"2 Louse","floor":1,"turns":6},{"damage":0,"enemies":"Jaw Worm","floor":5,"turns":6},{"damage":0,"enemies":"Cultist","floor":7,"turns":6},{"damage":3,"enemies":"Lots of Slimes","floor":11,"turns":6},{"damage":0,"enemies":"Lagavulin","floor":13,"turns":11},{"damage":20,"enemies":"Slime Boss","floor":16,"turns":12},{"damage":17,"enemies":"2 Thieves","floor":18,"turns":5},{"damage":0,"enemies":"Spheric Guardian","floor":21,"turns":9},{"damage":43,"enemies":"3 Cultists","floor":22,"turns":7}],"seed_played":"-8722880801130543408","potions_obtained":[{"floor":1,"key":"Poison Potion"},{"floor":13,"key":"SteroidPotion"},{"floor":18,"key":"Explosive Potion"}],"is_trial":false,"path_per_floor":["M","?","?","?","M","R","M","R","T","R","M","$","E","?","R","B",null,"M","?","$","M","M"],"character_chosen":"THE_SILENT","items_purchased":["Well Laid Plans","Footwork"],"campfire_rested":0,"item_purchase_floors":[12,20],"current_hp_per_floor":[63,63,63,52,52,52,52,52,52,52,49,49,49,49,49,29,60,43,43,43,43,0],"gold":34,"neow_bonus":"ONE_RANDOM_RARE_CARD","is_prod":false,"is_daily":false,"chose_seed":false,"campfire_upgraded":4,"win_rate":0,"timestamp":1543361507,"path_taken":["M","?","?","?","M","R","M","R","T","R","?","$","E","?","R","BOSS","M","?","$","M","?"],"build_version":"2018-11-15","purchased_purges":1,"victory":false,"max_hp_per_floor":[70,70,70,70,70,70,70,70,70,70,70,70,70,70,70,70,70,70,70,70,70,70],"card_choices":[{"not_picked":["Terror","PiercingWail"],"picked":"Blur","floor":1},{"not_picked":["Backflip","Predator"],"picked":"Footwork","floor":5},{"not_picked":["Dagger Spray","Doppelganger"],"picked":"Dash","floor":7},{"not_picked":["Calculated Gamble","Blade Dance","Dagger Throw"],"picked":"Caltrops","floor":11},{"not_picked":["Leg Sweep","Poisoned Stab","Wraith Form v2"],"picked":"Deflect","floor":13},{"not_picked":["Envenom","Die Die Die","Grand Finale"],"picked":"After Image","floor":16},{"not_picked":["All Out Attack","Dagger Spray","Flying Knee"],"picked":"Leg Sweep+1","floor":18},{"not_picked":["Prepared","Sucker Punch","Poisoned Stab"],"picked":"Dash+1","floor":21}],"player_experience":217064,"relics_obtained":[{"floor":9,"key":"Question Card"},{"floor":13,"key":"Matryoshka"}],"event_choices":[{"cards_removed":["Strike_G"],"damage_healed":0,"gold_gain":0,"player_choice":"Card Removal","damage_taken":0,"max_hp_gain":0,"max_hp_loss":0,"event_name":"The Cleric","floor":2,"gold_loss":50},{"damage_healed":0,"gold_gain":0,"player_choice":"Grow","damage_taken":0,"max_hp_gain":0,"max_hp_loss":0,"event_name":"Living Wall","floor":3,"gold_loss":0,"cards_upgraded":["Blur"]},{"damage_healed":0,"gold_gain":75,"player_choice":"Gather Gold","damage_taken":11,"max_hp_gain":0,"max_hp_loss":0,"event_name":"World of Goop","floor":4,"gold_loss":0},{"cards_removed":["Defend_G"],"damage_healed":0,"gold_gain":0,"player_choice":"Purged","damage_taken":0,"max_hp_gain":0,"max_hp_loss":0,"event_name":"Purifier","floor":14,"gold_loss":0},{"damage_healed":0,"gold_gain":0,"player_choice":"Bet on Murderer","damage_taken":0,"max_hp_gain":0,"max_hp_loss":0,"event_name":"The Joust","floor":19,"gold_loss":50}],"is_beta":false,"boss_relics":[{"not_picked":["HoveringKite","Cursed Key"],"picked":"WristBlade"}],"items_purged_floors":[12],"is_endless":false,"potions_floor_spawned":[1,13,18],"killed_by":"3 Cultists","ascension_level":9}