{"gold_per_floor":[119,91,107,120,17,17,47,60,113,83,83,83,100,119,119,194,194,213,213,213,230,240,240,255,274,274,309,323,77,95,108,108,108],"floor_reached":33,"playtime":2890,"items_purged":[],"score":581,"play_id":"b802d70e-aa3d-46dc-81de-f153276b4116","local_time":"20190125132332","is_ascension_mode":true,"campfire_choices":[{"data":"Seeing Red","floor":6,"key":"SMITH"},{"data":"Body Slam","floor":12,"key":"SMITH"},{"data":"Carnage","floor":15,"key":"SMITH"},{"data":"True Grit","floor":23,"key":"SMITH"},{"floor":32,"key":"REST"}],"neow_cost":"TEN_PERCENT_HP_LOSS","seed_source_timestamp":1278766733492258,"circlet_count":0,"master_deck":["AscendersBane","Strike_R","Strike_R","Strike_R","Strike_R","Defend_R","Defend_R","Defend_R","Defend_R","Bash","Carnage+1","Shrug It Off","Seeing Red+1","Dramatic Entrance","Sentinel","Body Slam+1","Shrug It Off","Reaper","Shockwave","Sentinel","True Grit+1","Warcry","Inflame","Flame Barrier"],"relics":["Burning Blood","Dead Branch","Pen Nib","Tiny Chest","Sozu","Vajra","Ornamental Fan","Nunchaku","Red Skull"],"potions_floor_usage":[16,16],"damage_taken":[{"damage":8,"enemies":"Cultist","floor":1,"turns":4},{"damage":1,"enemies":"2 Louse","floor":3,"turns":3},{"damage":0,"enemies":"Small Slimes","floor":4,"turns":2},{"damage":20,"enemies":"Lagavulin","floor":7,"turns":3},{"damage":5,"enemies":"Gremlin Gang","floor":8,"turns":3},{"damage":4,"enemies":"Exordium Wildlife","floor":13,"turns":2},{"damage":4,"enemies":"Looter","floor":14,"turns":2},{"damage":50,"enemies":"Hexaghost","floor":16,"turns":8},{"damage":18,"enemies":"3 Byrds","floor":18,"turns":6},{"damage":8,"enemies":"2 Thieves","floor":21,"turns":2},{"damage":16,"enemies":"Sentry and Sphere","floor":22,"turns":5},{"damage":33,"enemies":"Centurion and Healer","floor":24,"turns":5},{"damage":17,"enemies":"Snecko","floor":25,"turns":7},{"damage":0,"enemies":"Book of Stabbing","floor":27,"turns":2},{"damage":7,"enemies":"Snake Plant","floor":28,"turns":3},{"damage":4,"enemies":"Sentry and Sphere","floor":30,"turns":4},{"damage":0,"enemies":"3 Cultists","floor":31,"turns":3},{"damage":65,"enemies":"Collector","floor":33,"turns":7}],"seed_played":"1037380752463231875","potions_obtained":[{"floor":8,"key":"Strength Potion"},{"floor":13,"key":"SpeedPotion"},{"floor":14,"key":"Block Potion"}],"is_trial":false,"path_per_floor":["M","$","M","M","$","R","E","M","T","$","?","R","M","M","R","B",null,"M","?","$","M","M","R","M","M","T","E","M","$","M","M","R","B"],"character_chosen":"IRONCLAD","items_purchased":["Shrug It Off","Dramatic Entrance","Body Slam","Red Skull","Inflame"],"campfire_rested":1,"item_purchase_floors":[2,5,10,29,29],"current_hp_per_floor":[66,66,68,68,68,68,54,55,55,55,55,55,57,59,59,15,55,50,50,50,48,38,38,11,10,10,16,19,19,21,27,47,0],"gold":108,"neow_bonus":"ONE_RARE_RELIC","is_prod":false,"is_daily":false,"chose_seed":false,"campfire_upgraded":4,"win_rate":0,"timestamp":1548451412,"path_taken":["M","?","M","M","$","R","E","M","T","$","?","R","M","?","R","BOSS","M","?","$","M","?","R","M","M","T","E","M","$","M","M","R","BOSS"],"build_version":"2019-01-23","purchased_purges":0,"victory":false,"max_hp_per_floor":[68,68,68,68,68,68,68,68,68,68,68,68,68,68,68,68,68,68,68,68,68,68,68,68,68,68,68,68,68,68,68,68,68],"card_choices":[{"not_picked":["Headbutt","Dropkick"],"picked":"Carnage","floor":1},{"not_picked":["Havoc","Pummel"],"picked":"Seeing Red","floor":3},{"not_picked":["Wild Strike","Twin Strike"],"picked":"Carnage","floor":4},{"not_picked":["Perfected Strike","Searing Blow","Rampage"],"picked":"SKIP","floor":7},{"not_picked":["Entrench","Seeing Red"],"picked":"Sentinel","floor":8},{"not_picked":["Juggernaut","Heavy Blade","Sword Boomerang"],"picked":"SKIP","floor":13},{"not_picked":["Infernal Blade","Flex"],"picked":"Shrug It Off","floor":14},{"not_picked":["Bludgeon","Barricade"],"picked":"Reaper","floor":16},{"not_picked":["Body Slam","Shrug It Off"],"picked":"Shockwave","floor":18},{"not_picked":["Havoc","Rupture"],"picked":"Sentinel","floor":21},{"not_picked":["Burning Pact","Iron Wave"],"picked":"True Grit","floor":22},{"not_picked":["Wild Strike","Second Wind","Iron Wave"],"picked":"SKIP","floor":24},{"not_picked":["Sword Boomerang","True Grit","Burning Pact"],"picked":"SKIP","floor":25},{"not_picked":["Rampage","Brutality"],"picked":"Warcry","floor":27},{"not_picked":["Havoc","Evolve","Sword Boomerang"],"picked":"SKIP","floor":28},{"not_picked":["Anger","Armaments+1"],"picked":"Flame Barrier","floor":30},{"not_picked":["Spot Weakness","Cleave","Iron Wave"],"picked":"SKIP","floor":31}],"player_experience":489585,"relics_obtained":[{"floor":7,"key":"Pen Nib"},{"floor":9,"key":"Tiny Chest"},{"floor":26,"key":"Ornamental Fan"},{"floor":27,"key":"Nunchaku"}],"event_choices":[{"cards_removed":["Strike_R"],"damage_healed":0,"gold_gain":0,"player_choice":"Offered Basic","damage_taken":0,"max_hp_gain":0,"max_hp_loss":0,"event_name":"Bonfire Elementals","floor":11,"gold_loss":0},{"cards_removed":["Carnage"],"damage_healed":0,"gold_gain":0,"player_choice":"Gave Card","damage_taken":0,"relics_obtained":["Vajra"],"max_hp_gain":0,"max_hp_loss":0,"event_name":"WeMeetAgain","floor":19,"gold_loss":0}],"is_beta":false,"boss_relics":[{"not_picked":["Tiny House","Cursed Key"],"picked":"Sozu"}],"items_purged_floors":[],"is_endless":false,"potions_floor_spawned":[8,13,14,18,22,25,27],"killed_by":"Collector","ascension_level":19}