{"gold_per_floor":[115,290,240,257,37,37,70,70,70,89,16,26,59,19,19,114,114,131,150,150,170,170,170,170,184,209,241,341,341,341,359,359,464,464,478,498,349,349,360,360,371,371,451,451,81,99,112,212,212,212],"floor_reached":51,"playtime":6908,"items_purged":["Strike_G","Shame"],"score":970,"play_id":"6c261440-0998-470a-aa67-42aa9910b10f","local_time":"20181221175532","is_ascension_mode":true,"campfire_choices":[{"data":"Neutralize","floor":6,"key":"SMITH"},{"data":"Well Laid Plans","floor":8,"key":"SMITH"},{"data":"Terror","floor":15,"key":"SMITH"},{"data":"RitualDagger","floor":23,"key":"SMITH"},{"data":"Adrenaline","floor":30,"key":"SMITH"},{"data":"Footwork","floor":32,"key":"SMITH"},{"data":"Infinite Blades","floor":40,"key":"SMITH"},{"data":"Acrobatics","floor":42,"key":"SMITH"},{"data":"Caltrops","floor":44,"key":"SMITH"},{"data":"Footwork","floor":49,"key":"SMITH"}],"neow_cost":"TEN_PERCENT_HP_LOSS","seed_source_timestamp":2162222663133006,"circlet_count":0,"master_deck":["Defend_G+1","Defend_G+1","Defend_G+1","Defend_G+1","Defend_G+1","Strike_G+1","Strike_G+1","Strike_G+1","Strike_G+1","Survivor","Neutralize+1","PiercingWail+1","Dodge and Roll","Well Laid Plans+1","Unload","Footwork+1","Terror+1","Infinite Blades+1","Caltrops+1","Adrenaline+1","Acrobatics+1","Masterful Stab","RitualDagger+1","Backflip","Deflect+1","Finisher+1","Backflip","Venomology","Deadly Poison","Acrobatics+1","Footwork+1","Deadly Poison+1","Sucker Punch+1","Acrobatics+1"],"relics":["Ring of the Snake","Mango","Oddly Smooth Stone","Paper Crane","Matryoshka","Bottled Tornado","Busted Crown","Pen Nib","Centennial Puzzle","Ice Cream","Torii","Mummified Hand","Cursed Key","War Paint","Vajra","Toxic Egg 2","Potion Belt"],"potions_floor_usage":[7,13,13,21,27,27,35,36,39,41,46,50,50,50],"damage_taken":[{"damage":15,"enemies":"Jaw Worm","floor":1,"turns":6},{"damage":0,"enemies":"2 Louse","floor":4,"turns":4},{"damage":30,"enemies":"Lagavulin","floor":7,"turns":14},{"damage":0,"enemies":"Cultist","floor":10,"turns":4},{"damage":0,"enemies":"Large Slime","floor":12,"turns":11},{"damage":0,"enemies":"3 Sentries","floor":13,"turns":9},{"damage":4,"enemies":"Hexaghost","floor":16,"turns":10},{"damage":0,"enemies":"Chosen","floor":18,"turns":5},{"damage":10,"enemies":"Spheric Guardian","floor":19,"turns":5},{"damage":3,"enemies":"Centurion and Healer","floor":21,"turns":4},{"damage":10,"enemies":"Snecko","floor":25,"turns":7},{"damage":1,"enemies":"Book of Stabbing","floor":27,"turns":5},{"damage":5,"enemies":"Colosseum Slavers","floor":28,"turns":5},{"damage":12,"enemies":"Colosseum Nobs","floor":28,"turns":6},{"damage":0,"enemies":"Snake Plant","floor":31,"turns":1},{"damage":0,"enemies":"Champ","floor":33,"turns":8},{"damage":0,"enemies":"Orb Walker","floor":35,"turns":4},{"damage":0,"enemies":"3 Darklings","floor":36,"turns":4},{"damage":0,"enemies":"Jaw Worm Horde","floor":39,"turns":3},{"damage":0,"enemies":"4 Shapes","floor":41,"turns":6},{"damage":0,"enemies":"Spire Growth","floor":46,"turns":4},{"damage":0,"enemies":"Sphere and 2 Shapes","floor":47,"turns":4},{"damage":1,"enemies":"Time Eater","floor":50,"turns":9}],"seed_played":"1457394763201849600","potions_obtained":[{"floor":4,"key":"AttackPotion"},{"floor":7,"key":"EssenceOfSteel"},{"floor":12,"key":"Explosive Potion"},{"floor":16,"key":"Fire Potion"},{"floor":18,"key":"Energy Potion"},{"floor":25,"key":"Poison Potion"},{"floor":28,"key":"Weak Potion"},{"floor":31,"key":"SteroidPotion"},{"floor":36,"key":"FearPotion"},{"floor":39,"key":"PowerPotion"},{"floor":41,"key":"Regen Potion"}],"is_trial":false,"path_per_floor":["M","?","?","M","$","R","E","R","T","M","$","M","E","$","R","B",null,"M","M","?","M","?","R","?","M","T","E","?","?","R","M","R","B",null,"M","M","$","?","M","R","M","R","T","R","$","M","M","?","R","B",null],"character_chosen":"THE_SILENT","items_purchased":["Oddly Smooth Stone","Footwork","Caltrops","War Paint","Potion Belt","Footwork","Deadly Poison+1"],"campfire_rested":0,"item_purchase_floors":[5,11,14,37,45,45,45],"current_hp_per_floor":[62,62,62,62,62,62,32,32,32,32,32,32,32,32,32,28,65,65,55,49,46,46,46,46,36,36,35,18,18,18,18,18,18,62,62,62,62,62,62,62,62,62,62,62,62,74,74,74,74,73],"gold":212,"neow_bonus":"ONE_RARE_RELIC","is_prod":false,"is_daily":false,"chose_seed":false,"campfire_upgraded":10,"win_rate":0,"timestamp":1545443732,"path_taken":["M","?","?","M","$","R","E","R","T","?","$","M","E","?","R","BOSS","M","M","?","M","?","R","?","?","T","E","?","?","R","M","R","BOSS","M","M","$","?","M","R","M","R","T","R","$","M","M","?","R","BOSS"],"build_version":"2018-12-20","purchased_purges":2,"victory":true,"max_hp_per_floor":[77,77,77,77,77,77,77,77,77,77,77,77,77,77,77,77,77,77,77,77,77,77,77,77,77,77,77,77,77,77,77,77,77,77,77,77,77,77,77,77,77,77,77,77,77,77,77,77,77,77],"card_choices":[{"not_picked":["Quick Slash","Sucker Punch"],"picked":"PiercingWail","floor":1},{"not_picked":["Eviscerate","Sucker Punch"],"picked":"Dodge and Roll","floor":4},{"not_picked":["Caltrops","Heel Hook"],"picked":"Well Laid Plans","floor":7},{"not_picked":["Dagger Spray","Poisoned Stab"],"picked":"Unload","floor":10},{"not_picked":["Distraction","Slice"],"picked":"Terror","floor":12},{"not_picked":["Underhanded Strike","Dagger Throw"],"picked":"Infinite Blades","floor":13},{"not_picked":["Grand Finale","Venomology"],"picked":"Adrenaline","floor":16},{"not_picked":[],"picked":"Acrobatics","floor":18},{"not_picked":[],"picked":"Masterful Stab","floor":19},{"not_picked":["Reflex"],"picked":"SKIP","floor":21},{"not_picked":[],"picked":"Deflect","floor":25},{"not_picked":[],"picked":"Finisher+1","floor":27},{"not_picked":[],"picked":"Backflip","floor":28},{"not_picked":["Underhanded Strike"],"picked":"SKIP","floor":31},{"not_picked":[],"picked":"Venomology","floor":33},{"not_picked":[],"picked":"Deadly Poison","floor":35},{"not_picked":["Dagger Throw"],"picked":"SKIP","floor":36},{"not_picked":[],"picked":"Acrobatics+1","floor":39},{"not_picked":["Tactician"],"picked":"SKIP","floor":41},{"not_picked":[],"picked":"Sucker Punch+1","floor":46},{"not_picked":[],"picked":"Acrobatics+1","floor":47}],"player_experience":139477,"relics_obtained":[{"floor":7,"key":"Paper Crane"},{"floor":9,"key":"Matryoshka"},{"floor":13,"key":"Bottled Tornado"},{"floor":26,"key":"Pen Nib"},{"floor":26,"key":"Centennial Puzzle"},{"floor":27,"key":"Ice Cream"},{"floor":28,"key":"Torii"},{"floor":28,"key":"Mummified Hand"},{"floor":43,"key":"Vajra"},{"floor":43,"key":"Toxic Egg 2"}],"event_choices":[{"damage_healed":0,"gold_gain":175,"player_choice":"AGREE","damage_taken":0,"max_hp_gain":0,"max_hp_loss":0,"event_name":"Liars Game","floor":2,"gold_loss":0,"cards_obtained":["Doubt"]},{"cards_removed":["Doubt"],"damage_healed":0,"gold_gain":0,"player_choice":"Card Removal","damage_taken":0,"max_hp_gain":0,"max_hp_loss":0,"event_name":"The Cleric","floor":3,"gold_loss":50},{"damage_healed":0,"gold_gain":0,"player_choice":"Joined the Cult","damage_taken":6,"max_hp_gain":0,"max_hp_loss":0,"event_name":"Nest","floor":20,"gold_loss":0,"cards_obtained":["RitualDagger"]},{"damage_healed":0,"gold_gain":0,"player_choice":"Read","damage_taken":0,"max_hp_gain":0,"max_hp_loss":0,"event_name":"The Library","floor":22,"gold_loss":0,"cards_obtained":["Backflip"]},{"damage_healed":0,"gold_gain":0,"player_choice":"Ignored","damage_taken":0,"max_hp_gain":0,"max_hp_loss":0,"event_name":"Ghosts","floor":24,"gold_loss":0},{"damage_healed":0,"gold_gain":0,"player_choice":"Fight","damage_taken":0,"max_hp_gain":0,"max_hp_loss":0,"event_name":"Colosseum","floor":28,"gold_loss":0},{"damage_healed":0,"gold_gain":0,"player_choice":"Fought Nobs","damage_taken":0,"max_hp_gain":0,"max_hp_loss":0,"event_name":"Colosseum","floor":28,"gold_loss":0},{"damage_healed":0,"gold_gain":0,"player_choice":"Simplicity","damage_taken":0,"max_hp_gain":0,"max_hp_loss":0,"event_name":"Back to Basics","floor":29,"gold_loss":0,"cards_upgraded":["Defend_G","Defend_G","Defend_G","Defend_G","Defend_G","Strike_G","Strike_G","Strike_G","Strike_G"]},{"damage_healed":0,"gold_gain":0,"player_choice":"Ignored","damage_taken":0,"max_hp_gain":0,"max_hp_loss":0,"event_name":"Tomb of Lord Red Mask","floor":38,"gold_loss":0},{"damage_healed":0,"gold_gain":100,"player_choice":"Pray","damage_taken":0,"max_hp_gain":0,"max_hp_loss":0,"event_name":"Golden Shrine","floor":48,"gold_loss":0}],"is_beta":false,"boss_relics":[{"not_picked":["Empty Cage","Fusion Hammer"],"picked":"Busted Crown"},{"not_picked":["Velvet Choker","Black Star"],"picked":"Cursed Key"}],"items_purged_floors":[5,45],"is_endless":false,"potions_floor_spawned":[4,7,12,16,18,25,28,28,31,36,39,41],"ascension_level":7}