{"gold_per_floor":[13,31,31,41,61,81,81,81,154,154,184,16,31,41,41,119,119,139,89,105,105,116,116,142,157,157,173,200,200,200,218,218,289,289,307,307,326,168,187,187,222,222,222,241,268,368,380,390,390,390],"floor_reached":51,"playtime":5047,"items_purged":["Regret"],"score":1292,"play_id":"ec4de1d8-4e48-4345-b141-73f46d2008fa","local_time":"20190118141651","is_ascension_mode":true,"campfire_choices":[{"data":"Fiend Fire","floor":7.0,"key":"SMITH"},{"data":"Body Slam","floor":10.0,"key":"SMITH"},{"data":"Bash","floor":15.0,"key":"SMITH"},{"data":"Shrug It Off","floor":23.0,"key":"SMITH"},{"data":"Shockwave","floor":32,"key":"SMITH"},{"data":"Double Tap","floor":40,"key":"SMITH"},{"data":"Flame Barrier","floor":42,"key":"SMITH"},{"data":"Shrug It Off","floor":49,"key":"SMITH"}],"neow_cost":"NO_GOLD","seed_source_timestamp":0,"circlet_count":0,"master_deck":["AscendersBane","Strike_R","Strike_R","Strike_R","Defend_R","Defend_R","Defend_R","Defend_R+1","Bash+1","Reaper","Juggernaut+1","Body Slam+1","Fiend Fire+1","Shrug It Off+1","Evolve+1","Offering+1","Iron Wave+1","Flame Barrier+1","Shrug It Off+1","Double Tap+1","Shockwave+1","Flame Barrier+1","Metallicize+1","Metallicize+1","Barricade+1","Demon Form+1","Metallicize+1","Iron Wave+1","Shrug It Off+1","Warcry+1"],"special_seed":0,"relics":["Burning Blood","Frozen Egg 2","FossilizedHelix","Bag of Preparation","Sozu","Omamori","Pear","Vajra","Bronze Scales","Calling Bell","Strawberry","Mercury Hourglass","Ginger","Kunai","Prayer Wheel","Bird Faced Urn"],"potions_floor_usage":[],"damage_taken":[{"damage":12.0,"enemies":"Jaw Worm","floor":1.0,"turns":7.0},{"damage":1.0,"enemies":"Cultist","floor":2.0,"turns":5.0},{"damage":1.0,"enemies":"2 Louse","floor":4.0,"turns":5.0},{"damage":12.0,"enemies":"2 Fungi Beasts","floor":5.0,"turns":4.0},{"damage":1.0,"enemies":"Red Slaver","floor":6.0,"turns":5.0},{"damage":0.0,"enemies":"Large Slime","floor":13.0,"turns":5.0},{"damage":0.0,"enemies":"Blue Slaver","floor":14.0,"turns":1.0},{"damage":36.0,"enemies":"The Guardian","floor":16.0,"turns":13.0},{"damage":4.0,"enemies":"3 Byrds","floor":18.0,"turns":7.0},{"damage":0.0,"enemies":"Chosen","floor":20.0,"turns":2.0},{"damage":0.0,"enemies":"Shelled Parasite and Fungi","floor":22.0,"turns":2.0},{"damage":15.0,"enemies":"Slavers","floor":24.0,"turns":5.0},{"damage":6.0,"enemies":"Centurion and Healer","floor":25.0,"turns":5.0},{"damage":0,"enemies":"Snake Plant","floor":27,"turns":2},{"damage":14,"enemies":"Gremlin Leader","floor":28,"turns":11},{"damage":0,"enemies":"Shelled Parasite and Fungi","floor":31,"turns":4},{"damage":8,"enemies":"Collector","floor":33,"turns":7},{"damage":14,"enemies":"3 Darklings","floor":35,"turns":5},{"damage":0,"enemies":"Orb Walker","floor":37,"turns":1},{"damage":5,"enemies":"Jaw Worm Horde","floor":39,"turns":5},{"damage":38,"enemies":"Giant Head","floor":41,"turns":9},{"damage":2,"enemies":"Writhing Mass","floor":44,"turns":7},{"damage":34,"enemies":"Reptomancer","floor":45,"turns":9},{"damage":3,"enemies":"Mind Bloom Boss Battle","floor":46,"turns":8},{"damage":30,"enemies":"Spire Growth","floor":47,"turns":5},{"damage":34,"enemies":"Jaw Worm Horde","floor":48,"turns":7},{"damage":56,"enemies":"Donu and Deca","floor":50,"turns":11}],"seed_played":"3514760577230283918","potions_obtained":[{"floor":1.0,"key":"SpeedPotion"},{"floor":6.0,"key":"Swift Potion"},{"floor":13.0,"key":"Fire Potion"}],"is_trial":false,"path_per_floor":["M","M","?","M","M","M","R","?","T","R","?","$","M","M","R","B",null,"M","?","M","?","M","R","E","M","T","M","E","T","?","M","R","B",null,"M","?","M","$","M","R","E","R","T","M","E","?","M","M","R","B",null],"character_chosen":"IRONCLAD","items_purchased":["Bag of Preparation","Metallicize+1"],"campfire_rested":0,"item_purchase_floors":[12,38],"current_hp_per_floor":[62,71,71,75,69,74,74,51,51,51,51,51,57,63,63,33,65,73,73,75,75,75,75,66,75,85,85,85,85,85,85,85,83,92,92,92,92,92,92,92,81,81,81,92,78,92,92,80,80,56],"gold":390,"neow_bonus":"TRANSFORM_TWO_CARDS","is_prod":false,"is_daily":false,"chose_seed":false,"campfire_upgraded":8,"win_rate":0,"timestamp":1547849811,"path_taken":["M","M","?","?","M","M","R","?","T","R","?","$","M","M","R","BOSS","M","?","?","?","M","R","E","M","T","M","E","?","?","M","R","BOSS","M","?","M","$","M","R","E","R","T","?","E","?","M","M","R","BOSS"],"build_version":"2019-01-10","purchased_purges":1,"victory":true,"max_hp_per_floor":[75,75,75,75,75,75,75,75,75,75,75,75,75,75,75,75,75,75,75,75,75,75,75,75,75,85,85,85,85,85,85,85,85,92,92,92,92,92,92,92,92,92,92,92,92,92,92,92,92,92],"card_choices":[{"not_picked":["Reckless Charge","Pommel Strike","Clothesline"],"picked":"SKIP","floor":1.0},{"not_picked":["Bloodletting","Pommel Strike"],"picked":"Body Slam","floor":2.0},{"not_picked":["Iron Wave","Pommel Strike"],"picked":"Shrug It Off","floor":4.0},{"not_picked":["Anger","Sword Boomerang","Fire Breathing"],"picked":"SKIP","floor":5.0},{"not_picked":["Armaments","True Grit","Havoc"],"picked":"SKIP","floor":6.0},{"not_picked":["Anger","Clash"],"picked":"Evolve+1","floor":13.0},{"not_picked":["Sword Boomerang","True Grit","Corruption+1"],"picked":"SKIP","floor":14.0},{"not_picked":["Fiend Fire","Immolate"],"picked":"Offering","floor":16.0},{"not_picked":["Intimidate","Clothesline"],"picked":"Iron Wave+1","floor":18.0},{"not_picked":["Havoc+1","Body Slam"],"picked":"Flame Barrier+1","floor":20.0},{"not_picked":["Iron Wave","Body Slam"],"picked":"Shrug It Off","floor":22.0},{"not_picked":["Infernal Blade","Dropkick"],"picked":"Double Tap","floor":24.0},{"not_picked":["Flex","Hemokinesis+1","Wild Strike"],"picked":"SKIP","floor":25.0},{"not_picked":["Second Wind","Clash"],"picked":"Shockwave","floor":27},{"not_picked":["Cleave","Clothesline"],"picked":"Flame Barrier","floor":28},{"not_picked":["Pummel","Feel No Pain+1"],"picked":"Metallicize+1","floor":31},{"not_picked":["Double Tap","Demon Form+1"],"picked":"Barricade+1","floor":33},{"not_picked":["Rampage","Iron Wave","Twin Strike"],"picked":"SKIP","floor":35},{"not_picked":["Pommel Strike","Perfected Strike"],"picked":"Demon Form+1","floor":37},{"not_picked":["Flex","Thunderclap","Rupture+1"],"picked":"SKIP","floor":39},{"not_picked":["Rage","Heavy Blade"],"picked":"Iron Wave+1","floor":41},{"not_picked":["Fire Breathing+1","Twin Strike+1"],"picked":"Shrug It Off","floor":44},{"not_picked":["Shockwave","Clash","Fire Breathing+1"],"picked":"SKIP","floor":45},{"not_picked":["Anger","Searing Blow"],"picked":"Warcry+1","floor":47},{"not_picked":["Heavy Blade","Dropkick","Wild Strike"],"picked":"SKIP","floor":47},{"not_picked":["Clothesline","Headbutt+1","Sentinel"],"picked":"SKIP","floor":48},{"not_picked":["Exhume","Wild Strike","Sword Boomerang"],"picked":"SKIP","floor":48}],"player_experience":378592,"relics_obtained":[{"floor":9.0,"key":"Frozen Egg 2"},{"floor":24.0,"key":"Omamori"},{"floor":26,"key":"Pear"},{"floor":28,"key":"Vajra"},{"floor":29,"key":"Bronze Scales"},{"floor":34,"key":"Strawberry"},{"floor":34,"key":"Mercury Hourglass"},{"floor":34,"key":"Ginger"},{"floor":41,"key":"Kunai"},{"floor":45,"key":"Prayer Wheel"},{"floor":46,"key":"Bird Faced Urn"}],"event_choices":[{"damage_healed":0.0,"max_hp_gain":0.0,"max_hp_loss":0.0,"gold_gain":0.0,"event_name":"Match and Keep!","player_choice":"1 cards matched","floor":3.0,"gold_loss":0.0,"damage_taken":0.0,"cards_obtained":["Fiend Fire"]},{"damage_healed":0.0,"max_hp_gain":0.0,"max_hp_loss":0.0,"gold_gain":0.0,"event_name":"Shining Light","player_choice":"Entered Light","floor":8.0,"gold_loss":0.0,"damage_taken":23.0,"cards_upgraded":["Juggernaut","Defend_R"]},{"damage_healed":0.0,"max_hp_gain":0.0,"max_hp_loss":0.0,"gold_gain":30.0,"event_name":"Dead Adventurer","player_choice":"Searched \u00272\u0027 times","floor":11.0,"gold_loss":0.0,"damage_taken":0.0,"relics_obtained":["FossilizedHelix"]},{"damage_healed":0.0,"max_hp_gain":0.0,"max_hp_loss":0.0,"gold_gain":0.0,"event_name":"Designer","player_choice":"Upgraded Two","floor":19.0,"gold_loss":50.0,"damage_taken":0.0,"cards_upgraded":["Shrug It Off","Offering"]},{"damage_healed":0.0,"max_hp_gain":0.0,"max_hp_loss":0.0,"gold_gain":0.0,"event_name":"Ghosts","player_choice":"Ignored","floor":21.0,"gold_loss":0.0,"damage_taken":0.0},{"damage_healed":0,"gold_gain":0,"player_choice":"Read","damage_taken":0,"max_hp_gain":0,"max_hp_loss":0,"event_name":"The Library","floor":30,"gold_loss":0,"cards_obtained":["Metallicize"]},{"damage_healed":0,"gold_gain":0,"player_choice":"0 cards matched","damage_taken":0,"max_hp_gain":0,"max_hp_loss":0,"event_name":"Match and Keep!","floor":36,"gold_loss":0,"cards_obtained":[]},{"damage_healed":0,"gold_gain":0,"player_choice":"Fight","damage_taken":0,"max_hp_gain":0,"max_hp_loss":0,"event_name":"MindBloom","floor":46,"gold_loss":0}],"is_beta":false,"boss_relics":[{"not_picked":["Busted Crown","Black Blood"],"picked":"Sozu"},{"not_picked":["White Beast Statue","Pandora\u0027s Box"],"picked":"Calling Bell"}],"items_purged_floors":[38],"is_endless":false,"potions_floor_spawned":[1,6,13,14,16,20,22,27,31,37,41,44,47],"ascension_level":16}