{"gold_per_floor":[113,188,200,150,150,150,164,56,56,69,89,89,100,111,111,216,216,231,261,276,79,93,93,93,93,117,67,102,102,112,124,124,124],"floor_reached":33,"playtime":7538,"items_purged":["Defend_R"],"score":272,"play_id":"cdc412ca-07b0-4b12-b920-c63569489272","local_time":"20190202020722","is_ascension_mode":true,"campfire_choices":[{"floor":6,"key":"RECALL"},{"data":"Seeing Red","floor":12,"key":"SMITH"},{"data":"Perfected Strike","floor":15,"key":"SMITH"},{"data":"Fire Breathing","floor":23,"key":"SMITH"},{"data":"Bash","floor":25,"key":"SMITH"},{"floor":29,"key":"REST"},{"floor":32,"key":"REST"}],"neow_cost":"NONE","seed_source_timestamp":125714852372726,"circlet_count":0,"master_deck":["Strike_R","Strike_R","Strike_R","Strike_R","Defend_R","Defend_R","Bash+1","Double Tap","Flex","Intimidate","Clash","Seeing Red+1","Fire Breathing+1","Heavy Blade","Perfected Strike+1","Perfected Strike","Impervious","Flex+1","Dual Wield","Evolve","Wild Strike","Writhe","Flex","Spot Weakness+1","Warcry+1","Iron Wave+1"],"relics":["Burning Blood","Magic Flower","Runic Cube","Tiny Chest","Gremlin Horn","Incense Burner"],"potions_floor_usage":[16,16,16,20],"damage_taken":[{"damage":6,"enemies":"Small Slimes","floor":1,"turns":3},{"damage":6,"enemies":"2 Louse","floor":3,"turns":4},{"damage":0,"enemies":"Cultist","floor":7,"turns":3},{"damage":7,"enemies":"Blue Slaver","floor":10,"turns":3},{"damage":1,"enemies":"Exordium Thugs","floor":11,"turns":4},{"damage":0,"enemies":"Large Slime","floor":13,"turns":4},{"damage":8,"enemies":"3 Louse","floor":14,"turns":6},{"damage":76,"enemies":"Hexaghost","floor":16,"turns":12},{"damage":37,"enemies":"Chosen","floor":18,"turns":5},{"damage":4,"enemies":"2 Thieves","floor":20,"turns":4},{"damage":20,"enemies":"Chosen and Byrds","floor":22,"turns":4},{"damage":39,"enemies":"Gremlin Leader","floor":28,"turns":3},{"damage":26,"enemies":"Snake Plant","floor":30,"turns":5},{"damage":12,"enemies":"Cultist and Chosen","floor":31,"turns":4},{"damage":42,"enemies":"Collector","floor":33,"turns":5}],"seed_played":"7569250381117872846","potions_obtained":[{"floor":1,"key":"Block Potion"},{"floor":10,"key":"SpeedPotion"},{"floor":13,"key":"EssenceOfSteel"},{"floor":16,"key":"AttackPotion"},{"floor":18,"key":"Strength Potion"},{"floor":30,"key":"Ancient Potion"}],"is_trial":false,"path_per_floor":["?","?","?","M","?","$","M","?"],"character_chosen":"IRONCLAD","items_purchased":["Seeing Red","Fire Breathing","Evolve","Wild Strike","Flex"],"campfire_rested":2,"item_purchase_floors":[8,8,21,21,27],"current_hp_per_floor":[80,69,69,69,69,69,75,75,75,77,80,80,80,80,80,13,80,52,52,57,57,46,46,46,46,46,46,16,40,23,20,44,2],"gold":124,"neow_bonus":"ONE_RANDOM_RARE_CARD","is_prod":false,"is_daily":false,"chose_seed":false,"campfire_upgraded":4,"win_rate":0,"timestamp":1549069642,"path_taken":["M","?","M","?","?","R","M","$","T","M","?","R","M","M","R","BOSS","M","?","M","?","?","R","?","R","T","$","E","R","M","M","R","BOSS"],"build_version":"2019-01-23","purchased_purges":1,"victory":false,"max_hp_per_floor":[80,80,80,80,80,80,80,80,80,80,80,80,80,80,80,80,80,80,80,80,80,80,80,80,80,80,80,80,80,80,80,80,80],"card_choices":[{"not_picked":["Reckless Charge","Body Slam"],"picked":"Flex","floor":1},{"not_picked":["Clothesline","Anger","Burning Pact"],"picked":"SKIP","floor":3},{"not_picked":["Body Slam","True Grit"],"picked":"Clash","floor":7},{"not_picked":["Spot Weakness","Dual Wield"],"picked":"Heavy Blade","floor":10},{"not_picked":["Anger","Fire Breathing"],"picked":"Perfected Strike","floor":11},{"not_picked":["Combust","Uppercut","Shrug It Off"],"picked":"SKIP","floor":13},{"not_picked":["Armaments","Twin Strike"],"picked":"Perfected Strike","floor":14},{"not_picked":["Dark Embrace","Immolate"],"picked":"Impervious","floor":16},{"not_picked":["Headbutt","Twin Strike"],"picked":"Flex+1","floor":18},{"not_picked":["Body Slam","Sentinel+1"],"picked":"Dual Wield","floor":20},{"not_picked":["Clothesline+1","Shrug It Off","Armaments"],"picked":"SKIP","floor":22},{"not_picked":["Pummel","Intimidate+1"],"picked":"Spot Weakness+1","floor":28},{"not_picked":["Rampage","Thunderclap+1"],"picked":"Warcry+1","floor":30},{"not_picked":["Rupture","Body Slam"],"picked":"Iron Wave+1","floor":31}],"player_experience":126554,"relics_obtained":[{"floor":9,"key":"Magic Flower"},{"floor":28,"key":"Incense Burner"}],"event_choices":[{"damage_healed":0,"gold_gain":75,"player_choice":"Gather Gold","damage_taken":11,"max_hp_gain":0,"max_hp_loss":0,"event_name":"World of Goop","floor":2,"gold_loss":0},{"cards_removed":["Defend_R"],"damage_healed":0,"gold_gain":0,"player_choice":"Card Removal","damage_taken":0,"max_hp_gain":0,"max_hp_loss":0,"event_name":"The Cleric","floor":4,"gold_loss":50},{"damage_healed":0,"gold_gain":0,"cards_transformed":["Strike_R"],"player_choice":"Transformed","damage_taken":0,"max_hp_gain":0,"max_hp_loss":0,"event_name":"Transmorgrifier","floor":5,"gold_loss":0,"cards_obtained":["Intimidate"]},{"damage_healed":0,"gold_gain":0,"player_choice":"Gave Potion","damage_taken":0,"relics_obtained":["Tiny Chest"],"max_hp_gain":0,"max_hp_loss":0,"event_name":"WeMeetAgain","floor":19,"gold_loss":0},{"damage_healed":0,"gold_gain":0,"player_choice":"Opened","damage_taken":0,"relics_obtained":["Gremlin Horn"],"max_hp_gain":0,"max_hp_loss":0,"event_name":"The Mausoleum","floor":24,"gold_loss":0,"cards_obtained":["Writhe"]}],"is_beta":false,"boss_relics":[{"not_picked":["Eternal Feather","Snecko Eye"],"picked":"Runic Cube"}],"items_purged_floors":[21],"is_endless":false,"potions_floor_spawned":[1,10,13,14,16,18,30],"killed_by":"Collector","ascension_level":1}