{"gold_per_floor":[116,127,144,163,163,163,163,163,163,180,180,192,192,227,227,332,332,342,342,120,104,59,59,59,59,59,77,176,176,194,208,208,309,309,323,338,338,356,372,372,24,24,24,41,41,61,61,61],"floor_reached":48,"playtime":4746,"items_purged":["Defend_R","Strike_R"],"score":543,"play_id":"9ab110c5-c302-4a6b-943b-bf53a93c7108","local_time":"20180819140919","is_ascension_mode":true,"campfire_choices":[{"data":"Spot Weakness","floor":6.0,"key":"SMITH"},{"data":"Iron Wave","floor":8.0,"key":"SMITH"},{"data":"Iron Wave","floor":11.0,"key":"SMITH"},{"data":"Headbutt","floor":13.0,"key":"SMITH"},{"data":"Headbutt","floor":15.0,"key":"SMITH"},{"data":"Demon Form","floor":23.0,"key":"SMITH"},{"data":"True Grit","floor":25.0,"key":"SMITH"},{"data":"Bash","floor":29.0,"key":"SMITH"},{"floor":32.0,"key":"REST"},{"floor":40,"key":"REST"},{"floor":47,"key":"REST"}],"neow_cost":"NONE","seed_source_timestamp":0,"circlet_count":0,"master_deck":["Strike_R","Strike_R","Strike_R","Defend_R","Defend_R","Defend_R","Bash+1","Spot Weakness+1","Headbutt+1","Iron Wave+1","Clash","Iron Wave+1","Headbutt+1","True Grit","Demon Form+1","Ghostly Armor","Clothesline+1","True Grit+1","Flame Barrier","Feel No Pain","Demon Form","Feel No Pain+1","Uppercut","Clothesline+1","Sever Soul","Transmutation","Sever Soul","Writhe","Shockwave","Sever Soul","Heavy Blade"],"special_seed":0,"relics":["Burning Blood","Letter Opener","Oddly Smooth Stone","Sozu","Blood Vial","Gremlin Horn","Philosopher\u0027s Stone","Boot","Du-Vu Doll"],"potions_floor_usage":[46],"damage_taken":[{"damage":5.0,"enemies":"Jaw Worm","floor":1.0,"turns":5.0},{"damage":10.0,"enemies":"Small Slimes","floor":2.0,"turns":3.0},{"damage":11.0,"enemies":"Cultist","floor":3.0,"turns":4.0},{"damage":12.0,"enemies":"3 Louse","floor":4.0,"turns":6.0},{"damage":0.0,"enemies":"2 Fungi Beasts","floor":10.0,"turns":3.0},{"damage":0.0,"enemies":"Exordium Thugs","floor":12.0,"turns":3.0},{"damage":11.0,"enemies":"3 Sentries","floor":14.0,"turns":6.0},{"damage":7.0,"enemies":"The Guardian","floor":16.0,"turns":7.0},{"damage":27.0,"enemies":"3 Byrds","floor":18.0,"turns":5.0},{"damage":8.0,"enemies":"2 Thieves","floor":21.0,"turns":4.0},{"damage":6.0,"enemies":"Centurion and Healer","floor":27.0,"turns":5.0},{"damage":16.0,"enemies":"Snecko","floor":30.0,"turns":5.0},{"damage":14.0,"enemies":"Chosen and Byrds","floor":31.0,"turns":5.0},{"damage":63.0,"enemies":"Collector","floor":33.0,"turns":9.0},{"damage":8.0,"enemies":"Orb Walker","floor":35.0,"turns":5.0},{"damage":24.0,"enemies":"3 Shapes","floor":36.0,"turns":7.0},{"damage":40.0,"enemies":"Sphere and 2 Shapes","floor":38.0,"turns":8.0},{"damage":21,"enemies":"Maw","floor":39,"turns":8},{"damage":28,"enemies":"Flame Bruiser 2 Orb","floor":44,"turns":5},{"damage":0,"floor":45,"turns":6},{"damage":48,"enemies":"Transient","floor":46,"turns":5},{"damage":41,"enemies":"2 Orb Walkers","floor":48,"turns":2}],"seed_played":"2399676260387553211","potions_obtained":[{"floor":2.0,"key":"Dexterity Potion"},{"floor":3.0,"key":"LiquidBronze"},{"floor":4.0,"key":"BloodPotion"},{"floor":16.0,"key":"Fire Potion"}],"is_trial":false,"path_per_floor":["M","M","M","M","?","R","?","R","T","M","R","M","R","E","R","B",null,"M","?","$","M","$","R","$","R","T","M","?","R","M","M","R","B",null,"M","M","?","M","M","R","$","?","T","M","?","M","R"],"character_chosen":"IRONCLAD","items_purchased":["Blood Vial","True Grit","Transmutation","Sever Soul"],"campfire_rested":3,"item_purchase_floors":[20,22,41,41],"current_hp_per_floor":[80,76,71,65,70,70,70,70,70,76,76,82,82,77,77,76,83,62,62,62,62,62,62,62,62,62,64,64,64,56,50,75,20,69,69,53,53,21,8,33,33,54,54,34,42,10,35,0],"gold":61,"neow_bonus":"REMOVE_CARD","is_prod":false,"is_daily":false,"chose_seed":false,"campfire_upgraded":8,"win_rate":0,"timestamp":1534705759,"path_taken":["M","M","M","M","?","R","?","R","T","M","R","?","R","E","R","BOSS","M","?","$","M","$","R","?","R","T","?","?","R","M","M","R","BOSS","M","M","?","?","M","R","$","?","T","M","?","?","R","E"],"build_version":"2018-08-16","purchased_purges":2,"victory":false,"max_hp_per_floor":[80,80,80,80,85,85,85,85,85,85,85,85,85,85,85,85,85,85,85,85,85,85,85,85,85,85,85,85,85,85,85,85,85,85,85,85,85,85,85,85,85,85,85,85,85,85,85,85],"card_choices":[{"not_picked":["Pommel Strike","Headbutt"],"picked":"Spot Weakness","floor":1.0},{"not_picked":["Warcry","True Grit"],"picked":"Headbutt","floor":2.0},{"not_picked":["Second Wind","Pummel"],"picked":"Iron Wave","floor":3.0},{"not_picked":["Dual Wield","Feel No Pain"],"picked":"Clash","floor":4.0},{"not_picked":["Hemokinesis","Sentinel"],"picked":"Iron Wave","floor":10.0},{"not_picked":["Thunderclap","Reckless Charge"],"picked":"Headbutt","floor":12.0},{"not_picked":["Wild Strike","Rupture"],"picked":"True Grit","floor":14.0},{"not_picked":["Limit Break","Fiend Fire"],"picked":"Demon Form","floor":16.0},{"not_picked":["Entrench+1","Shockwave"],"picked":"Ghostly Armor","floor":18.0},{"not_picked":["Infernal Blade","Sword Boomerang"],"picked":"Clothesline+1","floor":21.0},{"not_picked":["Clothesline","Uppercut","Sentinel"],"picked":"SKIP","floor":27.0},{"not_picked":["Pummel+1","Thunderclap"],"picked":"Flame Barrier","floor":30.0},{"not_picked":["Warcry","Whirlwind"],"picked":"Feel No Pain","floor":31.0},{"not_picked":["Fiend Fire","Dark Embrace"],"picked":"Demon Form","floor":33.0},{"not_picked":["Combust","Pommel Strike"],"picked":"Feel No Pain+1","floor":35.0},{"not_picked":["Wild Strike+1","Spot Weakness"],"picked":"Uppercut","floor":36.0},{"not_picked":["Twin Strike+1","Clash"],"picked":"Clothesline+1","floor":38},{"not_picked":["Searing Blow+1","Pommel Strike+1"],"picked":"Sever Soul","floor":39},{"not_picked":["Wild Strike+1","Bludgeon"],"picked":"Shockwave","floor":44},{"not_picked":["Armaments","Headbutt"],"picked":"Sever Soul","floor":45},{"not_picked":["Anger+1","Flex"],"picked":"Heavy Blade","floor":46}],"player_experience":133785,"relics_obtained":[{"floor":9.0,"key":"Letter Opener"},{"floor":14.0,"key":"Oddly Smooth Stone"},{"floor":26.0,"key":"Gremlin Horn"},{"floor":43,"key":"Boot"},{"floor":45,"key":"Du-Vu Doll"}],"event_choices":[{"event_name":"Big Fish","player_choice":"Donut","floor":5.0,"damage_taken":0.0},{"event_name":"Liars Game","player_choice":"disagreed","floor":7.0,"damage_taken":0.0},{"event_name":"The Mausoleum","player_choice":"No","floor":19.0,"damage_taken":0.0},{"event_name":"Nest","player_choice":"Stole From Cult","floor":28.0,"damage_taken":0.0},{"event_name":"The Lab","player_choice":"Got Potions","floor":37.0,"damage_taken":0.0},{"event_name":"Winding Halls","player_choice":"Writhe","floor":42,"damage_taken":0},{"event_name":"MindBloom","player_choice":"Fight","floor":45,"damage_taken":0}],"is_beta":false,"boss_relics":[{"not_picked":["Mark of Pain","Black Star"],"picked":"Sozu"},{"not_picked":["Empty Cage","Runic Dome"],"picked":"Philosopher\u0027s Stone"}],"items_purged_floors":[20,41],"is_endless":false,"potions_floor_spawned":[2,3,4,16,18,31,33,39,44,45],"killed_by":"2 Orb Walkers","ascension_level":5}