{"gold_per_floor":[109,33,50,50,50,50,64,64,64,64,64,74,74,31,31,126,126,136,136,42,59,36,36],"floor_reached":23,"playtime":788,"items_purged":[],"score":230,"play_id":"4418d55c-49c4-4f14-8314-093dfdfe4b74","local_time":"20181109195751","is_ascension_mode":true,"campfire_choices":[{"data":"All Out Attack","floor":6,"key":"SMITH"},{"data":"Neutralize","floor":8,"key":"SMITH"},{"data":"Panacea","floor":11,"key":"SMITH"},{"data":"Infinite Blades","floor":13,"key":"SMITH"},{"data":"Dagger Throw","floor":15,"key":"SMITH"}],"neow_cost":"NONE","seed_source_timestamp":6630663717800,"circlet_count":0,"master_deck":["Defend_G","Defend_G","Defend_G","Defend_G","Defend_G","Strike_G","Strike_G","Strike_G","Strike_G","Strike_G","Survivor","Neutralize+1","Panacea+1","PiercingWail","All Out Attack+1","Backflip","Dagger Throw+1","Infinite Blades+1","Venomology","Blade Dance","Flash of Steel","Slice","Dagger Spray"],"relics":["Ring of the Snake","WingedGreaves","Cursed Key"],"potions_floor_usage":[16,16,21,23,23],"damage_taken":[{"damage":0,"enemies":"2 Louse","floor":1,"turns":4},{"damage":0,"enemies":"Small Slimes","floor":3,"turns":4},{"damage":5,"enemies":"Cultist","floor":7,"turns":4},{"damage":2,"enemies":"Exordium Wildlife","floor":12,"turns":5},{"damage":32,"enemies":"Hexaghost","floor":16,"turns":12},{"damage":7,"enemies":"3 Byrds","floor":18,"turns":4},{"damage":2,"enemies":"Shell Parasite","floor":21,"turns":6},{"damage":57,"enemies":"Gremlin Leader","floor":23,"turns":5}],"seed_played":"-6785951883199935246","potions_obtained":[{"floor":1,"key":"PowerPotion"},{"floor":12,"key":"SkillPotion"},{"floor":16,"key":"GhostInAJar"}],"is_trial":false,"path_per_floor":["M","$","M","$","?","R","M","R","T","?","R","M","R","?","R","B",null,"M","?","$","M","$","E"],"character_chosen":"THE_SILENT","items_purchased":["All Out Attack","Flash of Steel","Dagger Spray"],"campfire_rested":0,"item_purchase_floors":[2,20,22],"current_hp_per_floor":[63,63,63,63,68,68,63,63,63,63,63,61,61,61,61,29,64,57,57,57,55,55,0],"gold":36,"neow_bonus":"RANDOM_COLORLESS","is_prod":false,"is_daily":false,"chose_seed":false,"campfire_upgraded":5,"win_rate":0,"timestamp":1541793471,"path_taken":["M","$","M","$","?","R","M","R","T","?","R","?","R","?","R","BOSS","M","?","$","M","?","E"],"build_version":"2018-11-08","purchased_purges":0,"victory":false,"max_hp_per_floor":[70,70,70,70,75,75,75,75,75,75,75,75,75,75,75,75,75,75,75,75,75,75,75],"card_choices":[{"not_picked":["Prepared","Underhanded Strike"],"picked":"PiercingWail","floor":1},{"not_picked":["Sucker Punch","Blade Dance"],"picked":"Backflip","floor":3},{"not_picked":["Finisher","Prepared"],"picked":"Dagger Throw","floor":7},{"not_picked":["Prepared","Dagger Throw"],"picked":"Infinite Blades","floor":12},{"not_picked":["Night Terror","Wraith Form v2"],"picked":"Venomology","floor":16},{"not_picked":["Quick Slash","Choke"],"picked":"Blade Dance","floor":18},{"not_picked":["Blade Dance","Catalyst"],"picked":"Slice","floor":21}],"player_experience":127665,"relics_obtained":[{"floor":9,"key":"WingedGreaves"}],"event_choices":[{"damage_healed":0,"gold_gain":0,"player_choice":"Donut","damage_taken":0,"max_hp_gain":5,"max_hp_loss":0,"event_name":"Big Fish","floor":5,"gold_loss":0},{"damage_healed":0,"gold_gain":0,"player_choice":"Bought 0 Potions","damage_taken":0,"max_hp_gain":0,"max_hp_loss":0,"event_name":"The Woman in Blue","floor":10,"gold_loss":0},{"damage_healed":0,"gold_gain":0,"player_choice":"Left Gold","damage_taken":0,"max_hp_gain":0,"max_hp_loss":0,"event_name":"World of Goop","floor":14,"gold_loss":43},{"damage_healed":0,"gold_gain":0,"player_choice":"0 cards matched","damage_taken":0,"max_hp_gain":0,"max_hp_loss":0,"event_name":"Match and Keep!","floor":19,"gold_loss":0,"cards_obtained":[]}],"is_beta":false,"boss_relics":[{"not_picked":["Coffee Dripper","Snecko Eye"],"picked":"Cursed Key"}],"items_purged_floors":[],"is_endless":false,"potions_floor_spawned":[1,12,16],"killed_by":"Gremlin Leader","ascension_level":6}