{"gold_per_floor":[119,194,5,5,5,5,5,5,29,29,57,19,19,31,43,156,168,193,222,234,37,48,82,94,94,117,152,171,32,32,51,51,155,155,169,169,3,22,22,35,35,35,35,35,35,68,68,68,68,68],"floor_reached":50,"playtime":3079,"items_purged":["Strike_R","Strike_R"],"score":502,"play_id":"397b3e28-e490-4589-bc75-35edef83e57d","local_time":"20190203105931","is_ascension_mode":false,"campfire_choices":[{"data":"Panache","floor":6,"key":"SMITH"},{"data":"Bash","floor":8,"key":"SMITH"},{"data":"Reckless Charge","floor":10,"key":"SMITH"},{"floor":15,"key":"REST"},{"floor":25,"key":"REST"},{"floor":32,"key":"REST"},{"floor":41,"key":"REST"},{"floor":45,"key":"REST"},{"floor":49,"key":"RECALL"}],"neow_cost":"PERCENT_DAMAGE","seed_source_timestamp":164043797470857,"circlet_count":0,"master_deck":["Strike_R+1","Defend_R+1","Defend_R+1","Defend_R+1","Defend_R+1","Bash+1","Reaper+1","Reckless Charge+1","Panache+1","Clothesline+1","Inflame+1","Reckless Charge+1","Double Tap+1","Inflame+1","True Grit+1","Fire Breathing+1","Dark Embrace+1","Reckless Charge+1","Feel No Pain+1","Shockwave+1","True Grit+1","Intimidate+1","Chrysalis+1","Magnetism+1"],"relics":["Burning Blood","Bottled Flame","Juzu Bracelet","Centennial Puzzle","MawBank","Fusion Hammer","Art of War","Potion Belt","Magic Flower","Busted Crown","Mummified Hand","Mark of the Bloom","Blue Candle"],"potions_floor_usage":[27,27,33,33,33,48,50,50],"damage_taken":[{"damage":2,"enemies":"Cultist","floor":1,"turns":5},{"damage":29,"enemies":"Gremlin Nob","floor":11,"turns":4},{"damage":28,"enemies":"Slime Boss","floor":16,"turns":6},{"damage":14,"enemies":"Spheric Guardian","floor":18,"turns":4},{"damage":22,"enemies":"2 Thieves","floor":19,"turns":4},{"damage":26,"enemies":"Sentry and Sphere","floor":22,"turns":5},{"damage":50,"enemies":"Gremlin Leader","floor":23,"turns":8},{"damage":23,"enemies":"Snecko","floor":24,"turns":4},{"damage":36,"enemies":"Slavers","floor":27,"turns":5},{"damage":26,"enemies":"Snake Plant","floor":28,"turns":4},{"damage":12,"enemies":"Centurion and Healer","floor":31,"turns":5},{"damage":40,"enemies":"Collector","floor":33,"turns":13},{"damage":38,"enemies":"3 Darklings","floor":35,"turns":7},{"damage":26,"enemies":"Orb Walker","floor":38,"turns":6},{"damage":23,"enemies":"Maw","floor":40,"turns":8},{"damage":9,"enemies":"Nemesis","floor":46,"turns":5},{"damage":0,"enemies":"3 Darklings","floor":48,"turns":1},{"damage":67,"enemies":"Time Eater","floor":50,"turns":9}],"seed_played":"-5496530549611389457","potions_obtained":[{"floor":18,"key":"Energy Potion"},{"floor":23,"key":"Weak Potion"},{"floor":24,"key":"SpeedPotion"},{"floor":27,"key":"FearPotion"},{"floor":35,"key":"Ancient Potion"},{"floor":46,"key":"SmokeBomb"}],"is_trial":false,"path_per_floor":["M","?","$","?","$","R","T","R","T","R","E","$","?","?","R","B",null,"M","M","?","$","M","E","M","R","T","E","M","$","?","M","R","B",null,"M","?","$","M","?","M","R","$","T","?","R","E","?","M","R","B"],"character_chosen":"IRONCLAD","items_purchased":["Panache","Inflame","Fire Breathing","PowerPotion","PowerPotion","Shockwave","Magnetism"],"campfire_rested":5,"item_purchase_floors":[3,12,21,21,21,29,37],"current_hp_per_floor":[60,49,49,54,54,54,54,54,54,54,37,37,25,25,50,28,85,83,76,76,76,56,23,24,49,49,33,30,30,30,27,52,42,85,56,56,56,39,39,43,68,68,68,68,68,59,59,59,59,0],"gold":68,"neow_bonus":"THREE_RARE_CARDS","is_prod":false,"is_daily":false,"chose_seed":false,"campfire_upgraded":3,"win_rate":0,"timestamp":1549187971,"path_taken":["M","?","$","?","$","R","?","R","T","R","E","?","?","?","R","BOSS","M","M","?","$","M","E","M","R","T","E","M","$","?","M","R","BOSS","M","?","$","M","?","M","R","$","T","?","R","E","?","M","R","BOSS"],"build_version":"2019-01-23","purchased_purges":2,"victory":false,"max_hp_per_floor":[80,80,80,85,85,85,85,85,85,85,85,85,85,85,85,85,85,85,85,85,85,85,85,85,85,85,85,85,85,85,85,85,85,85,85,85,85,85,85,85,85,85,85,85,85,85,81,81,81,81],"card_choices":[{"not_picked":["Immolate","Bludgeon"],"picked":"Reaper","floor":0},{"not_picked":["Armaments","Iron Wave"],"picked":"Reckless Charge","floor":1},{"not_picked":["Wild Strike","Intimidate"],"picked":"Clothesline","floor":11},{"not_picked":["Immolate","Exhume"],"picked":"Double Tap","floor":16},{"not_picked":["Armaments","Body Slam"],"picked":"Inflame","floor":18},{"not_picked":["Heavy Blade","Headbutt"],"picked":"True Grit","floor":19},{"not_picked":["Iron Wave","Metallicize+1"],"picked":"Dark Embrace","floor":22},{"not_picked":["Clothesline+1","Pommel Strike"],"picked":"Reckless Charge+1","floor":23},{"not_picked":["Flex","Pummel"],"picked":"Feel No Pain","floor":24},{"not_picked":["Blood for Blood","Second Wind","Sword Boomerang+1"],"picked":"SKIP","floor":27},{"not_picked":["Pummel","Clash","Twin Strike"],"picked":"SKIP","floor":28},{"not_picked":["Feel No Pain","Wild Strike+1"],"picked":"True Grit","floor":31},{"not_picked":[],"picked":"Intimidate+1","floor":35},{"not_picked":[],"picked":"Chrysalis","floor":36},{"not_picked":["Flame Barrier"],"picked":"SKIP","floor":38},{"not_picked":["Twin Strike"],"picked":"SKIP","floor":40},{"not_picked":["Brutality"],"picked":"SKIP","floor":46}],"player_experience":514897,"relics_obtained":[{"floor":7,"key":"Bottled Flame"},{"floor":9,"key":"Juzu Bracelet"},{"floor":11,"key":"Centennial Puzzle"},{"floor":23,"key":"Potion Belt"},{"floor":27,"key":"Magic Flower"},{"floor":43,"key":"Mummified Hand"},{"floor":46,"key":"Blue Candle"}],"event_choices":[{"damage_healed":0,"gold_gain":75,"player_choice":"Gather Gold","damage_taken":11,"max_hp_gain":0,"max_hp_loss":0,"event_name":"World of Goop","floor":2,"gold_loss":0},{"damage_healed":0,"gold_gain":0,"player_choice":"Donut","damage_taken":0,"max_hp_gain":5,"max_hp_loss":0,"event_name":"Big Fish","floor":4,"gold_loss":0},{"damage_healed":0,"gold_gain":0,"player_choice":"Success","damage_taken":12,"relics_obtained":["MawBank"],"max_hp_gain":0,"max_hp_loss":0,"event_name":"Scrap Ooze","floor":13,"gold_loss":0},{"damage_healed":0,"gold_gain":0,"cards_transformed":["Strike_R"],"player_choice":"Change","damage_taken":0,"max_hp_gain":0,"max_hp_loss":0,"event_name":"Living Wall","floor":14,"gold_loss":0,"cards_obtained":["Reckless Charge"]},{"damage_healed":0,"gold_gain":0,"player_choice":"Opened","damage_taken":0,"relics_obtained":["Art of War"],"max_hp_gain":0,"max_hp_loss":0,"event_name":"The Mausoleum","floor":20,"gold_loss":0},{"cards_removed":["Strike_R"],"damage_healed":0,"gold_gain":0,"player_choice":"Offered Basic","damage_taken":0,"max_hp_gain":0,"max_hp_loss":0,"event_name":"Bonfire Elementals","floor":30,"gold_loss":0},{"damage_healed":0,"gold_gain":0,"player_choice":"Memory 1","damage_taken":0,"max_hp_gain":0,"max_hp_loss":0,"event_name":"SensoryStone","floor":36,"gold_loss":0},{"damage_healed":0,"gold_gain":0,"player_choice":"Ignored","damage_taken":0,"max_hp_gain":0,"max_hp_loss":0,"event_name":"Mysterious Sphere","floor":39,"gold_loss":0},{"damage_healed":0,"gold_gain":0,"player_choice":"Upgrade","damage_taken":0,"relics_obtained":["Mark of the Bloom"],"max_hp_gain":0,"max_hp_loss":0,"event_name":"MindBloom","floor":44,"gold_loss":0,"cards_upgraded":["Strike_R","Defend_R","Defend_R","Defend_R","Defend_R","Reaper","Clothesline","Inflame","Reckless Charge","Double Tap","Inflame","True Grit","Fire Breathing","Dark Embrace","Feel No Pain","Shockwave","True Grit","Chrysalis","Magnetism"]},{"damage_healed":0,"gold_gain":0,"player_choice":"Max HP","damage_taken":0,"max_hp_gain":0,"max_hp_loss":4,"event_name":"Winding Halls","floor":47,"gold_loss":0}],"is_beta":false,"boss_relics":[{"not_picked":["Runic Pyramid","Lizard Tail"],"picked":"Fusion Hammer"},{"not_picked":["Eternal Feather","Pandora\u0027s Box"],"picked":"Busted Crown"}],"items_purged_floors":[21,29],"is_endless":false,"potions_floor_spawned":[18,23,24,27,35,46],"killed_by":"Time Eater","ascension_level":0}