{"gold_per_floor":[13,27,27,27,40,40,55,55,78,78,78,78,91,91,91,187,187,198,213,229,229],"floor_reached":21,"playtime":899,"items_purged":[],"score":274,"play_id":"dba5fbce-ca8d-4851-8a3a-8d6a1f0d2dd4","local_time":"20181023231000","is_ascension_mode":true,"campfire_choices":[{"data":"Feed","floor":6,"key":"SMITH"},{"data":"Pommel Strike","floor":8,"key":"SMITH"},{"data":"Sword Boomerang","floor":10,"key":"SMITH"},{"data":"Sword Boomerang","floor":15,"key":"SMITH"}],"neow_cost":"NO_GOLD","seed_source_timestamp":2729184348938553,"circlet_count":0,"master_deck":["Strike_R","Strike_R","Strike_R","Strike_R","Defend_R","Defend_R","Defend_R","Defend_R","Bash","AscendersBane","Feed+1","Pommel Strike+1","Flex+1","Sword Boomerang+1","Perfected Strike","Sword Boomerang+1","Demon Form","Disarm","Armaments"],"relics":["Burning Blood","Vajra","Sozu"],"potions_floor_usage":[7,20],"damage_taken":[{"damage":8,"enemies":"Jaw Worm","floor":1,"turns":4},{"damage":15,"enemies":"Cultist","floor":2,"turns":5},{"damage":10,"enemies":"Small Slimes","floor":5,"turns":4},{"damage":13,"enemies":"3 Louse","floor":7,"turns":3},{"damage":11,"enemies":"Blue Slaver","floor":13,"turns":4},{"damage":39,"enemies":"Slime Boss","floor":16,"turns":9},{"damage":28,"enemies":"Shell Parasite","floor":18,"turns":4},{"damage":6,"enemies":"Spheric Guardian","floor":19,"turns":3},{"damage":19,"enemies":"Cultist and Chosen","floor":20,"turns":5},{"damage":48,"enemies":"Sentry and Sphere","floor":21,"turns":5}],"seed_played":"5894321766673519327","potions_obtained":[{"floor":2,"key":"EssenceOfSteel"},{"floor":16,"key":"SkillPotion"}],"is_trial":false,"path_per_floor":["M","M","?","$","M","R","M","R","T","R","$","?","M","?","R","B",null,"M","M","M"],"character_chosen":"IRONCLAD","items_purchased":[],"campfire_rested":0,"item_purchase_floors":[],"current_hp_per_floor":[73,64,64,64,63,63,60,60,60,60,60,60,55,55,55,26,77,55,55,42,0],"gold":229,"neow_bonus":"THREE_RARE_CARDS","is_prod":false,"is_daily":false,"chose_seed":false,"campfire_upgraded":4,"win_rate":0,"timestamp":1540354200,"path_taken":["M","M","?","?","?","R","M","R","T","R","$","?","M","?","R","BOSS","M","M","M","M"],"build_version":"2018-10-18","purchased_purges":0,"victory":false,"max_hp_per_floor":[83,83,83,83,86,86,90,90,90,90,90,90,90,90,90,94,94,94,94,94,94],"card_choices":[{"not_picked":["Demon Form","Dark Embrace"],"picked":"Feed","floor":0},{"not_picked":["Anger","Evolve"],"picked":"Pommel Strike","floor":1},{"not_picked":["Clash","Sentinel"],"picked":"Flex","floor":2},{"not_picked":["Fiend Fire","True Grit"],"picked":"Sword Boomerang","floor":5},{"not_picked":["Armaments","True Grit"],"picked":"Perfected Strike","floor":7},{"not_picked":["Wild Strike","Clash"],"picked":"Sword Boomerang","floor":13},{"not_picked":["Limit Break","Juggernaut"],"picked":"Demon Form","floor":16},{"not_picked":["Body Slam","Dual Wield","Intimidate"],"picked":"SKIP","floor":18},{"not_picked":["Heavy Blade+1","Blood for Blood"],"picked":"Disarm","floor":19},{"not_picked":["Havoc","Body Slam"],"picked":"Armaments","floor":20}],"player_experience":402639,"relics_obtained":[{"floor":9,"key":"Vajra"}],"event_choices":[{"cards_removed":["Strike_R"],"damage_healed":0,"gold_gain":0,"player_choice":"Purged","damage_taken":0,"max_hp_gain":0,"max_hp_loss":0,"event_name":"Purifier","floor":3,"gold_loss":0},{"damage_healed":0,"gold_gain":0,"player_choice":"Upgraded","damage_taken":0,"max_hp_gain":0,"max_hp_loss":0,"event_name":"Upgrade Shrine","floor":12,"gold_loss":0,"cards_upgraded":["Flex"]},{"damage_healed":0,"gold_gain":0,"player_choice":"Ignored","damage_taken":0,"max_hp_gain":0,"max_hp_loss":0,"event_name":"Liars Game","floor":14,"gold_loss":0}],"is_beta":false,"boss_relics":[{"not_picked":["Orrery","Calling Bell"],"picked":"Sozu"}],"items_purged_floors":[],"is_endless":false,"potions_floor_spawned":[2,16,20],"killed_by":"Sentry and Sphere","ascension_level":12}