{"gold_per_floor":[109,124,141,101,13,13,44,63,63,63,63],"floor_reached":11,"playtime":287,"items_purged":[],"score":139,"play_id":"85b13448-e41e-4e12-ad74-3ec7ea908053","local_time":"20190205003109","is_ascension_mode":true,"campfire_choices":[{"data":"Bane","floor":6,"key":"SMITH"}],"neow_cost":"NONE","seed_source_timestamp":27417446958500,"circlet_count":0,"master_deck":["AscendersBane","Defend_G","Defend_G","Defend_G","Defend_G","Defend_G","Strike_G","Strike_G","Strike_G","Strike_G","Strike_G","Survivor","Neutralize","Bane+1","Skewer","Noxious Fumes","Deadly Poison"],"special_seed":0,"relics":["Ring of the Snake","The Courier","Paper Crane"],"potions_floor_usage":[7,11],"damage_taken":[{"damage":9.0,"enemies":"Cultist","floor":1.0,"turns":5.0},{"damage":1.0,"enemies":"Small Slimes","floor":2.0,"turns":3.0},{"damage":6.0,"enemies":"Jaw Worm","floor":3.0,"turns":5.0},{"damage":1.0,"enemies":"Looter","floor":4.0,"turns":4.0},{"damage":32,"enemies":"Gremlin Nob","floor":7,"turns":4},{"damage":5,"enemies":"3 Louse","floor":8,"turns":3},{"damage":12,"enemies":"Lagavulin","floor":11,"turns":3}],"seed_played":"-5491422773180715386","potions_obtained":[{"floor":3.0,"key":"Swift Potion"},{"floor":8,"key":"Energy Potion"}],"is_trial":false,"path_per_floor":["M","M","M","M","$","R","E","M","T","?","E"],"character_chosen":"THE_SILENT","items_purchased":["Noxious Fumes"],"campfire_rested":0,"item_purchase_floors":[5],"current_hp_per_floor":[56,55,49,48,48,48,16,11,11,11,0],"gold":63,"neow_bonus":"TEN_PERCENT_HP_BONUS","is_prod":false,"is_daily":false,"chose_seed":false,"campfire_upgraded":1,"win_rate":0,"timestamp":1549319469,"path_taken":["M","M","?","M","$","R","E","M","T","?","E"],"build_version":"2019-01-23","purchased_purges":0,"victory":false,"max_hp_per_floor":[72,72,72,72,72,72,72,72,72,72,72],"card_choices":[{"not_picked":["Quick Slash","Caltrops","Eviscerate"],"picked":"SKIP","floor":1.0},{"not_picked":["Dagger Throw","Distraction","Prepared"],"picked":"SKIP","floor":2.0},{"not_picked":["Cloak And Dagger","Finisher"],"picked":"Bane","floor":3.0},{"not_picked":["Distraction","Reflex"],"picked":"Skewer","floor":4},{"not_picked":["Riddle With Holes","Flechettes","Quick Slash"],"picked":"SKIP","floor":7},{"not_picked":["PiercingWail","Dodge and Roll"],"picked":"Deadly Poison","floor":8}],"player_experience":609298,"relics_obtained":[{"floor":7,"key":"The Courier"},{"floor":9,"key":"Paper Crane"}],"event_choices":[{"damage_healed":0,"gold_gain":0,"player_choice":"Ignored","damage_taken":0,"max_hp_gain":0,"max_hp_loss":0,"event_name":"Liars Game","floor":10,"gold_loss":0}],"is_beta":false,"boss_relics":[],"items_purged_floors":[],"is_endless":false,"potions_floor_spawned":[3,8],"killed_by":"Lagavulin","ascension_level":18}