{"gold_per_floor":[114,130,80,3,20,20,20,55,55,55,55,89,89,14,14,116,116,126,126,26,43,59,59,71,104,156,173,173,208,208,228,228,326,326,342,342,354,56,2,28,28,42,42,42,16,16,40,40,40,40],"floor_reached":51,"playtime":1212,"items_purged":["Defend_R","Decay","Shame"],"score":1087,"play_id":"301e8fce-4bcf-439f-8dc4-700cf34f024b","local_time":"20181127185909","is_ascension_mode":true,"campfire_choices":[{"data":"Carnage","floor":6,"key":"SMITH"},{"data":"Disarm","floor":13,"key":"SMITH"},{"data":"Demon Form","floor":15,"key":"SMITH"},{"data":"Pummel","floor":23,"key":"SMITH"},{"data":"Sword Boomerang","floor":28,"key":"SMITH"},{"data":"True Grit","floor":30,"key":"SMITH"},{"data":"Bash","floor":32,"key":"SMITH"},{"data":"Mayhem","floor":41,"key":"SMITH"},{"data":"Exhume","floor":44,"key":"SMITH"},{"data":"Warcry","floor":46,"key":"SMITH"},{"data":"Pummel","floor":49,"key":"SMITH"}],"neow_cost":"NONE","seed_source_timestamp":1491143387864,"circlet_count":0,"master_deck":["AscendersBane","Strike_R","Defend_R","Defend_R+1","Defend_R","Bash+1","Shrug It Off","Carnage+1","Disarm+1","Intimidate","Inflame","Demon Form+1","Reaper","Pummel+1","Sword Boomerang+1","True Grit+1","Exhume+1","Feel No Pain+1","Havoc+1","Second Wind+1","Metallicize+1","Pummel+1","Mayhem+1","Pommel Strike","Shockwave+1","Parasite","True Grit+1","Regret","Warcry+1","Normality"],"relics":["Burning Blood","NeowsBlessing","Bronze Scales","Ornamental Fan","Magic Flower","Incense Burner","Cursed Key","Bottled Tornado","Anchor","Blood Vial","Astrolabe","WingedGreaves","Dodecahedron","Vajra"],"potions_floor_usage":[8,12],"damage_taken":[{"damage":0,"enemies":"2 Louse","floor":1,"turns":1},{"damage":0,"enemies":"Jaw Worm","floor":2,"turns":1},{"damage":0,"enemies":"Cultist","floor":5,"turns":1},{"damage":2,"enemies":"Gremlin Nob","floor":8,"turns":3},{"damage":18,"enemies":"3 Sentries","floor":12,"turns":6},{"damage":22,"enemies":"Slime Boss","floor":16,"turns":9},{"damage":39,"enemies":"3 Byrds","floor":18,"turns":4},{"damage":4,"enemies":"Chosen","floor":21,"turns":4},{"damage":15,"enemies":"Snecko","floor":22,"turns":5},{"damage":9,"enemies":"Cultist and Chosen","floor":24,"turns":4},{"damage":25,"enemies":"Book of Stabbing","floor":25,"turns":5},{"damage":26,"enemies":"Shelled Parasite and Fungi","floor":27,"turns":5},{"damage":9,"enemies":"Gremlin Leader","floor":29,"turns":4},{"damage":8,"enemies":"Snake Plant","floor":31,"turns":4},{"damage":50,"enemies":"Champ","floor":33,"turns":9},{"damage":64,"enemies":"3 Shapes","floor":35,"turns":9},{"damage":0,"enemies":"Orb Walker","floor":37,"turns":3},{"damage":83,"enemies":"Reptomancer","floor":40,"turns":7},{"damage":22,"enemies":"Writhing Mass","floor":42,"turns":5},{"damage":37,"enemies":"Time Eater","floor":50,"turns":9}],"seed_played":"-2530868522931792983","potions_obtained":[{"floor":1,"key":"SkillPotion"},{"floor":5,"key":"EssenceOfSteel"},{"floor":8,"key":"AttackPotion"},{"floor":12,"key":"SteroidPotion"},{"floor":22,"key":"Dexterity Potion"}],"is_trial":false,"path_per_floor":["M","M","?","$","M","R","?","E","T","?","?","E","R","$","R","B",null,"M","?","$","M","M","R","M","E","T","M","R","E","R","M","R","B",null,"M","?","M","$","$","E","R","M","T","R","$","R","T","$","R","B",null],"character_chosen":"IRONCLAD","items_purchased":["Disarm","Mayhem","Pommel Strike","Warcry"],"campfire_rested":0,"item_purchase_floors":[4,38,39,45],"current_hp_per_floor":[78,80,80,80,80,80,64,68,68,68,61,52,52,52,52,39,70,51,51,51,70,80,80,80,80,80,80,80,80,80,80,80,59,75,74,74,80,80,80,53,53,79,79,79,79,79,79,79,79,80],"gold":40,"neow_bonus":"THREE_ENEMY_KILL","is_prod":false,"is_daily":false,"chose_seed":false,"campfire_upgraded":11,"win_rate":0,"timestamp":1543345149,"path_taken":["M","M","?","$","M","R","?","E","T","?","?","E","R","$","R","BOSS","M","?","$","?","M","R","M","E","T","M","R","E","R","?","R","BOSS","M","?","M","?","$","E","R","M","T","R","$","R","?","?","R","BOSS"],"build_version":"2018-11-15","purchased_purges":3,"victory":true,"max_hp_per_floor":[80,80,80,80,80,80,80,80,80,80,80,80,80,80,80,80,80,80,80,80,80,80,80,80,80,80,80,80,80,80,80,80,80,80,80,80,80,80,80,80,80,80,80,80,80,80,80,80,80,80],"card_choices":[{"not_picked":["Metallicize","Burning Pact"],"picked":"Shrug It Off","floor":1},{"not_picked":["Power Through","Corruption"],"picked":"Carnage","floor":2},{"not_picked":["Flex","Perfected Strike"],"picked":"Intimidate","floor":5},{"not_picked":["Anger","Rage"],"picked":"Inflame","floor":8},{"not_picked":["Twin Strike","Pummel"],"picked":"Demon Form","floor":12},{"not_picked":["Juggernaut","Feed"],"picked":"Reaper","floor":16},{"not_picked":["Armaments+1","Flame Barrier"],"picked":"Pummel","floor":18},{"not_picked":["Armaments","Warcry","Entrench+1"],"picked":"SKIP","floor":21},{"not_picked":["Iron Wave+1","Reckless Charge","Inflame+1"],"picked":"SKIP","floor":22},{"not_picked":["Heavy Blade","Inflame+1"],"picked":"Sword Boomerang","floor":24},{"not_picked":["Perfected Strike+1","Clash","Bloodletting+1"],"picked":"SKIP","floor":25},{"not_picked":["Berserk","Heavy Blade","Second Wind"],"picked":"SKIP","floor":27},{"not_picked":["Hemokinesis+1","Reckless Charge"],"picked":"True Grit","floor":29},{"not_picked":["Flex","Pommel Strike","Flame Barrier"],"picked":"SKIP","floor":31},{"not_picked":["Double Tap","Dark Embrace"],"picked":"Exhume","floor":33},{"not_picked":["Pommel Strike","Carnage"],"picked":"Metallicize+1","floor":35},{"not_picked":["Wild Strike+1","Heavy Blade+1"],"picked":"Pummel","floor":37},{"not_picked":["Spot Weakness+1","Corruption"],"picked":"Shockwave+1","floor":40},{"not_picked":["Body Slam","Intimidate"],"picked":"True Grit+1","floor":42}],"player_experience":211889,"relics_obtained":[{"floor":8,"key":"Bronze Scales"},{"floor":9,"key":"Ornamental Fan"},{"floor":12,"key":"Incense Burner"},{"floor":25,"key":"Bottled Tornado"},{"floor":26,"key":"Anchor"},{"floor":29,"key":"Blood Vial"},{"floor":40,"key":"WingedGreaves"},{"floor":43,"key":"Dodecahedron"},{"floor":47,"key":"Vajra"}],"event_choices":[{"cards_removed":["Strike_R"],"damage_healed":0,"gold_gain":0,"player_choice":"Card Removal","damage_taken":0,"max_hp_gain":0,"max_hp_loss":0,"event_name":"The Cleric","floor":3,"gold_loss":50},{"damage_healed":0,"gold_gain":0,"player_choice":"Entered Light","damage_taken":16,"max_hp_gain":0,"max_hp_loss":0,"event_name":"Shining Light","floor":7,"gold_loss":0,"cards_upgraded":["Defend_R","Strike_R"]},{"damage_healed":0,"gold_gain":0,"player_choice":"Ignored","damage_taken":0,"max_hp_gain":0,"max_hp_loss":0,"event_name":"Liars Game","floor":10,"gold_loss":0},{"damage_healed":0,"gold_gain":0,"player_choice":"Success","damage_taken":7,"relics_obtained":["Magic Flower"],"max_hp_gain":0,"max_hp_loss":0,"event_name":"Scrap Ooze","floor":11,"gold_loss":0},{"damage_healed":0,"gold_gain":0,"player_choice":"Cursed","damage_taken":0,"max_hp_gain":0,"max_hp_loss":0,"event_name":"Wheel of Change","floor":19,"gold_loss":0,"cards_obtained":["Decay"]},{"damage_healed":0,"gold_gain":0,"player_choice":"Ignored","damage_taken":0,"max_hp_gain":0,"max_hp_loss":0,"event_name":"Tomb of Lord Red Mask","floor":36,"gold_loss":0}],"is_beta":false,"boss_relics":[{"not_picked":["Ectoplasm","Tiny House"],"picked":"Cursed Key"},{"not_picked":["Philosopher\u0027s Stone","Runic Cube"],"picked":"Astrolabe"}],"items_purged_floors":[14,20,38],"is_endless":false,"potions_floor_spawned":[1,5,8,12,22,25,29,31,35],"ascension_level":11}