{"gold_per_floor":[15,45,58,33,43,43,61,61,142,175,188,263,263,294,294,294],"floor_reached":16,"playtime":763,"items_purged":[],"score":176,"play_id":"955b399f-8299-4e57-a994-11c68268b294","local_time":"20181023225449","is_ascension_mode":true,"campfire_choices":[{"data":"Flame Barrier","floor":6,"key":"SMITH"},{"data":"Hemokinesis","floor":13,"key":"SMITH"},{"data":"Uppercut","floor":15,"key":"SMITH"}],"neow_cost":"NO_GOLD","seed_source_timestamp":2728409998233811,"circlet_count":0,"master_deck":["Strike_R","Strike_R","Strike_R","Strike_R","Strike_R","Defend_R","Defend_R","Defend_R","Defend_R","Bash","AscendersBane","Fiend Fire+1","Thunderclap","Regret","Flame Barrier+1","Shrug It Off","Hemokinesis+1","Uppercut","Uppercut+1","Seeing Red","Havoc"],"relics":["Burning Blood","Tiny Chest","Blue Candle","Vajra","Molten Egg 2"],"potions_floor_usage":[10,11,16],"damage_taken":[{"damage":11,"enemies":"Small Slimes","floor":1,"turns":3},{"damage":2,"enemies":"2 Louse","floor":3,"turns":3},{"damage":1,"enemies":"Cultist","floor":5,"turns":3},{"damage":15,"enemies":"Exordium Thugs","floor":7,"turns":6},{"damage":18,"enemies":"3 Sentries","floor":10,"turns":5},{"damage":7,"enemies":"3 Louse","floor":11,"turns":2},{"damage":30,"enemies":"Lagavulin","floor":14,"turns":6},{"damage":21,"enemies":"Hexaghost","floor":16,"turns":9}],"seed_played":"7113369412712651215","potions_obtained":[{"floor":3,"key":"Explosive Potion"},{"floor":10,"key":"Explosive Potion"},{"floor":14,"key":"GamblersBrew"}],"is_trial":false,"path_per_floor":["M","?","M","$","M","R","M","?","T","E","M","?","R","E","R"],"character_chosen":"IRONCLAD","items_purchased":["Shrug It Off"],"campfire_rested":0,"item_purchase_floors":[4],"current_hp_per_floor":[67,67,71,71,76,76,67,67,67,55,54,43,43,19,19,0],"gold":294,"neow_bonus":"THREE_RARE_CARDS","is_prod":false,"is_daily":false,"chose_seed":false,"campfire_upgraded":3,"win_rate":0,"timestamp":1540353289,"path_taken":["M","?","M","$","M","R","M","?","T","E","M","?","R","E","R","BOSS"],"build_version":"2018-10-18","purchased_purges":0,"victory":false,"max_hp_per_floor":[80,80,80,80,80,80,80,80,80,80,80,80,80,80,80,80],"card_choices":[{"not_picked":["Juggernaut","Exhume"],"picked":"Fiend Fire","floor":0},{"not_picked":["Reckless Charge","Havoc"],"picked":"Thunderclap","floor":1},{"not_picked":["Uppercut","Wild Strike"],"picked":"Flame Barrier","floor":3},{"not_picked":["Metallicize","Sword Boomerang"],"picked":"Hemokinesis","floor":5},{"not_picked":["Shockwave","Thunderclap"],"picked":"Uppercut","floor":7},{"not_picked":["Sword Boomerang","Entrench"],"picked":"Uppercut","floor":10},{"not_picked":["Thunderclap","Clash"],"picked":"Seeing Red","floor":11},{"not_picked":["Armaments","Metallicize"],"picked":"Havoc","floor":14}],"player_experience":401876,"relics_obtained":[{"floor":9,"key":"Blue Candle"},{"floor":10,"key":"Vajra"},{"floor":14,"key":"Molten Egg 2"}],"event_choices":[{"damage_healed":0,"gold_gain":0,"player_choice":"Box","damage_taken":0,"relics_obtained":["Tiny Chest"],"max_hp_gain":0,"max_hp_loss":0,"event_name":"Big Fish","floor":2,"gold_loss":0,"cards_obtained":["Regret"]},{"damage_healed":0,"gold_gain":0,"player_choice":"Upgraded","damage_taken":0,"max_hp_gain":0,"max_hp_loss":0,"event_name":"Upgrade Shrine","floor":8,"gold_loss":0,"cards_upgraded":["Fiend Fire"]},{"damage_healed":0,"gold_gain":75,"player_choice":"Gather Gold","damage_taken":11,"max_hp_gain":0,"max_hp_loss":0,"event_name":"World of Goop","floor":12,"gold_loss":0}],"is_beta":false,"boss_relics":[],"items_purged_floors":[],"is_endless":false,"potions_floor_spawned":[3,10,14],"killed_by":"Hexaghost","ascension_level":12}