{"gold_per_floor":[114,134,152,102,57,57,86,86,86,86,86,117,117,128,128,232,232,250,29,44,57,76,76,111,23,23,42,42,42,42,42,42,42],"floor_reached":33,"playtime":846,"items_purged":["Strike_G"],"score":355,"play_id":"77f321b2-5cd2-41fc-8c73-ab39a77dbe4b","local_time":"20181113220431","is_ascension_mode":true,"campfire_choices":[{"data":"Deadly Poison","floor":6,"key":"SMITH"},{"data":"Bouncing Flask","floor":8,"key":"SMITH"},{"data":"Neutralize","floor":10,"key":"SMITH"},{"data":"Well Laid Plans","floor":11,"key":"SMITH"},{"data":"After Image","floor":15,"key":"SMITH"},{"data":"Adrenaline","floor":23,"key":"SMITH"},{"floor":28,"key":"REST"},{"floor":32,"key":"REST"}],"neow_cost":"NONE","seed_source_timestamp":11132358614019,"circlet_count":0,"master_deck":["Defend_G","Defend_G","Defend_G","Defend_G","Defend_G","Strike_G","Strike_G","Survivor","Neutralize+1","Well Laid Plans+1","Backstab","Bane","Deadly Poison+1","Bouncing Flask+1","After Image+1","Adrenaline+1","Deadly Poison","Finesse","Crippling Poison","Noxious Fumes","Backflip"],"relics":["Ring of the Snake","NeowsBlessing","WingedGreaves","Gremlin Horn","Bottled Lightning","Runic Dome","Orichalcum","Toxic Egg 2"],"potions_floor_usage":[7,18,22,24,24,33,33],"damage_taken":[{"damage":0,"enemies":"Cultist","floor":1,"turns":1},{"damage":0,"enemies":"2 Louse","floor":2,"turns":1},{"damage":0,"enemies":"Jaw Worm","floor":3,"turns":1},{"damage":10,"enemies":"3 Sentries","floor":7,"turns":6},{"damage":10,"enemies":"Lagavulin","floor":12,"turns":5},{"damage":1,"enemies":"Looter","floor":14,"turns":3},{"damage":2,"enemies":"The Guardian","floor":16,"turns":7},{"damage":0,"enemies":"Spheric Guardian","floor":18,"turns":3},{"damage":9,"enemies":"Chosen","floor":20,"turns":3},{"damage":3,"enemies":"3 Cultists","floor":21,"turns":6},{"damage":10,"enemies":"Shelled Parasite and Fungi","floor":22,"turns":4},{"damage":25,"enemies":"Slavers","floor":24,"turns":5},{"damage":0,"enemies":"Sentry and Sphere","floor":27,"turns":3},{"damage":63,"enemies":"Champ","floor":33,"turns":8}],"seed_played":"-6057919447902871862","potions_obtained":[{"floor":1,"key":"Swift Potion"},{"floor":2,"key":"SteroidPotion"},{"floor":14,"key":"FearPotion"},{"floor":20,"key":"LiquidBronze"},{"floor":21,"key":"Fire Potion"},{"floor":24,"key":"Weak Potion"},{"floor":27,"key":"SpeedPotion"}],"is_trial":false,"path_per_floor":["M","M","M","?","$","R","E","R","T","R","R","E","?","M","R","B",null,"M","$","M","M","M","R","E","$","T","M","R","?","$","?","R","B"],"character_chosen":"THE_SILENT","items_purchased":["Deadly Poison","Deadly Poison","Finesse","Noxious Fumes","Backflip"],"campfire_rested":2,"item_purchase_floors":[5,19,19,25,25],"current_hp_per_floor":[63,63,63,63,63,63,53,53,53,53,53,43,43,42,42,40,63,63,63,54,51,41,41,16,16,16,16,37,37,37,37,58,0],"gold":42,"neow_bonus":"THREE_ENEMY_KILL","is_prod":false,"is_daily":false,"chose_seed":false,"campfire_upgraded":6,"win_rate":0,"timestamp":1542146671,"path_taken":["M","M","M","?","$","R","E","R","T","R","R","E","?","M","R","BOSS","M","?","?","M","M","R","E","$","T","M","R","?","$","?","R","BOSS"],"build_version":"2018-11-08","purchased_purges":1,"victory":false,"max_hp_per_floor":[70,70,70,70,70,70,70,70,70,70,70,70,70,70,70,70,70,70,70,70,70,70,70,70,70,70,70,70,70,70,70,70,70],"card_choices":[{"not_picked":["Riddle With Holes","Backflip"],"picked":"Well Laid Plans","floor":1},{"not_picked":["Dagger Throw","Blade Dance"],"picked":"Backstab","floor":2},{"not_picked":["Concentrate","Underhanded Strike"],"picked":"Bane","floor":3},{"not_picked":["Predator","Choke"],"picked":"Bouncing Flask","floor":7},{"not_picked":["PiercingWail","Flying Knee"],"picked":"After Image","floor":12},{"not_picked":["Dagger Spray","Bane","Accuracy"],"picked":"SKIP","floor":14},{"not_picked":["After Image","Die Die Die"],"picked":"Adrenaline","floor":16},{"not_picked":["Quick Slash+1","Heel Hook+1","Flying Knee"],"picked":"SKIP","floor":18},{"not_picked":["Blade Dance","PiercingWail","Predator"],"picked":"SKIP","floor":20},{"not_picked":["Dagger Throw","Riddle With Holes","Flying Knee+1"],"picked":"SKIP","floor":21},{"not_picked":["PiercingWail","Caltrops"],"picked":"Crippling Poison","floor":22},{"not_picked":["Sucker Punch","Skewer","Dagger Spray"],"picked":"SKIP","floor":24},{"not_picked":["Calculated Gamble+1","Terror+1","Venomology+1"],"picked":"SKIP","floor":27}],"player_experience":153124,"relics_obtained":[{"floor":7,"key":"WingedGreaves"},{"floor":9,"key":"Gremlin Horn"},{"floor":12,"key":"Bottled Lightning"},{"floor":24,"key":"Orichalcum"},{"floor":26,"key":"Toxic Egg 2"}],"event_choices":[{"cards_removed":["Strike_G"],"damage_healed":0,"gold_gain":0,"player_choice":"Card Removal","damage_taken":0,"max_hp_gain":0,"max_hp_loss":0,"event_name":"The Cleric","floor":4,"gold_loss":50},{"cards_removed":["Strike_G"],"damage_healed":0,"gold_gain":0,"player_choice":"Purged","damage_taken":0,"max_hp_gain":0,"max_hp_loss":0,"event_name":"Purifier","floor":13,"gold_loss":0},{"damage_healed":0,"gold_gain":0,"player_choice":"Ignored","damage_taken":0,"max_hp_gain":0,"max_hp_loss":0,"event_name":"Beggar","floor":29,"gold_loss":0},{"damage_healed":0,"gold_gain":0,"player_choice":"Ignored","damage_taken":0,"max_hp_gain":0,"max_hp_loss":0,"event_name":"The Mausoleum","floor":31,"gold_loss":0}],"is_beta":false,"boss_relics":[{"not_picked":["HoveringKite","Lizard Tail"],"picked":"Runic Dome"}],"items_purged_floors":[19],"is_endless":false,"potions_floor_spawned":[1,2,14,20,21,24,27],"killed_by":"Champ","ascension_level":6}