{"gold_per_floor":[109,35,35,47,65,65,130,130,178,213,230,183,183,183,183,286,286,286,241,241,8,8,8,8,8,8,8,8,8,8,8,8,8,8,8,8,8,8,8,8,8,8,8,8,8,8,8,8,8,8],"floor_reached":51,"playtime":3857,"items_purged":[],"score":1108,"play_id":"8b4347b5-5b5b-44b9-8c43-ac56bbb5efb3","local_time":"20190118005158","is_ascension_mode":true,"campfire_choices":[{"data":"Infinite Blades","floor":6,"key":"SMITH"},{"data":"Neutralize","floor":8,"key":"SMITH"},{"data":"Backflip","floor":13,"key":"SMITH"},{"data":"Backflip","floor":15,"key":"SMITH"},{"floor":23,"key":"REST"},{"floor":25,"key":"REST"},{"floor":30,"key":"REST"},{"floor":32,"key":"REST"},{"floor":40,"key":"REST"},{"data":"Leg Sweep","floor":47,"key":"SMITH"},{"floor":49,"key":"REST"}],"neow_cost":"NONE","seed_source_timestamp":74121898078747,"circlet_count":0,"master_deck":["AscendersBane","Survivor","Neutralize+1","Slice","Infinite Blades+1","Finisher","Infinite Blades","PiercingWail+1","Backflip+1","Backflip+1","After Image","Cloak And Dagger","Caltrops","Blade Dance","Caltrops","Deflect","Noxious Fumes","Cloak And Dagger","Slice","Caltrops","Dagger Spray+1","Finisher","After Image","RitualDagger","Adrenaline","Venomology","Underhanded Strike","Cloak And Dagger","Infinite Blades","Backstab","Setup","Prepared","Corpse Explosion","Expertise","Catalyst","Dodge and Roll+1","Dodge and Roll","Leg Sweep+1","Blur","PiercingWail"],"relics":["Ring of the Snake","Boot","NlothsMask","Tiny Chest","Dream Catcher","Ectoplasm","Pen Nib","Ancient Tea Set","Regal Pillow","Pandora\u0027s Box","MawBank","Juzu Bracelet","Art of War"],"potions_floor_usage":[7,10,10,27,28,28,33,38,39,39,48,50,50],"damage_taken":[{"damage":2,"enemies":"Jaw Worm","floor":1,"turns":4},{"damage":2,"enemies":"Cultist","floor":4,"turns":4},{"damage":0,"enemies":"Small Slimes","floor":5,"turns":3},{"damage":0,"enemies":"Lagavulin","floor":7,"turns":4},{"damage":10,"enemies":"3 Sentries","floor":10,"turns":5},{"damage":5,"enemies":"Blue Slaver","floor":11,"turns":4},{"damage":15,"enemies":"The Guardian","floor":16,"turns":13},{"damage":11,"enemies":"Spheric Guardian","floor":18,"turns":5},{"damage":3,"enemies":"2 Thieves","floor":19,"turns":4},{"damage":0,"enemies":"Snecko","floor":20,"turns":6},{"damage":17,"enemies":"Snake Plant","floor":22,"turns":5},{"damage":28,"enemies":"Slavers","floor":24,"turns":8},{"damage":11,"enemies":"3 Cultists","floor":27,"turns":5},{"damage":4,"enemies":"Centurion and Healer","floor":28,"turns":5},{"damage":22,"enemies":"Sentry and Sphere","floor":29,"turns":5},{"damage":33,"enemies":"Champ","floor":33,"turns":14},{"damage":0,"enemies":"3 Shapes","floor":35,"turns":8},{"damage":16,"enemies":"3 Darklings","floor":38,"turns":4},{"damage":20,"enemies":"Transient","floor":39,"turns":5},{"damage":14,"enemies":"Jaw Worm Horde","floor":41,"turns":4},{"damage":0,"enemies":"4 Shapes","floor":48,"turns":5},{"damage":58,"enemies":"Donu and Deca","floor":50,"turns":6}],"seed_played":"-4340957626801184175","potions_obtained":[{"floor":1,"key":"Fire Potion"},{"floor":4,"key":"Fire Potion"},{"floor":7,"key":"Block Potion"},{"floor":19,"key":"FearPotion"},{"floor":24,"key":"Poison Potion"},{"floor":27,"key":"GamblersBrew"},{"floor":28,"key":"GamblersBrew"},{"floor":29,"key":"Ancient Potion"},{"floor":35,"key":"Poison Potion"},{"floor":48,"key":"EssenceOfSteel"}],"is_trial":false,"path_per_floor":["M","$","?","M","M","R","E","R","T","E","M","?","R","?","R","B",null,"M","M","M","$","M","R","E","R","T","M","M","M","R","?","R","B",null,"M","$","?","M","M","R","M","T","T","$","?","T","R","M","R","B",null],"character_chosen":"THE_SILENT","items_purchased":["Infinite Blades","Pen Nib","Caltrops","Deflect"],"campfire_rested":6,"item_purchase_floors":[2,21,21,21],"current_hp_per_floor":[61,61,61,59,59,59,59,59,59,49,44,44,44,30,30,15,56,45,42,42,42,25,46,18,39,39,28,24,2,38,32,68,35,61,61,61,61,45,25,59,45,45,45,45,45,45,45,45,66,8],"gold":8,"neow_bonus":"RANDOM_COMMON_RELIC","is_prod":false,"is_daily":false,"chose_seed":false,"campfire_upgraded":5,"win_rate":0,"timestamp":1547794318,"path_taken":["M","$","?","M","M","R","E","R","T","E","?","?","R","?","R","BOSS","M","M","M","$","M","R","E","R","T","M","M","M","R","?","R","BOSS","M","$","?","M","M","R","M","?","T","?","?","?","R","M","R","BOSS"],"build_version":"2019-01-17","purchased_purges":0,"victory":true,"max_hp_per_floor":[70,70,70,70,70,70,70,70,70,70,70,70,70,70,70,70,70,70,70,70,70,70,70,70,70,70,70,70,70,70,70,70,70,70,70,70,66,66,66,66,66,66,66,66,66,66,66,66,66,66],"card_choices":[{"not_picked":["Catalyst","Outmaneuver"],"picked":"Slice","floor":1},{"not_picked":["Tactician","Poisoned Stab"],"picked":"Finisher","floor":4},{"not_picked":["Backflip","Blade Dance"],"picked":"Infinite Blades","floor":5},{"not_picked":["Deflect","Dagger Spray"],"picked":"PiercingWail","floor":7},{"not_picked":["Bane","Dodge and Roll"],"picked":"Backflip","floor":10},{"not_picked":["Dagger Spray","Heel Hook"],"picked":"Backflip","floor":11},{"not_picked":["Unload","Envenom"],"picked":"After Image","floor":16},{"not_picked":["Sucker Punch","Skewer"],"picked":"Cloak And Dagger","floor":18},{"not_picked":["Outmaneuver+1","Skewer"],"picked":"Caltrops","floor":19},{"not_picked":["Crippling Poison+1","Sucker Punch"],"picked":"Blade Dance","floor":20},{"not_picked":["Prepared","Sucker Punch+1"],"picked":"Noxious Fumes","floor":22},{"not_picked":["All Out Attack","Blade Dance"],"picked":"Cloak And Dagger","floor":23},{"not_picked":["Bane","Bouncing Flask"],"picked":"Slice","floor":24},{"not_picked":["Flying Knee","Calculated Gamble"],"picked":"Caltrops","floor":25},{"not_picked":["Unload","Setup+1"],"picked":"Dagger Spray+1","floor":27},{"not_picked":["Sucker Punch","PiercingWail"],"picked":"Finisher","floor":28},{"not_picked":["Deadly Poison","Prepared","Underhanded Strike"],"picked":"SKIP","floor":29},{"not_picked":["Quick Slash","Prepared"],"picked":"After Image","floor":30},{"not_picked":["Grand Finale","Phantasmal Killer"],"picked":"Adrenaline","floor":33},{"not_picked":["Predator","Flechettes"],"picked":"Dodge and Roll+1","floor":35},{"not_picked":["Reflex","Setup"],"picked":"Dodge and Roll","floor":38},{"not_picked":["Flying Knee+1","Outmaneuver+1","Blade Dance"],"picked":"SKIP","floor":39},{"not_picked":["Acrobatics","Choke+1"],"picked":"Leg Sweep","floor":41},{"not_picked":["All Out Attack","Flying Knee"],"picked":"Blur","floor":48},{"not_picked":["Expertise","Adrenaline"],"picked":"PiercingWail","floor":49}],"player_experience":488172,"relics_obtained":[{"floor":7,"key":"Tiny Chest"},{"floor":10,"key":"Dream Catcher"},{"floor":24,"key":"Ancient Tea Set"},{"floor":26,"key":"Regal Pillow"},{"floor":42,"key":"MawBank"},{"floor":43,"key":"Juzu Bracelet"},{"floor":46,"key":"Art of War"}],"event_choices":[{"damage_healed":0,"gold_gain":0,"player_choice":"Trade","damage_taken":0,"relics_obtained":["NlothsMask"],"max_hp_gain":0,"max_hp_loss":0,"event_name":"FaceTrader","floor":3,"gold_loss":0},{"damage_healed":0,"gold_gain":0,"player_choice":"Left Gold","damage_taken":0,"max_hp_gain":0,"max_hp_loss":0,"event_name":"World of Goop","floor":12,"gold_loss":47},{"damage_healed":0,"gold_gain":0,"player_choice":"Entered Light","damage_taken":14,"max_hp_gain":0,"max_hp_loss":0,"event_name":"Shining Light","floor":14,"gold_loss":0,"cards_upgraded":["Defend_G","PiercingWail"]},{"damage_healed":0,"gold_gain":0,"player_choice":"Joined the Cult","damage_taken":6,"max_hp_gain":0,"max_hp_loss":0,"event_name":"Nest","floor":31,"gold_loss":0,"cards_obtained":["RitualDagger"]},{"damage_healed":0,"gold_gain":0,"player_choice":"Max HP","damage_taken":0,"max_hp_gain":0,"max_hp_loss":4,"event_name":"Winding Halls","floor":37,"gold_loss":0},{"damage_healed":0,"gold_gain":0,"player_choice":"Ignored","damage_taken":0,"max_hp_gain":0,"max_hp_loss":0,"event_name":"Mysterious Sphere","floor":45,"gold_loss":0}],"is_beta":false,"boss_relics":[{"not_picked":["Calling Bell","Snecko Eye"],"picked":"Ectoplasm"},{"not_picked":["HoveringKite","Cursed Key"],"picked":"Pandora\u0027s Box"}],"items_purged_floors":[],"is_endless":false,"potions_floor_spawned":[1,4,7,19,24,27,28,29,35,48],"ascension_level":12}