{"gold_per_floor":[115,126,140,140,154,189,189,209,209,209,240,240,20,36,36,140,140,151,251,351,370,383,383,396,396,396,424,293,293,14,28,28,124,124,142,1141,310,329,339,339,339],"floor_reached":41,"playtime":3505,"items_purged":["Perfected Strike","Normality"],"score":533,"play_id":"56814c8f-c6da-41c9-ac81-aa4fe260310c","local_time":"20190203203647","is_ascension_mode":true,"campfire_choices":[{"data":"Rage","floor":7.0,"key":"SMITH"},{"data":"Immolate","floor":10.0,"key":"SMITH"},{"floor":15.0,"key":"REST"},{"data":"Barricade","floor":23.0,"key":"SMITH"},{"data":"Shrug It Off","floor":25.0,"key":"SMITH"},{"data":"Infernal Blade","floor":29.0,"key":"SMITH"},{"data":"Iron Wave","floor":32.0,"key":"SMITH"},{"data":"Rampage","floor":40.0,"key":"SMITH"}],"neow_cost":"NONE","seed_source_timestamp":281812624042961,"circlet_count":0,"master_deck":["Strike_R","Strike_R+1","Strike_R+1","Strike_R+1","Strike_R","Defend_R","Defend_R","Defend_R","Defend_R","Bash+1","Impervious","Rage+1","Clash","Immolate+1","Dropkick","Iron Wave","Iron Wave+1","Infernal Blade+1","Shrug It Off+1","Barricade+1","Double Tap","Iron Wave+1","Entrench+1","Battle Trance","Feed+1","Normality","Rampage+1","Sentinel+1"],"special_seed":0,"relics":["Burning Blood","Meat on the Bone","Magic Flower","Darkstone Periapt","Regal Pillow","Sozu","Turnip","Gremlin Horn","Blue Candle","Ginger","Bag of Marbles","ClockworkSouvenir","Velvet Choker","Girya","Whetstone","Toolbox"],"potions_floor_usage":[41],"damage_taken":[{"damage":2.0,"enemies":"Jaw Worm","floor":1.0,"turns":5.0},{"damage":12.0,"enemies":"Small Slimes","floor":2.0,"turns":3.0},{"damage":0.0,"enemies":"2 Louse","floor":3.0,"turns":2.0},{"damage":6.0,"enemies":"Looter","floor":5.0,"turns":2.0},{"damage":28.0,"enemies":"Gremlin Nob","floor":6.0,"turns":4.0},{"damage":1.0,"enemies":"Gremlin Gang","floor":8.0,"turns":3.0},{"damage":25.0,"enemies":"Lagavulin","floor":11.0,"turns":7.0},{"damage":4.0,"enemies":"Red Slaver","floor":14.0,"turns":3.0},{"damage":15.0,"enemies":"Slime Boss","floor":16.0,"turns":9.0},{"damage":14.0,"enemies":"Shell Parasite","floor":18.0,"turns":6.0},{"damage":16.0,"enemies":"Colosseum Slavers","floor":19.0,"turns":3.0},{"damage":13.0,"enemies":"Colosseum Nobs","floor":19.0,"turns":3.0},{"damage":0.0,"enemies":"Spheric Guardian","floor":21.0,"turns":4.0},{"damage":0.0,"enemies":"Snecko","floor":22.0,"turns":5.0},{"damage":3.0,"enemies":"Chosen and Byrds","floor":24.0,"turns":3.0},{"damage":4.0,"enemies":"Gremlin Leader","floor":27.0,"turns":4.0},{"damage":0.0,"enemies":"Centurion and Healer","floor":31.0,"turns":4.0},{"damage":4.0,"enemies":"Champ","floor":33.0,"turns":23.0},{"damage":9.0,"enemies":"3 Shapes","floor":35.0,"turns":5.0},{"damage":12.0,"enemies":"3 Darklings","floor":38.0,"turns":8.0},{"damage":47.0,"enemies":"Writhing Mass","floor":39.0,"turns":10.0},{"damage":94,"enemies":"Giant Head","floor":41,"turns":9}],"seed_played":"5917125731720000283","potions_obtained":[{"floor":2.0,"key":"Regen Potion"},{"floor":8.0,"key":"PowerPotion"},{"floor":11.0,"key":"EntropicBrew"},{"floor":14.0,"key":"Strength Potion"}],"is_trial":false,"path_per_floor":["?","?","?","?","M","?","M","?"],"character_chosen":"IRONCLAD","items_purchased":["Perfected Strike","Regal Pillow","Shrug It Off","ClockworkSouvenir","Rampage","Girya","Whetstone","Toolbox"],"campfire_rested":1,"item_purchase_floors":[13,13,13,30,37,37,37,37],"current_hp_per_floor":[80,74,80,80,80,63,63,68,68,68,52,36,36,59,80,74,80,75,64,64,73,80,80,80,80,80,80,80,80,80,80,80,80,80,80,92,92,89,65,65,0],"gold":339,"neow_bonus":"ONE_RANDOM_RARE_CARD","is_prod":false,"is_daily":false,"chose_seed":false,"campfire_upgraded":7,"win_rate":0,"timestamp":1549222607,"path_taken":["M","M","M","?","M","E","R","M","T","R","E","?","$","M","R","BOSS","M","?","?","?","M","R","M","R","T","E","?","R","$","?","R","BOSS","M","?","$","M","M","R","E"],"build_version":"2019-01-23","purchased_purges":2,"victory":false,"max_hp_per_floor":[80,80,80,80,80,80,80,80,80,80,80,80,80,80,80,80,80,80,80,80,80,80,80,80,80,80,80,80,80,80,80,80,80,80,80,92,92,92,92,92,92],"card_choices":[{"not_picked":["Havoc","Thunderclap"],"picked":"Rage","floor":1.0},{"not_picked":["Second Wind","Twin Strike"],"picked":"Clash","floor":2.0},{"not_picked":["True Grit","Headbutt"],"picked":"Immolate","floor":3.0},{"not_picked":["Clash","Anger"],"picked":"Dropkick","floor":5.0},{"not_picked":["Searing Blow","Juggernaut"],"picked":"Iron Wave","floor":6.0},{"not_picked":["Pummel","Shockwave"],"picked":"Iron Wave","floor":8.0},{"not_picked":["True Grit","Havoc"],"picked":"Infernal Blade","floor":11.0},{"not_picked":["Anger","Clothesline"],"picked":"Barricade","floor":14.0},{"not_picked":["Juggernaut","Bludgeon"],"picked":"Double Tap","floor":16.0},{"not_picked":["Sword Boomerang","Anger","Feel No Pain"],"picked":"SKIP","floor":18.0},{"not_picked":["Sword Boomerang","Anger","Feel No Pain"],"picked":"SKIP","floor":18.0},{"not_picked":["Sword Boomerang+1","Heavy Blade"],"picked":"Iron Wave+1","floor":19.0},{"not_picked":["Fire Breathing","Clothesline+1","Shrug It Off"],"picked":"SKIP","floor":21.0},{"not_picked":["Clash","Heavy Blade+1","Whirlwind"],"picked":"SKIP","floor":22.0},{"not_picked":["Disarm","Reckless Charge"],"picked":"Entrench+1","floor":24.0},{"not_picked":["Whirlwind+1","Blood for Blood+1","Bloodletting"],"picked":"SKIP","floor":27.0},{"not_picked":["Wild Strike","Exhume"],"picked":"Battle Trance","floor":31.0},{"not_picked":["Bludgeon","Immolate"],"picked":"Feed","floor":33.0},{"not_picked":["Ghostly Armor","Sword Boomerang+1","Perfected Strike+1"],"picked":"SKIP","floor":35.0},{"not_picked":["Power Through","Pummel+1","Sword Boomerang+1"],"picked":"SKIP","floor":38.0},{"not_picked":["Sword Boomerang","Searing Blow+1"],"picked":"Sentinel+1","floor":39.0}],"player_experience":175737,"relics_obtained":[{"floor":6.0,"key":"Meat on the Bone"},{"floor":9.0,"key":"Magic Flower"},{"floor":11.0,"key":"Darkstone Periapt"},{"floor":19.0,"key":"Turnip"},{"floor":19.0,"key":"Gremlin Horn"},{"floor":26.0,"key":"Blue Candle"},{"floor":27.0,"key":"Ginger"}],"event_choices":[{"damage_healed":0.0,"max_hp_gain":0.0,"max_hp_loss":0.0,"gold_gain":0.0,"event_name":"Living Wall","player_choice":"Grow","floor":4.0,"gold_loss":0.0,"damage_taken":0.0,"cards_upgraded":["Bash"]},{"damage_healed":0.0,"max_hp_gain":0.0,"max_hp_loss":0.0,"gold_gain":0.0,"event_name":"Shining Light","player_choice":"Entered Light","floor":12.0,"gold_loss":0.0,"damage_taken":16.0,"cards_upgraded":["Strike_R","Strike_R"]},{"damage_healed":0.0,"max_hp_gain":0.0,"max_hp_loss":0.0,"gold_gain":0.0,"event_name":"Colosseum","player_choice":"Fight","floor":19.0,"gold_loss":0.0,"damage_taken":0.0},{"damage_healed":0.0,"max_hp_gain":0.0,"max_hp_loss":0.0,"gold_gain":0.0,"event_name":"Colosseum","player_choice":"Fought Nobs","floor":19.0,"gold_loss":0.0,"damage_taken":0.0},{"damage_healed":0.0,"max_hp_gain":0.0,"max_hp_loss":0.0,"gold_gain":100.0,"event_name":"Golden Shrine","player_choice":"Pray","floor":20.0,"gold_loss":0.0,"damage_taken":0.0},{"damage_healed":0.0,"max_hp_gain":0.0,"max_hp_loss":0.0,"gold_gain":0.0,"event_name":"WeMeetAgain","player_choice":"Paid Gold","floor":28.0,"gold_loss":131.0,"damage_taken":0.0,"relics_obtained":["Bag of Marbles"]},{"damage_healed":0.0,"max_hp_gain":0.0,"max_hp_loss":0.0,"gold_gain":999.0,"event_name":"MindBloom","player_choice":"Gold","floor":36.0,"gold_loss":0.0,"damage_taken":0.0,"cards_obtained":["Normality","Normality"]}],"is_beta":false,"boss_relics":[{"not_picked":["Ectoplasm","Fusion Hammer"],"picked":"Sozu"},{"not_picked":["Orrery","Runic Cube"],"picked":"Velvet Choker"}],"items_purged_floors":[30,37],"is_endless":false,"potions_floor_spawned":[2,8,11,14,16,21,22,24,31,35,39],"killed_by":"Giant Head","ascension_level":4}