{"gold_per_floor":[114,189,139,24,40,66,66,86,86,103,121,150,150,150,150,279,279,293,318,318,339,379,379,398,411,411,411,436,436,361,374,374,374],"floor_reached":33,"playtime":3189,"items_purged":[],"score":311,"play_id":"71bd7b6e-1eb2-4b90-944c-a4966fc24e96","local_time":"20190201113349","is_ascension_mode":true,"campfire_choices":[{"data":"Rage","floor":7,"key":"SMITH"},{"data":"Shrug It Off","floor":15,"key":"SMITH"},{"floor":23,"key":"REST"},{"floor":29,"key":"REST"},{"data":"Body Slam","floor":32,"key":"SMITH"}],"neow_cost":"NONE","seed_source_timestamp":1266049379143184,"circlet_count":0,"master_deck":["Bash","Shrug It Off","Evolve","Rampage","Rage+1","Heavy Blade","Cleave","Shrug It Off+1","Disarm","Battle Trance","Double Tap","Blood for Blood","Disarm","Burning Pact","Armaments","Feed","Shrug It Off","Warcry","Armaments","Disarm","Body Slam+1","Body Slam"],"relics":["Burning Blood","Self Forming Clay","Bottled Flame","PreservedInsect","Golden Idol","Pandora\u0027s Box","Red Mask","Letter Opener"],"potions_floor_usage":[16,21,22,22,33,33],"damage_taken":[{"damage":4,"enemies":"Jaw Worm","floor":1,"turns":6},{"damage":5,"enemies":"2 Louse","floor":5,"turns":4},{"damage":31,"enemies":"Gremlin Nob","floor":6,"turns":5},{"damage":0,"enemies":"Small Slimes","floor":8,"turns":4},{"damage":0,"enemies":"Blue Slaver","floor":10,"turns":5},{"damage":1,"enemies":"2 Fungi Beasts","floor":11,"turns":5},{"damage":24,"enemies":"3 Sentries","floor":12,"turns":9},{"damage":32,"enemies":"Slime Boss","floor":16,"turns":11},{"damage":6,"enemies":"3 Byrds","floor":18,"turns":6},{"damage":4,"enemies":"Shell Parasite","floor":19,"turns":9},{"damage":55,"enemies":"Chosen and Byrds","floor":21,"turns":11},{"damage":40,"enemies":"Masked Bandits","floor":22,"turns":7},{"damage":0,"enemies":"Snake Plant","floor":24,"turns":6},{"damage":21,"enemies":"3 Cultists","floor":25,"turns":7},{"damage":22,"enemies":"Cultist and Chosen","floor":28,"turns":10},{"damage":4,"enemies":"Centurion and Healer","floor":31,"turns":10},{"damage":57,"enemies":"Collector","floor":33,"turns":8}],"seed_played":"-6595531398964057406","potions_obtained":[{"floor":6,"key":"Fire Potion"},{"floor":10,"key":"Explosive Potion"},{"floor":11,"key":"Dexterity Potion"},{"floor":12,"key":"SkillPotion"},{"floor":21,"key":"Regen Potion"},{"floor":24,"key":"AttackPotion"},{"floor":28,"key":"FearPotion"}],"is_trial":false,"path_per_floor":["M","?","?","$","M","E","R","M","T","M","M","E","?","?","R","B",null,"M","M","?","M","?","R","M","M","T","?","M","R","?","M","R","B"],"character_chosen":"IRONCLAD","items_purchased":["Evolve","Rampage"],"campfire_rested":2,"item_purchase_floors":[4,4],"current_hp_per_floor":[88,77,77,77,78,53,53,59,59,65,70,52,45,45,45,19,81,81,81,81,32,12,36,45,34,34,34,18,44,44,46,46,0],"gold":374,"neow_bonus":"TEN_PERCENT_HP_BONUS","is_prod":false,"is_daily":false,"chose_seed":false,"campfire_upgraded":3,"win_rate":0,"timestamp":1549017229,"path_taken":["M","?","?","?","M","E","R","M","T","?","M","E","?","?","R","BOSS","M","M","?","M","?","R","M","M","T","?","M","R","?","M","R","BOSS"],"build_version":"2019-01-23","purchased_purges":0,"victory":false,"max_hp_per_floor":[88,88,88,88,88,88,88,88,88,88,88,88,88,81,81,81,81,81,81,81,81,81,81,84,88,88,88,88,88,88,88,88,88],"card_choices":[{"not_picked":["Flex","Clothesline"],"picked":"Shrug It Off","floor":1},{"not_picked":["Combust","Havoc"],"picked":"Rage","floor":5},{"not_picked":["Iron Wave","Sword Boomerang"],"picked":"Heavy Blade","floor":6},{"not_picked":["Inflame","Headbutt"],"picked":"Cleave","floor":8},{"not_picked":["Entrench","Havoc"],"picked":"Shrug It Off","floor":10},{"not_picked":["Juggernaut","Clash"],"picked":"Disarm","floor":11},{"not_picked":["Sentinel","Perfected Strike"],"picked":"Battle Trance","floor":12},{"not_picked":["Reaper","Impervious"],"picked":"Double Tap","floor":16},{"not_picked":["Havoc","Blood for Blood"],"picked":"Warcry","floor":18},{"not_picked":["Clothesline+1","Corruption"],"picked":"Clash","floor":19},{"not_picked":["Iron Wave","Carnage"],"picked":"Armaments","floor":21},{"not_picked":["Evolve+1","Twin Strike"],"picked":"Disarm","floor":22},{"not_picked":["Headbutt","Heavy Blade"],"picked":"Body Slam","floor":24},{"not_picked":["Headbutt","Anger"],"picked":"Body Slam","floor":25},{"not_picked":["Blood for Blood","Corruption","Dark Embrace"],"picked":"SKIP","floor":28},{"not_picked":["Heavy Blade","Armaments","Twin Strike"],"picked":"SKIP","floor":31}],"player_experience":479778,"relics_obtained":[{"floor":6,"key":"Self Forming Clay"},{"floor":9,"key":"Bottled Flame"},{"floor":12,"key":"PreservedInsect"},{"floor":22,"key":"Red Mask"},{"floor":26,"key":"Letter Opener"}],"event_choices":[{"damage_healed":0,"gold_gain":75,"player_choice":"Gather Gold","damage_taken":11,"max_hp_gain":0,"max_hp_loss":0,"event_name":"World of Goop","floor":2,"gold_loss":0},{"cards_removed":["Strike_R"],"damage_healed":0,"gold_gain":0,"player_choice":"Card Removal","damage_taken":0,"max_hp_gain":0,"max_hp_loss":0,"event_name":"The Cleric","floor":3,"gold_loss":50},{"cards_removed":["Strike_R"],"damage_healed":0,"gold_gain":0,"player_choice":"Card Removal","damage_taken":7,"max_hp_gain":0,"max_hp_loss":0,"event_name":"Golden Wing","floor":13,"gold_loss":0},{"damage_healed":0,"gold_gain":0,"player_choice":"Lose Max HP","damage_taken":0,"relics_obtained":["Golden Idol"],"max_hp_gain":0,"max_hp_loss":7,"event_name":"Golden Idol","floor":14,"gold_loss":0},{"cards_removed":["Sword Boomerang"],"damage_healed":0,"gold_gain":0,"player_choice":"Elegance","damage_taken":0,"max_hp_gain":0,"max_hp_loss":0,"event_name":"Back to Basics","floor":20,"gold_loss":0},{"damage_healed":0,"gold_gain":0,"player_choice":"Fought Bandits","damage_taken":0,"max_hp_gain":0,"max_hp_loss":0,"event_name":"Masked Bandits","floor":22,"gold_loss":0},{"damage_healed":0,"gold_gain":0,"player_choice":"Ignored","damage_taken":0,"max_hp_gain":0,"max_hp_loss":0,"event_name":"Vampires","floor":27,"gold_loss":0},{"cards_removed":["Clash"],"damage_healed":0,"gold_gain":0,"player_choice":"Gave Gold","damage_taken":0,"max_hp_gain":0,"max_hp_loss":0,"event_name":"Beggar","floor":30,"gold_loss":75}],"is_beta":false,"boss_relics":[{"not_picked":["Astrolabe","Lizard Tail"],"picked":"Pandora\u0027s Box"}],"items_purged_floors":[],"is_endless":false,"potions_floor_spawned":[6,10,11,12,21,24,28],"killed_by":"Collector","ascension_level":4}