{"gold_per_floor":[110,110,129,98,109,109,124,124,124,124,94,44,44,44,44,118,118,130,130,130],"floor_reached":20,"playtime":416,"items_purged":[],"score":272,"play_id":"06e91c1a-f7e8-4c40-ac43-13bf9518f46c","local_time":"20181216170111","is_ascension_mode":true,"campfire_choices":[{"data":"Metallicize","floor":6,"key":"SMITH"},{"data":"Demon Form","floor":15,"key":"SMITH"}],"neow_cost":"NONE","seed_source_timestamp":6048501448354,"circlet_count":0,"master_deck":["AscendersBane","Strike_R","Strike_R","Defend_R","Defend_R","Defend_R","Defend_R","Bash","Demon Form+1","Cleave","Pommel Strike","Feel No Pain","Metallicize+1","Shrug It Off","Battle Trance","Reaper","Warcry+1"],"relics":["Burning Blood","Bottled Flame","Runic Dome"],"potions_floor_usage":[20],"damage_taken":[{"damage":17,"enemies":"Small Slimes","floor":1,"turns":6},{"damage":1,"enemies":"Cultist","floor":3,"turns":3},{"damage":0,"enemies":"2 Louse","floor":5,"turns":3},{"damage":7,"enemies":"2 Fungi Beasts","floor":7,"turns":4},{"damage":1,"enemies":"Looter","floor":11,"turns":4},{"damage":37,"enemies":"The Guardian","floor":16,"turns":11},{"damage":31,"enemies":"Spheric Guardian","floor":18,"turns":6},{"damage":71,"enemies":"Masked Bandits","floor":20,"turns":5}],"seed_played":"-6571614493807854827","potions_obtained":[{"floor":1,"key":"BloodPotion"},{"floor":3,"key":"Dexterity Potion"}],"is_trial":false,"path_per_floor":["M","?","M","?","M","R","M","?","T","?","M","?","$","$","R","B",null,"M","?","?"],"character_chosen":"IRONCLAD","items_purchased":[],"campfire_rested":0,"item_purchase_floors":[],"current_hp_per_floor":[57,57,62,62,68,68,67,60,60,60,65,65,65,65,65,34,65,51,51,0],"gold":130,"neow_bonus":"ONE_RANDOM_RARE_CARD","is_prod":false,"is_daily":false,"chose_seed":false,"campfire_upgraded":2,"win_rate":0,"timestamp":1544979671,"path_taken":["M","?","?","?","M","R","M","?","T","?","M","?","?","$","R","BOSS","M","?","?"],"build_version":"2018-12-13","purchased_purges":0,"victory":false,"max_hp_per_floor":[75,75,75,75,75,75,75,75,75,75,75,75,75,75,75,75,75,75,75,75],"card_choices":[{"not_picked":["Uppercut","Carnage"],"picked":"Cleave","floor":1},{"not_picked":["Cleave","Anger"],"picked":"Feel No Pain","floor":3},{"not_picked":["Entrench","Clothesline"],"picked":"Metallicize","floor":5},{"not_picked":["Pommel Strike","Sword Boomerang"],"picked":"Shrug It Off","floor":7},{"not_picked":["Flame Barrier","Ghostly Armor"],"picked":"Battle Trance","floor":11},{"not_picked":["Exhume","Feed"],"picked":"Reaper","floor":16},{"not_picked":["Second Wind","Body Slam+1"],"picked":"Warcry+1","floor":18}],"player_experience":278409,"relics_obtained":[{"floor":9,"key":"Bottled Flame"}],"event_choices":[{"damage_healed":0,"gold_gain":0,"cards_transformed":["Strike_R"],"player_choice":"Transformed","damage_taken":0,"max_hp_gain":0,"max_hp_loss":0,"event_name":"Transmorgrifier","floor":2,"gold_loss":0,"cards_obtained":["Pommel Strike"]},{"damage_healed":0,"gold_gain":0,"player_choice":"Left Gold","damage_taken":0,"max_hp_gain":0,"max_hp_loss":0,"event_name":"World of Goop","floor":4,"gold_loss":31},{"cards_removed":["Strike_R"],"damage_healed":0,"gold_gain":0,"player_choice":"Card Removal","damage_taken":7,"max_hp_gain":0,"max_hp_loss":0,"event_name":"Golden Wing","floor":8,"gold_loss":0},{"damage_healed":0,"gold_gain":0,"player_choice":"Ignored","damage_taken":0,"max_hp_gain":0,"max_hp_loss":0,"event_name":"Liars Game","floor":10,"gold_loss":0},{"cards_removed":["Strike_R"],"damage_healed":0,"gold_gain":0,"player_choice":"Card Removal","damage_taken":0,"max_hp_gain":0,"max_hp_loss":0,"event_name":"The Cleric","floor":12,"gold_loss":50},{"damage_healed":0,"gold_gain":0,"player_choice":"Ignored","damage_taken":0,"max_hp_gain":0,"max_hp_loss":0,"event_name":"The Mausoleum","floor":19,"gold_loss":0},{"damage_healed":0,"gold_gain":0,"player_choice":"Fought Bandits","damage_taken":0,"max_hp_gain":0,"max_hp_loss":0,"event_name":"Masked Bandits","floor":20,"gold_loss":0}],"is_beta":false,"boss_relics":[{"not_picked":["Tiny House","Fusion Hammer"],"picked":"Runic Dome"}],"items_purged_floors":[],"is_endless":false,"potions_floor_spawned":[1,3],"killed_by":"Masked Bandits","ascension_level":14}