{"gold_per_floor":[363,438,454,474,116,116,133,133,186,186,41,52,52,68,68,169,169,188,219,219],"floor_reached":20,"playtime":1036,"items_purged":[],"score":205,"play_id":"4b03bccf-3725-4d7f-9dae-0ecbe7ee97e4","local_time":"20180913221353","is_ascension_mode":true,"campfire_choices":[{"data":"Chill","floor":6,"key":"SMITH"},{"data":"Sweeping Beam","floor":8,"key":"SMITH"},{"data":"Go for the Eyes","floor":10,"key":"SMITH"},{"data":"Streamline","floor":13,"key":"SMITH"},{"data":"Conserve Battery","floor":15,"key":"SMITH"}],"neow_cost":"TEN_PERCENT_HP_LOSS","seed_source_timestamp":1292384283391337,"circlet_count":0,"master_deck":["Strike_B","Strike_B","Strike_B","Strike_B","Defend_B","Defend_B","Defend_B","Defend_B","Zap","Dualcast","Chill+1","Sweeping Beam+1","Conserve Battery+1","Ball Lightning","Go for the Eyes+1","Streamline+1","Madness","Sweeping Beam","Sweeping Beam","Rainbow","Writhe","Decay","Regret","Capacitor"],"relics":["Cracked Core","Ice Cream","DataDisk","Calling Bell","Omamori","Pantograph","Bird Faced Urn","Red Mask"],"potions_floor_usage":[4,16,16],"damage_taken":[{"damage":0,"enemies":"2 Louse","floor":1,"turns":2},{"damage":0,"enemies":"Cultist","floor":3,"turns":4},{"damage":3,"enemies":"Small Slimes","floor":4,"turns":3},{"damage":0,"enemies":"3 Louse","floor":7,"turns":3},{"damage":0,"enemies":"Large Slime","floor":12,"turns":3},{"damage":0,"enemies":"Lots of Slimes","floor":14,"turns":2},{"damage":44,"enemies":"Hexaghost","floor":16,"turns":10},{"damage":16,"enemies":"3 Byrds","floor":18,"turns":5},{"damage":30,"enemies":"Masked Bandits","floor":19,"turns":5},{"damage":24,"enemies":"Spheric Guardian","floor":20,"turns":3}],"seed_played":"-1314880113503448481","potions_obtained":[{"floor":4,"key":"Fruit Juice"},{"floor":7,"key":"AttackPotion"},{"floor":12,"key":"SpeedPotion"},{"floor":19,"key":"Explosive Potion"}],"is_trial":false,"path_per_floor":["M","?","M","M","$","R","M","R","T","R","$","M","R","M","R","B",null,"M","?"],"character_chosen":"DEFECT","items_purchased":["Ice Cream","Ball Lightning","Streamline","Madness"],"campfire_rested":0,"item_purchase_floors":[5,5,11,11],"current_hp_per_floor":[68,57,57,59,59,59,59,59,59,59,59,59,59,59,59,15,59,43,15,0],"gold":219,"neow_bonus":"TWO_FIFTY_GOLD","is_prod":false,"is_daily":false,"chose_seed":false,"campfire_upgraded":5,"win_rate":0,"timestamp":1536894833,"path_taken":["M","?","M","M","$","R","M","R","T","R","$","?","R","?","R","BOSS","M","?","M"],"build_version":"2018-09-06","purchased_purges":0,"victory":false,"max_hp_per_floor":[68,68,68,73,73,73,73,73,73,73,73,73,73,73,73,73,73,73,73,73],"card_choices":[{"not_picked":["Hologram","Ball Lightning"],"picked":"Chill","floor":1},{"not_picked":["Scrape","Recycle"],"picked":"Sweeping Beam","floor":3},{"not_picked":["Auto Shields","Coolheaded"],"picked":"Conserve Battery","floor":4},{"not_picked":["Recycle","Hologram"],"picked":"Go for the Eyes","floor":7},{"not_picked":["Reprogram","Gash"],"picked":"Sweeping Beam","floor":12},{"not_picked":["Cold Snap","Coolheaded"],"picked":"Sweeping Beam","floor":14},{"not_picked":["Machine Learning","Amplify"],"picked":"Rainbow","floor":16},{"not_picked":["Force Field","Cold Snap+1"],"picked":"Capacitor","floor":18}],"player_experience":324188,"relics_obtained":[{"floor":9,"key":"DataDisk"},{"floor":17,"key":"Omamori"},{"floor":17,"key":"Pantograph"},{"floor":17,"key":"Bird Faced Urn"},{"floor":19,"key":"Red Mask"}],"event_choices":[{"event_name":"World of Goop","player_choice":"Gather Gold","floor":2,"damage_taken":0},{"event_name":"Masked Bandits","player_choice":"Fought Bandits","floor":19,"damage_taken":0}],"is_beta":false,"boss_relics":[{"not_picked":["Empty Cage","Eternal Feather"],"picked":"Calling Bell"}],"items_purged_floors":[],"is_endless":false,"potions_floor_spawned":[4,7,12,19],"killed_by":"Spheric Guardian","ascension_level":5}