{"gold_per_floor":[112,37,114,114,34,34,46,65,65,83,103,113,113,113,113,191,191,210,135,44,56,68,68,78,78,78,78],"floor_reached":27,"playtime":546,"items_purged":["Defend_R"],"score":390,"play_id":"b7b9f2e4-a8e9-45cf-8642-4e05064c994c","local_time":"20190120151709","is_ascension_mode":true,"campfire_choices":[{"data":"Whirlwind","floor":6,"key":"SMITH"},{"data":"Strike_R","floor":13,"key":"PURGE"},{"data":"Strike_R","floor":15,"key":"PURGE"},{"data":"Strike_R","floor":23,"key":"PURGE"},{"floor":25,"key":"REST"}],"neow_cost":"PERCENT_DAMAGE","seed_source_timestamp":9010926546921,"circlet_count":0,"master_deck":["AscendersBane","Strike_R","Defend_R","Defend_R","Defend_R","Bash","Flame Barrier","Whirlwind+1","Inflame","Disarm","Spot Weakness","Feel No Pain","Blind","Flex"],"relics":["Burning Blood","Charon\u0027s Ashes","Paper Frog","Peace Pipe","Anchor","Velvet Choker","Sundial"],"potions_floor_usage":[12,24,27],"damage_taken":[{"damage":1,"enemies":"Cultist","floor":1,"turns":3},{"damage":0,"enemies":"2 Louse","floor":7,"turns":2},{"damage":7,"enemies":"Jaw Worm","floor":8,"turns":2},{"damage":6,"enemies":"Red Slaver","floor":10,"turns":5},{"damage":6,"enemies":"3 Louse","floor":11,"turns":3},{"damage":22,"enemies":"Blue Slaver","floor":12,"turns":5},{"damage":47,"enemies":"The Guardian","floor":16,"turns":12},{"damage":0,"enemies":"3 Byrds","floor":18,"turns":3},{"damage":37,"enemies":"Spheric Guardian","floor":21,"turns":6},{"damage":10,"enemies":"Centurion and Healer","floor":22,"turns":6},{"damage":18,"enemies":"Snake Plant","floor":24,"turns":6},{"damage":49,"enemies":"Slavers","floor":27,"turns":4}],"seed_played":"-9139643674387238732","potions_obtained":[{"floor":4,"key":"Regen Potion"},{"floor":4,"key":"Explosive Potion"},{"floor":16,"key":"LiquidBronze"},{"floor":22,"key":"Swift Potion"}],"is_trial":false,"path_per_floor":["M","$","T","?","$","R","M","M","T","M","M","M","R","?","R","B",null,"M","?","$","M","M","R","M","R","T","E"],"character_chosen":"IRONCLAD","items_purchased":["Whirlwind","Blind"],"campfire_rested":1,"item_purchase_floors":[5,20],"current_hp_per_floor":[55,55,55,55,55,55,61,60,60,60,60,58,58,58,58,17,61,67,67,67,36,32,32,20,42,42,0],"gold":78,"neow_bonus":"ONE_RARE_RELIC","is_prod":false,"is_daily":false,"chose_seed":false,"campfire_upgraded":1,"win_rate":0,"timestamp":1547997429,"path_taken":["M","$","?","?","$","R","M","?","T","M","M","M","R","?","R","BOSS","M","?","$","M","M","R","M","R","T","E"],"build_version":"2019-01-17v2","purchased_purges":1,"victory":false,"max_hp_per_floor":[75,75,75,75,75,75,75,75,75,75,75,75,75,75,75,75,75,75,75,75,75,75,75,75,75,75,75],"card_choices":[{"not_picked":["Armaments","Cleave"],"picked":"Flame Barrier","floor":1},{"not_picked":["Rupture","Seeing Red","Wild Strike"],"picked":"SKIP","floor":7},{"not_picked":["Feel No Pain","Warcry"],"picked":"Inflame","floor":8},{"not_picked":["Reckless Charge","Rage"],"picked":"Disarm","floor":10},{"not_picked":["Clothesline","Headbutt"],"picked":"Spot Weakness","floor":11},{"not_picked":["Pummel","Clash","Pommel Strike"],"picked":"SKIP","floor":12},{"not_picked":["Flex","Anger"],"picked":"Feel No Pain","floor":18},{"not_picked":["Dropkick","True Grit","Combust"],"picked":"SKIP","floor":21},{"not_picked":["Uppercut","Pommel Strike"],"picked":"Flex","floor":22},{"not_picked":["Anger","Headbutt+1","Intimidate"],"picked":"SKIP","floor":24}],"player_experience":407224,"relics_obtained":[{"floor":3,"key":"Paper Frog"},{"floor":9,"key":"Peace Pipe"},{"floor":26,"key":"Sundial"}],"event_choices":[{"damage_healed":0,"gold_gain":0,"player_choice":"Got Potions","damage_taken":0,"max_hp_gain":0,"max_hp_loss":0,"event_name":"Lab","floor":4,"gold_loss":0},{"damage_healed":0,"gold_gain":0,"player_choice":"Gave Potion","damage_taken":0,"relics_obtained":["Anchor"],"max_hp_gain":0,"max_hp_loss":0,"event_name":"WeMeetAgain","floor":14,"gold_loss":0},{"cards_removed":["Strike_R"],"damage_healed":0,"gold_gain":0,"player_choice":"Gave Gold","damage_taken":0,"max_hp_gain":0,"max_hp_loss":0,"event_name":"Beggar","floor":19,"gold_loss":75}],"is_beta":false,"boss_relics":[{"not_picked":["Calling Bell","Eternal Feather"],"picked":"Velvet Choker"}],"items_purged_floors":[2],"is_endless":false,"potions_floor_spawned":[8,10,16,22],"killed_by":"Slavers","ascension_level":18}