{"gold_per_floor":[117,64,74,94,160,194,194,207,283,283,300,320,320,351,351,429,429,429],"floor_reached":18,"playtime":906,"items_purged":[],"score":318,"play_id":"8b024ab2-e6ed-430b-8816-9c548edfcde2","local_time":"20190128183432","is_ascension_mode":true,"campfire_choices":[{"floor":7,"key":"REST"},{"data":"Dash","floor":10,"key":"SMITH"},{"data":"Dash","floor":13,"key":"SMITH"},{"data":"Bouncing Flask","floor":15,"key":"SMITH"}],"neow_cost":"NONE","seed_source_timestamp":522280377929219,"circlet_count":0,"master_deck":["AscendersBane","Defend_G","Defend_G","Defend_G","Defend_G","Defend_G","Strike_G","Strike_G","Strike_G","Strike_G","Strike_G","Survivor","Neutralize","Poisoned Stab","Slice","Predator","Footwork","Poisoned Stab","Dash+1","Dash+1","Slice","Adrenaline","Bouncing Flask+1","Flying Knee","Deadly Poison","Bullet Time"],"relics":["Black Star","Prayer Wheel","Strawberry","Frozen Egg 2","Snake Skull","Oddly Smooth Stone","White Beast Statue"],"potions_floor_usage":[14],"damage_taken":[{"damage":0,"enemies":"Jaw Worm","floor":1,"turns":5},{"damage":6,"enemies":"2 Louse","floor":3,"turns":3},{"damage":4,"enemies":"Cultist","floor":4,"turns":4},{"damage":21,"enemies":"Lagavulin","floor":6,"turns":10},{"damage":3,"enemies":"Blue Slaver","floor":8,"turns":4},{"damage":10,"enemies":"Large Slime","floor":11,"turns":5},{"damage":1,"enemies":"Looter","floor":12,"turns":3},{"damage":27,"enemies":"Gremlin Nob","floor":14,"turns":6},{"damage":6,"enemies":"Hexaghost","floor":16,"turns":7},{"damage":60,"enemies":"3 Byrds","floor":18,"turns":3}],"seed_played":"8999254700199295655","potions_obtained":[{"floor":6,"key":"GhostInAJar"},{"floor":11,"key":"Weak Potion"},{"floor":14,"key":"Strength Potion"}],"is_trial":false,"path_per_floor":["M","$","M","M","?","E","R","M","T","R","M","M","R","E","R","B",null,"M"],"character_chosen":"THE_SILENT","items_purchased":["Slice"],"campfire_rested":1,"item_purchase_floors":[2],"current_hp_per_floor":[59,59,53,49,49,35,56,53,53,53,43,42,42,15,15,9,57,0],"gold":429,"neow_bonus":"BOSS_RELIC","is_prod":false,"is_daily":false,"chose_seed":false,"campfire_upgraded":3,"win_rate":0,"timestamp":1548722072,"path_taken":["M","$","M","M","?","E","R","M","T","R","M","M","R","E","R","BOSS","M"],"build_version":"2019-01-23","purchased_purges":0,"victory":false,"max_hp_per_floor":[66,66,66,66,66,73,73,73,73,73,73,73,73,73,73,73,73,73],"card_choices":[{"not_picked":["Blade Dance","Prepared"],"picked":"Poisoned Stab","floor":1},{"not_picked":["Outmaneuver","Escape Plan"],"picked":"Predator","floor":3},{"not_picked":["Blade Dance","Outmaneuver"],"picked":"Footwork","floor":4},{"not_picked":["Prepared","Blade Dance"],"picked":"Poisoned Stab","floor":6},{"not_picked":["Underhanded Strike","Calculated Gamble"],"picked":"Dash","floor":8},{"not_picked":["Blade Dance","Accuracy"],"picked":"Dash","floor":8},{"not_picked":["Escape Plan","Backflip"],"picked":"Slice","floor":11},{"not_picked":["Skewer","Blade Dance"],"picked":"Adrenaline","floor":11},{"not_picked":["Acrobatics","Reflex"],"picked":"Bouncing Flask","floor":12},{"not_picked":["Terror","Quick Slash"],"picked":"Flying Knee","floor":12},{"not_picked":["Outmaneuver","Backflip"],"picked":"Deadly Poison","floor":14},{"not_picked":["Phantasmal Killer","Night Terror"],"picked":"Bullet Time","floor":16}],"player_experience":612002,"relics_obtained":[{"floor":6,"key":"Prayer Wheel"},{"floor":6,"key":"Strawberry"},{"floor":9,"key":"Frozen Egg 2"},{"floor":14,"key":"Snake Skull"},{"floor":14,"key":"Oddly Smooth Stone"}],"event_choices":[{"damage_healed":0,"gold_gain":66,"player_choice":"Gained Gold","damage_taken":0,"max_hp_gain":0,"max_hp_loss":0,"event_name":"Golden Wing","floor":5,"gold_loss":0}],"is_beta":false,"boss_relics":[{"not_picked":["Calling Bell","HoveringKite"],"picked":"White Beast Statue"}],"items_purged_floors":[],"is_endless":false,"potions_floor_spawned":[6,11,14],"killed_by":"3 Byrds","ascension_level":17}