{"gold_per_floor":[117,117,117,42,42,61,61,82,108,283,233,268,268,256,256,256],"floor_reached":16,"playtime":324,"items_purged":["Regret"],"score":167,"play_id":"d3c462fe-5777-486a-9f02-9aeb50cd1f24","local_time":"20181212224716","is_ascension_mode":true,"campfire_choices":[{"data":"Body Slam","floor":13,"key":"SMITH"},{"data":"Perfected Strike","floor":15,"key":"SMITH"}],"neow_cost":"NONE","seed_source_timestamp":15759384453326,"circlet_count":0,"master_deck":["AscendersBane","Strike_R","Strike_R","Strike_R+1","Strike_R","Strike_R","Defend_R","Defend_R","Defend_R","Defend_R","Bash","Offering","Shockwave+1","Perfected Strike+1","Injury","Ghostly Armor","Body Slam+1","Feel No Pain"],"relics":["Burning Blood","Darkstone Periapt","Oddly Smooth Stone","Golden Idol","Juzu Bracelet","Sundial"],"potions_floor_usage":[12,14,16],"damage_taken":[{"damage":9,"enemies":"2 Louse","floor":1,"turns":4},{"damage":12,"enemies":"Jaw Worm","floor":6,"turns":3},{"damage":0,"enemies":"Small Slimes","floor":8,"turns":4},{"damage":30,"enemies":"3 Sentries","floor":12,"turns":7},{"damage":6,"enemies":"Exordium Thugs","floor":14,"turns":4},{"damage":36,"enemies":"Hexaghost","floor":16,"turns":9}],"seed_played":"-5644605196894539477","potions_obtained":[{"floor":1,"key":"FearPotion"},{"floor":6,"key":"Energy Potion"},{"floor":12,"key":"SkillPotion"}],"is_trial":false,"path_per_floor":["M","?","?","$","?","M","?","M","T","?","?","E","R","M","R","B"],"character_chosen":"IRONCLAD","items_purchased":[],"campfire_rested":0,"item_purchase_floors":[],"current_hp_per_floor":[65,58,64,64,48,42,48,54,54,60,60,36,36,36,36,0],"gold":256,"neow_bonus":"ONE_RANDOM_RARE_CARD","is_prod":false,"is_daily":false,"chose_seed":false,"campfire_upgraded":2,"win_rate":0,"timestamp":1544654836,"path_taken":["M","?","?","$","?","?","?","M","T","?","?","E","R","M","R","BOSS"],"build_version":"2018-12-06","purchased_purges":1,"victory":false,"max_hp_per_floor":[75,75,81,81,81,81,87,87,87,93,93,93,93,93,93,93],"card_choices":[{"not_picked":["Dual Wield","Infernal Blade"],"picked":"Shockwave","floor":1},{"not_picked":["Shockwave","Headbutt"],"picked":"Perfected Strike","floor":6},{"not_picked":["Spot Weakness","Wild Strike"],"picked":"Ghostly Armor","floor":8},{"not_picked":["Infernal Blade","Thunderclap"],"picked":"Body Slam","floor":12},{"not_picked":["Cleave","Iron Wave"],"picked":"Feel No Pain","floor":14}],"player_experience":260414,"relics_obtained":[{"floor":9,"key":"Juzu Bracelet"},{"floor":12,"key":"Sundial"}],"event_choices":[{"damage_healed":0,"gold_gain":0,"player_choice":"Success","damage_taken":7,"relics_obtained":["Darkstone Periapt"],"max_hp_gain":0,"max_hp_loss":0,"event_name":"Scrap Ooze","floor":2,"gold_loss":0},{"damage_healed":0,"gold_gain":0,"player_choice":"Box","damage_taken":0,"relics_obtained":["Oddly Smooth Stone"],"max_hp_gain":0,"max_hp_loss":0,"event_name":"Big Fish","floor":3,"gold_loss":0,"cards_obtained":["Regret"]},{"damage_healed":0,"gold_gain":0,"player_choice":"Entered Light","damage_taken":16,"max_hp_gain":0,"max_hp_loss":0,"event_name":"Shining Light","floor":5,"gold_loss":0,"cards_upgraded":["Strike_R","Shockwave"]},{"damage_healed":0,"gold_gain":0,"player_choice":"Take Wound","damage_taken":0,"relics_obtained":["Golden Idol"],"max_hp_gain":0,"max_hp_loss":0,"event_name":"Golden Idol","floor":7,"gold_loss":0,"cards_obtained":["Injury"]},{"damage_healed":0,"gold_gain":175,"player_choice":"AGREE","damage_taken":0,"max_hp_gain":0,"max_hp_loss":0,"event_name":"Liars Game","floor":10,"gold_loss":0,"cards_obtained":["Doubt"]},{"cards_removed":["Doubt"],"damage_healed":0,"gold_gain":0,"player_choice":"Card Removal","damage_taken":0,"max_hp_gain":0,"max_hp_loss":0,"event_name":"The Cleric","floor":11,"gold_loss":50}],"is_beta":false,"boss_relics":[],"items_purged_floors":[4],"is_endless":false,"potions_floor_spawned":[1,6,12],"killed_by":"Hexaghost","ascension_level":14}