{"gold_per_floor":[114,189,189,189,199,199,215,215,215,234,234,251,8,21,21,122,122,105,13,0,16,16,16,33,33,59,78,78],"floor_reached":28,"playtime":526,"items_purged":["Strike_R"],"score":210,"play_id":"11d6489e-3867-4a66-a350-000d654b83e9","local_time":"20181209183704","is_ascension_mode":false,"campfire_choices":[{"data":"Blood for Blood","floor":6,"key":"SMITH"},{"data":"Inflame","floor":8,"key":"SMITH"},{"data":"Demon Form","floor":15,"key":"SMITH"},{"floor":23,"key":"REST"},{"data":"Armaments","floor":25,"key":"SMITH"}],"neow_cost":"NONE","seed_source_timestamp":14197403310155,"circlet_count":0,"master_deck":["Strike_R","Strike_R","Strike_R","Defend_R","Defend_R","Defend_R","Defend_R+1","Bash","Blood for Blood+1","Armaments+1","Shrug It Off+1","Inflame+1","Warcry","Wild Strike","Demon Form+1","Clothesline","Twin Strike","Pummel+1","Thunderclap","Battle Trance+1","Clumsy","Metallicize+1"],"relics":["Runic Cube","Potion Belt","Cursed Key","War Paint"],"potions_floor_usage":[10,14,27,27],"damage_taken":[{"damage":0,"enemies":"Small Slimes","floor":1,"turns":3},{"damage":1,"enemies":"2 Louse","floor":5,"turns":4},{"damage":1,"enemies":"Cultist","floor":7,"turns":4},{"damage":3,"enemies":"Large Slime","floor":10,"turns":4},{"damage":13,"enemies":"Red Slaver","floor":12,"turns":3},{"damage":0,"enemies":"Lots of Slimes","floor":14,"turns":3},{"damage":4,"enemies":"Slime Boss","floor":16,"turns":9},{"damage":14,"enemies":"2 Thieves","floor":18,"turns":4},{"damage":20,"enemies":"Spheric Guardian","floor":21,"turns":4},{"damage":30,"enemies":"Chosen and Byrds","floor":24,"turns":5},{"damage":20,"enemies":"Snecko","floor":27,"turns":5},{"damage":41,"enemies":"Gremlin Leader","floor":28,"turns":4}],"seed_played":"-5750222156265773106","potions_obtained":[{"floor":1,"key":"AttackPotion"},{"floor":10,"key":"SpeedPotion"},{"floor":12,"key":"Explosive Potion"},{"floor":24,"key":"BloodPotion"}],"is_trial":false,"path_per_floor":["M","?","?","?","M","R","M","R","T","M","?","M","$","M","R","B",null,"M","$","?","M","?","R","M","R","T","M","E"],"character_chosen":"IRONCLAD","items_purchased":["Demon Form","Clothesline","Pummel","Thunderclap"],"campfire_rested":1,"item_purchase_floors":[13,13,19,19],"current_hp_per_floor":[80,69,74,74,73,73,72,72,72,69,69,56,56,56,56,52,85,71,71,71,51,51,76,46,46,46,34,0],"gold":78,"neow_bonus":"BOSS_RELIC","is_prod":false,"is_daily":false,"chose_seed":false,"campfire_upgraded":4,"win_rate":0,"timestamp":1544380624,"path_taken":["M","?","?","?","M","R","M","R","T","M","?","M","$","M","R","BOSS","M","$","?","M","?","R","M","R","T","?","E"],"build_version":"2018-12-06","purchased_purges":1,"victory":false,"max_hp_per_floor":[80,80,85,85,85,85,85,85,85,85,85,85,85,85,85,85,85,85,85,85,85,85,85,85,85,85,85,85],"card_choices":[{"not_picked":["Warcry","Flex"],"picked":"Blood for Blood","floor":1},{"not_picked":["Anger","Pummel"],"picked":"Shrug It Off","floor":5},{"not_picked":["Spot Weakness","Feel No Pain"],"picked":"Inflame","floor":7},{"not_picked":["Perfected Strike","Pommel Strike"],"picked":"Warcry","floor":10},{"not_picked":["Flex","Iron Wave","Wild Strike"],"picked":"SKIP","floor":12},{"not_picked":["Warcry","Iron Wave"],"picked":"Twin Strike","floor":14},{"not_picked":["Perfected Strike+1","Searing Blow","Armaments"],"picked":"SKIP","floor":18},{"not_picked":["Anger","Flex","Cleave"],"picked":"SKIP","floor":21},{"not_picked":["Sentinel","Clothesline"],"picked":"Battle Trance+1","floor":24},{"not_picked":["True Grit","Spot Weakness+1"],"picked":"Metallicize+1","floor":27}],"player_experience":256603,"relics_obtained":[{"floor":9,"key":"Potion Belt"},{"floor":26,"key":"War Paint"}],"event_choices":[{"damage_healed":0,"gold_gain":75,"player_choice":"Gather Gold","damage_taken":11,"max_hp_gain":0,"max_hp_loss":0,"event_name":"World of Goop","floor":2,"gold_loss":0},{"damage_healed":0,"gold_gain":0,"player_choice":"Donut","damage_taken":0,"max_hp_gain":5,"max_hp_loss":0,"event_name":"Big Fish","floor":3,"gold_loss":0},{"damage_healed":0,"gold_gain":0,"cards_transformed":["Strike_R"],"player_choice":"Change","damage_taken":0,"max_hp_gain":0,"max_hp_loss":0,"event_name":"Living Wall","floor":4,"gold_loss":0,"cards_obtained":["Armaments"]},{"damage_healed":0,"gold_gain":0,"player_choice":"1 cards matched","damage_taken":0,"max_hp_gain":0,"max_hp_loss":0,"event_name":"Match and Keep!","floor":11,"gold_loss":0,"cards_obtained":["Wild Strike"]},{"damage_healed":0,"gold_gain":0,"player_choice":"Paid Fearfully","damage_taken":0,"max_hp_gain":0,"max_hp_loss":0,"event_name":"Masked Bandits","floor":20,"gold_loss":13},{"damage_healed":0,"gold_gain":0,"player_choice":"Upgraded","damage_taken":0,"max_hp_gain":0,"max_hp_loss":0,"event_name":"Upgrade Shrine","floor":22,"gold_loss":0,"cards_upgraded":["Pummel"]}],"is_beta":false,"boss_relics":[{"not_picked":["Astrolabe","Snecko Eye"],"picked":"Cursed Key"}],"items_purged_floors":[13],"is_endless":false,"potions_floor_spawned":[1,10,12,24],"killed_by":"Gremlin Leader","ascension_level":0}