{"gold_per_floor":[127,139,167,179,210,257,279,323,335,347,359,371,383,395,407,516,528,558,482,510,522,534,579,611,640,652,664,706,730,752,799,811,927,939,967,1201,1259,1289,1319,1364,1376,1418,1453,1465,1492,1504,1532,1559,1571,1583],"floor_reached":51,"playtime":8570,"items_purged":[],"score":832,"play_id":"a89f0803-10aa-497c-928b-6a7df9d40d45","local_time":"20181129041029","is_ascension_mode":false,"campfire_choices":[{"floor":10,"key":"REST"},{"data":"Flame Barrier","floor":12,"key":"SMITH"},{"data":"Bash","floor":15,"key":"SMITH"},{"data":"RitualDagger","floor":27,"key":"SMITH"},{"data":"Feed","floor":32,"key":"SMITH"},{"data":"Iron Wave","floor":41,"key":"SMITH"},{"floor":44,"key":"REST"},{"data":"Pommel Strike","floor":49,"key":"SMITH"}],"neow_cost":"NONE","seed_source_timestamp":210239279940157,"circlet_count":0,"master_deck":["Strike_R","Strike_R","Strike_R","Strike_R","Strike_R","Defend_R","Defend_R+1","Defend_R","Bash+1","Iron Wave+1","Iron Wave","Pommel Strike+1","Flame Barrier+1","Metallicize+1","Feed+1","Headbutt","RitualDagger+1","Searing Blow+1","Infernal Blade+1","Metallicize+1","Iron Wave+1","Barricade+1","Warcry+1","Shrug It Off+1","Infernal Blade+1","Armaments+1","Intimidate+1"],"relics":["Burning Blood","MawBank","Mango","Frozen Egg 2","Question Card","Letter Opener","Busted Crown","Peace Pipe","MutagenicStrength","Shuriken","Pear","Red Mask","War Paint","Black Star","Ice Cream","Boot","Vajra","Dream Catcher","Bronze Scales","Potion Belt","Pantograph"],"potions_floor_usage":[6,16,16,23,23,31,37,37,40,50],"damage_taken":[{"damage":7,"enemies":"Small Slimes","floor":1,"turns":4},{"damage":0,"enemies":"Cultist","floor":3,"turns":4},{"damage":3,"enemies":"Jaw Worm","floor":5,"turns":4},{"damage":25,"enemies":"3 Sentries","floor":6,"turns":9},{"damage":4,"enemies":"3 Louse","floor":7,"turns":4},{"damage":36,"enemies":"Lagavulin","floor":8,"turns":10},{"damage":23,"enemies":"The Guardian","floor":16,"turns":15},{"damage":0,"enemies":"3 Byrds","floor":18,"turns":4},{"damage":8,"enemies":"Spheric Guardian","floor":20,"turns":5},{"damage":10,"enemies":"Book of Stabbing","floor":23,"turns":6},{"damage":8,"enemies":"Snecko","floor":24,"turns":5},{"damage":2,"enemies":"Snake Plant","floor":25,"turns":4},{"damage":8,"enemies":"Masked Bandits","floor":28,"turns":5},{"damage":6,"enemies":"Chosen and Byrds","floor":29,"turns":6},{"damage":19,"enemies":"Cultist and Chosen","floor":30,"turns":7},{"damage":20,"enemies":"Slavers","floor":31,"turns":6},{"damage":37,"enemies":"Automaton","floor":33,"turns":14},{"damage":0,"enemies":"3 Shapes","floor":35,"turns":7},{"damage":37,"enemies":"2 Orb Walkers","floor":37,"turns":7},{"damage":14,"enemies":"3 Darklings","floor":38,"turns":4},{"damage":25,"enemies":"Jaw Worm Horde","floor":39,"turns":6},{"damage":12,"enemies":"Reptomancer","floor":40,"turns":11},{"damage":46,"enemies":"Giant Head","floor":42,"turns":9},{"damage":0,"enemies":"Spire Growth","floor":45,"turns":5},{"damage":1,"enemies":"Maw","floor":47,"turns":10},{"damage":31,"enemies":"3 Darklings","floor":48,"turns":4},{"damage":46,"enemies":"Awakened One","floor":50,"turns":21}],"seed_played":"7588961904934990990","potions_obtained":[{"floor":1,"key":"AttackPotion"},{"floor":7,"key":"LiquidBronze"},{"floor":8,"key":"SpeedPotion"},{"floor":18,"key":"PowerPotion"},{"floor":20,"key":"SkillPotion"},{"floor":24,"key":"GamblersBrew"},{"floor":29,"key":"SkillPotion"},{"floor":35,"key":"BloodPotion"},{"floor":38,"key":"Weak Potion"},{"floor":48,"key":"SteroidPotion"}],"is_trial":false,"path_per_floor":["M","?","M","$","M","E","M","E","T","R","?","R","$","?","R","B",null,"M","?","M","?","?","E","M","M","T","R","?","M","M","E","R","B",null,"M","?","?","M","M","E","R","E","T","R","M","T","M","M","R","B",null],"character_chosen":"IRONCLAD","items_purchased":[],"campfire_rested":2,"item_purchase_floors":[],"current_hp_per_floor":[79,79,80,80,80,75,77,47,47,75,75,75,75,63,63,46,94,94,94,95,95,89,88,86,93,103,103,104,107,94,83,83,56,126,130,130,112,104,89,87,87,47,47,88,94,94,103,78,78,63],"gold":1595,"neow_bonus":"RANDOM_COMMON_RELIC","is_prod":false,"is_daily":false,"chose_seed":false,"campfire_upgraded":6,"win_rate":0.0,"timestamp":1543493429,"path_taken":["M","?","?","?","M","E","?","E","T","R","?","R","$","?","R","BOSS","M","?","?","?","?","E","M","M","T","R","?","M","M","E","R","BOSS","M","?","?","?","M","E","R","E","T","R","M","?","M","M","R","BOSS"],"build_version":"2018-11-15","purchased_purges":0,"victory":true,"max_hp_per_floor":[80,80,80,80,80,94,94,94,94,94,94,94,94,94,94,94,94,94,94,97,97,97,100,100,103,113,113,116,119,119,122,122,126,126,130,130,130,130,134,138,138,138,138,138,138,138,142,142,142,142],"card_choices":[{"not_picked":["Infernal Blade","Pommel Strike"],"picked":"Iron Wave","floor":1},{"not_picked":["Entrench","Bloodletting"],"picked":"Pommel Strike","floor":3},{"not_picked":["Flex","Searing Blow","Reckless Charge"],"picked":"SKIP","floor":5},{"not_picked":["Inflame","Fire Breathing","Uppercut"],"picked":"SKIP","floor":6},{"not_picked":["Sword Boomerang","Cleave"],"picked":"Flame Barrier","floor":7},{"not_picked":["Feel No Pain","True Grit"],"picked":"Metallicize","floor":8},{"not_picked":["Limit Break","Reaper","Fiend Fire"],"picked":"Feed","floor":16},{"not_picked":["Heavy Blade","Second Wind"],"picked":"SKIP","floor":18},{"not_picked":["Heavy Blade","Second Wind"],"picked":"SKIP","floor":18},{"not_picked":["Sword Boomerang+1"],"picked":"Headbutt","floor":20},{"not_picked":["Headbutt","Demon Form+1"],"picked":"SKIP","floor":23},{"not_picked":["Thunderclap"],"picked":"Searing Blow+1","floor":24},{"not_picked":["Bloodletting+1","Warcry"],"picked":"SKIP","floor":25},{"not_picked":["Disarm"],"picked":"Infernal Blade","floor":28},{"not_picked":["Searing Blow+1"],"picked":"Metallicize+1","floor":29},{"not_picked":["Armaments"],"picked":"Iron Wave+1","floor":30},{"not_picked":["Thunderclap"],"picked":"Barricade+1","floor":31},{"not_picked":["Rupture+1","Uppercut"],"picked":"SKIP","floor":35},{"not_picked":["Clash"],"picked":"Warcry+1","floor":38},{"not_picked":["Sword Boomerang+1"],"picked":"Shrug It Off+1","floor":39},{"not_picked":["Clash"],"picked":"Infernal Blade+1","floor":40},{"not_picked":["Warcry"],"picked":"Armaments+1","floor":42},{"not_picked":["Power Through+1"],"picked":"Intimidate+1","floor":44},{"not_picked":["Sever Soul","Sword Boomerang+1"],"picked":"SKIP","floor":45},{"not_picked":["Disarm+1","Thunderclap+1"],"picked":"SKIP","floor":47},{"not_picked":["Brutality+1","Flex+1"],"picked":"SKIP","floor":48}],"player_experience":13832,"relics_obtained":[{"floor":6,"key":"Mango"},{"floor":8,"key":"Frozen Egg 2"},{"floor":9,"key":"Question Card"},{"floor":23,"key":"Shuriken"},{"floor":26,"key":"Pear"},{"floor":28,"key":"Red Mask"},{"floor":31,"key":"War Paint"},{"floor":37,"key":"Ice Cream"},{"floor":40,"key":"Boot"},{"floor":40,"key":"Vajra"},{"floor":42,"key":"Dream Catcher"},{"floor":42,"key":"Bronze Scales"},{"floor":43,"key":"Potion Belt"},{"floor":46,"key":"Pantograph"}],"event_choices":[{"cards_removed":["Defend_R"],"damage_healed":0,"gold_gain":0,"player_choice":"Took Card","damage_taken":0,"max_hp_gain":0,"max_hp_loss":0,"event_name":"NoteForYourself","floor":2,"gold_loss":0,"cards_obtained":["Iron Wave"]},{"damage_healed":0,"gold_gain":0,"player_choice":"Ignored","damage_taken":0,"max_hp_gain":0,"max_hp_loss":0,"event_name":"Golden Wing","floor":11,"gold_loss":0},{"damage_healed":0,"gold_gain":0,"player_choice":"Success","damage_taken":12,"relics_obtained":["Letter Opener"],"max_hp_gain":0,"max_hp_loss":0,"event_name":"Scrap Ooze","floor":14,"gold_loss":0},{"damage_healed":0,"gold_gain":0,"player_choice":"Paid Gold","damage_taken":0,"relics_obtained":["Peace Pipe"],"max_hp_gain":0,"max_hp_loss":0,"event_name":"WeMeetAgain","floor":19,"gold_loss":88},{"damage_healed":0,"gold_gain":0,"player_choice":"Inject Mutagens","damage_taken":0,"relics_obtained":["MutagenicStrength"],"max_hp_gain":0,"max_hp_loss":0,"event_name":"Drug Dealer","floor":21,"gold_loss":0},{"damage_healed":0,"gold_gain":0,"player_choice":"Joined the Cult","damage_taken":6,"max_hp_gain":0,"max_hp_loss":0,"event_name":"Nest","floor":22,"gold_loss":0,"cards_obtained":["RitualDagger"]},{"damage_healed":0,"gold_gain":0,"player_choice":"Fought Bandits","damage_taken":0,"max_hp_gain":0,"max_hp_loss":0,"event_name":"Masked Bandits","floor":28,"gold_loss":0},{"damage_healed":0,"gold_gain":222,"player_choice":"Wore Mask","damage_taken":0,"max_hp_gain":0,"max_hp_loss":0,"event_name":"Tomb of Lord Red Mask","floor":36,"gold_loss":0},{"damage_healed":0,"gold_gain":0,"player_choice":"Fight","damage_taken":0,"max_hp_gain":0,"max_hp_loss":0,"event_name":"Mysterious Sphere","floor":37,"gold_loss":0}],"is_beta":false,"boss_relics":[{"not_picked":["Snecko Eye","Coffee Dripper"],"picked":"Busted Crown"},{"not_picked":["Cursed Key","Eternal Feather"],"picked":"Black Star"}],"items_purged_floors":[],"is_endless":false,"potions_floor_spawned":[1,7,8,18,20,24,29,35,38,48],"ascension_level":0}