{"gold_per_floor":[110,60,60,60,73,73,93,93,117,117,131,175,238,256,256,384,384,399,449,499,138,121,121],"floor_reached":23,"playtime":1127,"items_purged":[],"score":258,"play_id":"49ae35b0-4bab-4358-ae3d-556962dd0207","local_time":"20190130140232","is_ascension_mode":true,"campfire_choices":[{"data":"Zap","floor":6,"key":"SMITH"},{"data":"Dualcast","floor":8,"key":"SMITH"},{"data":"Hologram","floor":10,"key":"SMITH"},{"data":"Undo","floor":15,"key":"SMITH"}],"neow_cost":"NONE","seed_source_timestamp":50152733191499,"circlet_count":0,"master_deck":["Strike_B","Strike_B","Defend_B","Defend_B","Defend_B","Zap+1","Dualcast+1","Hologram+1","Ball Lightning","Gash","BootSequence","Undo+1","Cold Snap","Coolheaded","Fission","Gash","Compile Driver","Chaos","Loop","Gash"],"relics":["Cracked Core","Golden Idol","SsserpentHead","Anchor","Ornamental Fan","White Beast Statue","Lantern","Calipers"],"potions_floor_usage":[23,23],"damage_taken":[{"damage":3,"enemies":"2 Louse","floor":1,"turns":2},{"damage":12,"enemies":"Small Slimes","floor":5,"turns":2},{"damage":1,"enemies":"Cultist","floor":7,"turns":3},{"damage":21,"enemies":"Exordium Thugs","floor":11,"turns":4},{"damage":20,"enemies":"Lagavulin","floor":12,"turns":6},{"damage":0,"enemies":"Exordium Wildlife","floor":13,"turns":3},{"damage":0,"enemies":"3 Louse","floor":14,"turns":3},{"damage":11,"enemies":"The Guardian","floor":16,"turns":12},{"damage":13,"enemies":"Spheric Guardian","floor":18,"turns":6},{"damage":1,"enemies":"2 Thieves","floor":22,"turns":4},{"damage":53,"enemies":"Gremlin Leader","floor":23,"turns":6}],"seed_played":"3886096694222167183","potions_obtained":[{"floor":1,"key":"Strength Potion"},{"floor":7,"key":"LiquidBronze"},{"floor":14,"key":"FearPotion"},{"floor":18,"key":"Weak Potion"},{"floor":22,"key":"Dexterity Potion"}],"is_trial":false,"path_per_floor":["M","?","?","?","M","R","M","R","T","R","M","E","M","M","R","B",null,"M","?","T","$","M","E"],"character_chosen":"DEFECT","items_purchased":["Loop","Calipers"],"campfire_rested":0,"item_purchase_floors":[21,21],"current_hp_per_floor":[72,72,72,72,60,60,59,59,59,59,38,18,18,18,18,7,59,46,46,46,46,45,0],"gold":121,"neow_bonus":"TEN_PERCENT_HP_BONUS","is_prod":false,"is_daily":false,"chose_seed":false,"campfire_upgraded":4,"win_rate":0,"timestamp":1548874952,"path_taken":["M","?","?","?","M","R","M","R","T","R","M","E","?","M","R","BOSS","M","?","?","$","M","E"],"build_version":"2019-01-23","purchased_purges":0,"victory":false,"max_hp_per_floor":[82,82,76,76,76,76,76,76,76,76,76,76,76,76,76,76,76,76,76,76,76,76,76],"card_choices":[{"not_picked":["Storm","Tempest"],"picked":"Hologram","floor":1},{"not_picked":["Hello World","Streamline"],"picked":"Ball Lightning","floor":5},{"not_picked":["Barrage","Beam Cell"],"picked":"Gash","floor":7},{"not_picked":["Aggregate","Tempest"],"picked":"BootSequence","floor":11},{"not_picked":["Redo","Chaos"],"picked":"Undo","floor":12},{"not_picked":["Go for the Eyes","Recycle"],"picked":"Cold Snap","floor":13},{"not_picked":["Conserve Battery","Consume"],"picked":"Coolheaded","floor":14},{"not_picked":["Reboot","Multi-Cast"],"picked":"Fission","floor":16},{"not_picked":["Leap","Stack"],"picked":"Gash","floor":18},{"not_picked":["Compile Driver","Stack"],"picked":"Gash","floor":22}],"player_experience":417321,"relics_obtained":[{"floor":9,"key":"Anchor"},{"floor":12,"key":"Ornamental Fan"},{"floor":20,"key":"Lantern"}],"event_choices":[{"cards_removed":["Defend_B"],"damage_healed":0,"gold_gain":0,"player_choice":"Card Removal","damage_taken":0,"max_hp_gain":0,"max_hp_loss":0,"event_name":"The Cleric","floor":2,"gold_loss":50},{"damage_healed":0,"gold_gain":0,"player_choice":"Lose Max HP","damage_taken":0,"relics_obtained":["Golden Idol"],"max_hp_gain":0,"max_hp_loss":6,"event_name":"Golden Idol","floor":3,"gold_loss":0},{"damage_healed":0,"gold_gain":0,"player_choice":"Trade","damage_taken":0,"relics_obtained":["SsserpentHead"],"max_hp_gain":0,"max_hp_loss":0,"event_name":"FaceTrader","floor":4,"gold_loss":0},{"damage_healed":0,"gold_gain":0,"cards_transformed":["Strike_B","Strike_B"],"player_choice":"Became Test Subject","damage_taken":0,"max_hp_gain":0,"max_hp_loss":0,"event_name":"Drug Dealer","floor":19,"gold_loss":0,"cards_obtained":["Compile Driver","Chaos"]}],"is_beta":false,"boss_relics":[{"not_picked":["Lizard Tail","Calling Bell"],"picked":"White Beast Statue"}],"items_purged_floors":[],"is_endless":false,"potions_floor_spawned":[1,7,14,18,22],"killed_by":"Gremlin Leader","ascension_level":7}