{"gold_per_floor":[115,115,115,132,51,51,80,80,80,80,99,110,110,35,35,35],"floor_reached":16,"playtime":404,"items_purged":["Defend_G"],"score":123,"play_id":"15ce0cf8-9abc-4ac3-98f4-ff07aea36065","local_time":"20181108185400","is_ascension_mode":true,"campfire_choices":[{"data":"Neutralize","floor":6,"key":"SMITH"},{"data":"Swift Strike","floor":8,"key":"SMITH"},{"data":"Acrobatics","floor":15,"key":"SMITH"}],"neow_cost":"NONE","seed_source_timestamp":1842578849958,"circlet_count":0,"master_deck":["Defend_G","Defend_G","Defend_G","Defend_G","Strike_G","Strike_G","Strike_G","Strike_G","Strike_G","Survivor","Neutralize+1","Footwork+1","Backflip","Swift Strike+1","Acrobatics+1"],"relics":["Ring of the Snake","Potion Belt","Ornamental Fan","Meat on the Bone","Ancient Tea Set","Art of War"],"potions_floor_usage":[7,16],"damage_taken":[{"damage":1,"enemies":"Small Slimes","floor":1,"turns":5},{"damage":1,"enemies":"2 Louse","floor":4,"turns":4},{"damage":9,"enemies":"3 Sentries","floor":7,"turns":10},{"damage":0,"enemies":"Cultist","floor":11,"turns":5},{"damage":2,"enemies":"Exordium Thugs","floor":12,"turns":5},{"damage":57,"enemies":"Hexaghost","floor":16,"turns":16}],"seed_played":"-4742281327163585667","potions_obtained":[{"floor":4,"key":"Explosive Potion"},{"floor":7,"key":"PowerPotion"},{"floor":12,"key":"Fire Potion"}],"is_trial":false,"path_per_floor":["M","?","?","M","$","R","E","R","T","?","M","M","T","$","R","B"],"character_chosen":"THE_SILENT","items_purchased":["Swift Strike"],"campfire_rested":0,"item_purchase_floors":[5],"current_hp_per_floor":[69,74,67,66,66,66,57,57,57,57,57,55,55,55,55,0],"gold":35,"neow_bonus":"RANDOM_COMMON_RELIC","is_prod":false,"is_daily":false,"chose_seed":false,"campfire_upgraded":3,"win_rate":0,"timestamp":1541703240,"path_taken":["M","?","?","M","$","R","E","R","T","?","M","?","?","$","R","BOSS"],"build_version":"2018-11-01","purchased_purges":1,"victory":false,"max_hp_per_floor":[70,75,75,75,75,75,75,75,75,75,75,75,75,75,75,75],"card_choices":[{"not_picked":["Deadly Poison","Blade Dance"],"picked":"Footwork","floor":1},{"not_picked":["Bouncing Flask","Flying Knee"],"picked":"Backflip","floor":4},{"not_picked":["Catalyst","Dodge and Roll","Bane"],"picked":"SKIP","floor":7},{"not_picked":["Prepared","Outmaneuver","Blur"],"picked":"SKIP","floor":11},{"not_picked":["Prepared","Riddle With Holes"],"picked":"Acrobatics","floor":12}],"player_experience":121703,"relics_obtained":[{"floor":7,"key":"Meat on the Bone"},{"floor":9,"key":"Ancient Tea Set"},{"floor":13,"key":"Art of War"}],"event_choices":[{"damage_healed":0,"gold_gain":0,"player_choice":"Donut","damage_taken":0,"max_hp_gain":5,"max_hp_loss":0,"event_name":"Big Fish","floor":2,"gold_loss":0},{"damage_healed":0,"gold_gain":0,"player_choice":"Success","damage_taken":7,"relics_obtained":["Ornamental Fan"],"max_hp_gain":0,"max_hp_loss":0,"event_name":"Scrap Ooze","floor":3,"gold_loss":0},{"damage_healed":0,"gold_gain":0,"player_choice":"Upgraded","damage_taken":0,"max_hp_gain":0,"max_hp_loss":0,"event_name":"Upgrade Shrine","floor":10,"gold_loss":0,"cards_upgraded":["Footwork"]}],"is_beta":false,"boss_relics":[],"items_purged_floors":[14],"is_endless":false,"potions_floor_spawned":[4,7,12],"killed_by":"Hexaghost","ascension_level":5}