{"gold_per_floor":[115,37,37,56,70,70,88,98,121,121,121,154,174,185,185,283,283,302,320,349,196,213,213,213,213,239,249,263,263,362,389,389,389],"floor_reached":33,"playtime":2718,"items_purged":["Strike_B"],"score":282,"play_id":"5f855fdf-09dc-4db4-a352-db4b29594045","local_time":"20190130221122","is_ascension_mode":true,"campfire_choices":[{"data":"Zap","floor":6,"key":"SMITH"},{"data":"Capacitor","floor":11,"key":"SMITH"},{"data":"Fusion","floor":15,"key":"SMITH"},{"floor":23,"key":"REST"},{"data":"Double Energy","floor":25,"key":"SMITH"},{"data":"Defragment","floor":29,"key":"SMITH"},{"floor":32,"key":"REST"}],"neow_cost":"NONE","seed_source_timestamp":297631717667892,"circlet_count":0,"master_deck":["Strike_B","Strike_B","Strike_B","Defend_B","Defend_B","Defend_B+1","Defend_B","Zap+1","Dualcast+1","Double Energy+1","Static Discharge+1","Steam","Self Repair","Capacitor+1","Storm","All For One","Defragment+1","FTL","Fusion+1","Buffer","Redo","Stack","Chill","Self Repair","Stack+1","White Noise","Redo+1","Turbo+1"],"relics":["Cracked Core","NeowsBlessing","War Paint","Lantern","Black Star","Red Mask","Bronze Scales","Bag of Marbles","Orichalcum","Molten Egg 2"],"potions_floor_usage":[12,16,16,20,20,31,33],"damage_taken":[{"damage":0,"enemies":"Small Slimes","floor":1,"turns":1},{"damage":0,"enemies":"Cultist","floor":4,"turns":1},{"damage":0,"enemies":"2 Louse","floor":5,"turns":1},{"damage":7,"enemies":"2 Fungi Beasts","floor":7,"turns":3},{"damage":10,"enemies":"3 Louse","floor":8,"turns":3},{"damage":13,"enemies":"Gremlin Nob","floor":12,"turns":3},{"damage":11,"enemies":"Lots of Slimes","floor":13,"turns":4},{"damage":4,"enemies":"2 Fungi Beasts","floor":14,"turns":3},{"damage":32,"enemies":"Hexaghost","floor":16,"turns":4},{"damage":17,"enemies":"Spheric Guardian","floor":18,"turns":5},{"damage":24,"enemies":"Shell Parasite","floor":19,"turns":3},{"damage":29,"enemies":"Masked Bandits","floor":20,"turns":4},{"damage":13,"enemies":"Centurion and Healer","floor":22,"turns":3},{"damage":18,"enemies":"Sentry and Sphere","floor":27,"turns":5},{"damage":0,"enemies":"Snecko","floor":28,"turns":6},{"damage":21,"enemies":"Slavers","floor":31,"turns":4},{"damage":67,"enemies":"Automaton","floor":33,"turns":8}],"seed_played":"2854955842821722021","potions_obtained":[{"floor":1,"key":"Ancient Potion"},{"floor":8,"key":"Poison Potion"},{"floor":12,"key":"AttackPotion"},{"floor":13,"key":"AttackPotion"},{"floor":19,"key":"FocusPotion"},{"floor":22,"key":"FearPotion"},{"floor":31,"key":"Strength Potion"}],"is_trial":false,"path_per_floor":["?","M","?","?","?","?"],"character_chosen":"DEFECT","items_purchased":["Static Discharge","Self Repair"],"campfire_rested":2,"item_purchase_floors":[2,21],"current_hp_per_floor":[75,75,75,75,75,75,75,72,72,72,72,66,62,65,65,33,75,65,41,19,19,20,42,42,42,42,38,52,52,52,45,67,0],"gold":389,"neow_bonus":"THREE_ENEMY_KILL","is_prod":false,"is_daily":false,"chose_seed":false,"campfire_upgraded":5,"win_rate":0,"timestamp":1548882682,"path_taken":["M","$","?","?","M","R","M","M","T","?","R","E","M","M","R","BOSS","M","M","?","$","M","R","?","R","T","M","M","R","?","E","R","BOSS"],"build_version":"2019-01-23","purchased_purges":1,"victory":false,"max_hp_per_floor":[75,75,75,75,75,75,75,75,75,75,75,75,75,75,75,75,75,75,75,75,75,75,75,75,75,75,75,75,75,75,75,75,75],"card_choices":[{"not_picked":["Reinforced Body","Leap"],"picked":"Double Energy","floor":1},{"not_picked":["Beam Cell","Cold Snap"],"picked":"Steam","floor":4},{"not_picked":["Gash","Chaos"],"picked":"Self Repair","floor":5},{"not_picked":["Scrape","Heatsinks"],"picked":"Capacitor","floor":7},{"not_picked":["Beam Cell","Stack"],"picked":"Storm","floor":8},{"not_picked":["Genetic Algorithm","White Noise"],"picked":"Defragment","floor":12},{"not_picked":["Streamline","Glacier"],"picked":"FTL","floor":13},{"not_picked":["Sweeping Beam","Redo"],"picked":"Fusion","floor":14},{"not_picked":["Reboot","Multi-Cast"],"picked":"Buffer","floor":16},{"not_picked":["Chaos","Compile Driver"],"picked":"Redo","floor":18},{"not_picked":["Gash","Rip and Tear"],"picked":"Stack","floor":19},{"not_picked":["Storm","Capacitor"],"picked":"Chill","floor":20},{"not_picked":["Hologram","Genetic Algorithm"],"picked":"Stack+1","floor":22},{"not_picked":["Skim","Meteor Strike"],"picked":"White Noise","floor":27},{"not_picked":["Genetic Algorithm","Beam Cell"],"picked":"Redo+1","floor":28},{"not_picked":["Redo","Stack"],"picked":"Turbo+1","floor":31}],"player_experience":48807,"relics_obtained":[{"floor":9,"key":"War Paint"},{"floor":12,"key":"Lantern"},{"floor":20,"key":"Red Mask"},{"floor":26,"key":"Bag of Marbles"},{"floor":31,"key":"Orichalcum"},{"floor":31,"key":"Molten Egg 2"}],"event_choices":[{"damage_healed":0,"gold_gain":0,"player_choice":"Upgraded","damage_taken":0,"max_hp_gain":0,"max_hp_loss":0,"event_name":"Upgrade Shrine","floor":3,"gold_loss":0,"cards_upgraded":["Static Discharge"]},{"damage_healed":0,"gold_gain":0,"player_choice":"1 cards matched","damage_taken":0,"max_hp_gain":0,"max_hp_loss":0,"event_name":"Match and Keep!","floor":10,"gold_loss":0,"cards_obtained":["All For One"]},{"damage_healed":0,"gold_gain":0,"player_choice":"Fought Bandits","damage_taken":0,"max_hp_gain":0,"max_hp_loss":0,"event_name":"Masked Bandits","floor":20,"gold_loss":0},{"damage_healed":0,"gold_gain":0,"player_choice":"Opened","damage_taken":0,"relics_obtained":["Bronze Scales"],"max_hp_gain":0,"max_hp_loss":0,"event_name":"The Mausoleum","floor":24,"gold_loss":0},{"damage_healed":0,"gold_gain":99,"player_choice":"Stole From Cult","damage_taken":0,"max_hp_gain":0,"max_hp_loss":0,"event_name":"Nest","floor":30,"gold_loss":0}],"is_beta":false,"boss_relics":[{"not_picked":["Calling Bell","Snecko Eye"],"picked":"Black Star"}],"items_purged_floors":[21],"is_endless":false,"potions_floor_spawned":[1,8,12,13,14,19,22,28,31],"killed_by":"Automaton","ascension_level":1}