{"gold_per_floor":[111,111,111,63,74,74,74,0,26,26,40,54,2,34,34,107,107,118,2,2,16,16,16,42,42,94,94,94,110,120,132,132,205,205,221,53,69,69,69,69,100,100,100,120,136,82,82,82,82,82],"floor_reached":50,"playtime":1546,"items_purged":["Strike_G"],"score":926,"play_id":"04afdc9e-ef34-4cce-929e-72fbabb6889d","local_time":"20181218223037","is_ascension_mode":true,"campfire_choices":[{"data":"Neutralize","floor":6,"key":"SMITH"},{"data":"Infinite Blades","floor":15,"key":"SMITH"},{"floor":23,"key":"REST"},{"data":"Choke","floor":25,"key":"SMITH"},{"data":"Poisoned Stab","floor":27,"key":"SMITH"},{"floor":32,"key":"REST"},{"floor":40,"key":"REST"},{"data":"Distraction","floor":42,"key":"SMITH"},{"data":"Defend_G+1","floor":47,"key":"PURGE"},{"data":"Strike_G+1","floor":49,"key":"PURGE"}],"neow_cost":"TEN_PERCENT_HP_LOSS","seed_source_timestamp":14400781463583,"circlet_count":0,"master_deck":["AscendersBane","Defend_G+1","Defend_G+1","Defend_G+1","Strike_G+1","Survivor+1","Neutralize+1","Dagger Throw+1","Backflip+1","Dagger Throw+1","Deflect+1","After Image+1","Backstab+1","Dagger Throw+1","Infinite Blades+1","Adrenaline+1","Terror+1","Choke+1","Infinite Blades+1","Poisoned Stab+1","Necronomicurse","Deflect+1","Flying Knee+1","Adrenaline+1","Swift Strike+1","Prepared+1","Distraction+1","Prepared","Phantasmal Killer"],"relics":["Ring of the Snake","Nunchaku","Blood Vial","Bag of Preparation","Kunai","Runic Pyramid","MutagenicStrength","Bronze Scales","Orichalcum","Necronomicon","Runic Dome","Mark of the Bloom","Bottled Flame","Peace Pipe"],"potions_floor_usage":[24,33,50,50],"damage_taken":[{"damage":0,"enemies":"Jaw Worm","floor":1,"turns":5},{"damage":1,"enemies":"2 Louse","floor":5,"turns":3},{"damage":0,"enemies":"Small Slimes","floor":11,"turns":4},{"damage":3,"enemies":"3 Louse","floor":12,"turns":3},{"damage":0,"enemies":"Gremlin Nob","floor":14,"turns":5},{"damage":0,"enemies":"The Guardian","floor":16,"turns":15},{"damage":12,"enemies":"3 Byrds","floor":18,"turns":6},{"damage":0,"enemies":"Spheric Guardian","floor":21,"turns":4},{"damage":15,"enemies":"Slavers","floor":24,"turns":7},{"damage":0,"enemies":"Cultist and Chosen","floor":29,"turns":4},{"damage":0,"enemies":"Centurion and Healer","floor":30,"turns":4},{"damage":18,"enemies":"Sentry and Sphere","floor":31,"turns":5},{"damage":31,"enemies":"Automaton","floor":33,"turns":10},{"damage":2,"enemies":"3 Shapes","floor":35,"turns":2},{"damage":13,"enemies":"3 Darklings","floor":37,"turns":4},{"damage":2,"enemies":"Reptomancer","floor":41,"turns":6},{"damage":0,"enemies":"Transient","floor":44,"turns":5},{"damage":6,"enemies":"Sphere and 2 Shapes","floor":45,"turns":4},{"damage":38,"enemies":"Awakened One","floor":50,"turns":5}],"seed_played":"-2146220378790616875","potions_obtained":[{"floor":1,"key":"Dexterity Potion"},{"floor":5,"key":"Explosive Potion"},{"floor":29,"key":"PowerPotion"},{"floor":33,"key":"Energy Potion"},{"floor":37,"key":"PowerPotion"}],"is_trial":false,"path_per_floor":["M","?","?","?","M","R","?","$","T","$","M","M","$","E","R","B",null,"M","$","?","M","?","R","E","R","T","R","?","M","M","M","R","B",null,"M","$","M","?","?","R","E","R","T","M","M","$","R","?","R","B"],"character_chosen":"THE_SILENT","items_purchased":["Dagger Throw","Deflect","Dagger Throw","Choke","Infinite Blades","Swift Strike","Prepared"],"campfire_rested":3,"item_purchase_floors":[8,8,13,19,19,36,46],"current_hp_per_floor":[63,60,53,53,54,54,41,41,41,41,43,42,42,44,44,46,59,49,49,49,51,40,60,47,47,47,47,31,33,35,19,39,10,54,54,54,43,43,43,43,41,41,41,41,35,35,35,35,35,0],"gold":82,"neow_bonus":"ONE_RARE_RELIC","is_prod":false,"is_daily":false,"chose_seed":false,"campfire_upgraded":5,"win_rate":0,"timestamp":1545172237,"path_taken":["M","?","?","?","M","R","?","$","T","$","M","M","?","E","R","BOSS","M","$","?","M","?","R","E","R","T","R","?","?","M","M","R","BOSS","M","$","M","?","?","R","E","R","T","?","M","?","R","?","R","BOSS"],"build_version":"2018-12-13","purchased_purges":1,"victory":false,"max_hp_per_floor":[63,63,63,63,63,63,63,63,63,63,63,63,63,63,63,63,63,63,63,63,63,68,68,68,68,68,68,68,68,68,68,68,68,68,68,68,68,68,68,68,68,68,68,68,68,68,68,68,68,68],"card_choices":[{"not_picked":["Backflip","Concentrate"],"picked":"Dagger Throw","floor":1},{"not_picked":["Deflect","Prepared"],"picked":"Backflip","floor":5},{"not_picked":["Cloak And Dagger","Quick Slash"],"picked":"After Image","floor":11},{"not_picked":["Blade Dance","Prepared"],"picked":"Backstab","floor":12},{"not_picked":["Reflex","A Thousand Cuts"],"picked":"Infinite Blades","floor":14},{"not_picked":["Grand Finale","Tools of the Trade"],"picked":"Adrenaline","floor":16},{"not_picked":["Expertise","Distraction"],"picked":"Terror","floor":18},{"not_picked":["Cloak And Dagger","Accuracy"],"picked":"Poisoned Stab","floor":21},{"not_picked":["Quick Slash","Eviscerate","Acrobatics"],"picked":"SKIP","floor":24},{"not_picked":["Cloak And Dagger","Underhanded Strike","Dodge and Roll"],"picked":"SKIP","floor":29},{"not_picked":["Outmaneuver","Slice"],"picked":"Deflect","floor":30},{"not_picked":["Dodge and Roll+1","Cloak And Dagger","Flying Knee"],"picked":"SKIP","floor":31},{"not_picked":["Dodge and Roll+1","Cloak And Dagger"],"picked":"Flying Knee","floor":31},{"not_picked":["Corpse Explosion","Tools of the Trade"],"picked":"Adrenaline","floor":33},{"not_picked":["Riddle With Holes","Infinite Blades","Acrobatics"],"picked":"SKIP","floor":35},{"not_picked":["Flying Knee","Deflect"],"picked":"Prepared+1","floor":37},{"not_picked":["Burst","Infinite Blades"],"picked":"Distraction","floor":41},{"not_picked":["Dodge and Roll","Bane+1","Underhanded Strike"],"picked":"SKIP","floor":44},{"not_picked":["Flying Knee","Terror","Tools of the Trade"],"picked":"SKIP","floor":45}],"player_experience":283112,"relics_obtained":[{"floor":9,"key":"Bag of Preparation"},{"floor":14,"key":"Kunai"},{"floor":24,"key":"Bronze Scales"},{"floor":26,"key":"Orichalcum"},{"floor":28,"key":"Necronomicon"},{"floor":41,"key":"Bottled Flame"},{"floor":43,"key":"Peace Pipe"}],"event_choices":[{"damage_healed":0,"gold_gain":0,"player_choice":"Success","damage_taken":3,"relics_obtained":["Blood Vial"],"max_hp_gain":0,"max_hp_loss":0,"event_name":"Scrap Ooze","floor":2,"gold_loss":0},{"cards_removed":["Strike_G"],"damage_healed":0,"gold_gain":0,"player_choice":"Card Removal","damage_taken":7,"max_hp_gain":0,"max_hp_loss":0,"event_name":"Golden Wing","floor":3,"gold_loss":0},{"damage_healed":0,"gold_gain":0,"player_choice":"Left Gold","damage_taken":0,"max_hp_gain":0,"max_hp_loss":0,"event_name":"World of Goop","floor":4,"gold_loss":48},{"damage_healed":0,"gold_gain":0,"player_choice":"Entered Light","damage_taken":13,"max_hp_gain":0,"max_hp_loss":0,"event_name":"Shining Light","floor":7,"gold_loss":0,"cards_upgraded":["Survivor","Defend_G"]},{"damage_healed":0,"gold_gain":0,"player_choice":"Inject Mutagens","damage_taken":0,"relics_obtained":["MutagenicStrength"],"max_hp_gain":0,"max_hp_loss":0,"event_name":"Drug Dealer","floor":20,"gold_loss":0},{"damage_healed":0,"gold_gain":0,"player_choice":"Shed Blood","damage_taken":16,"max_hp_gain":5,"max_hp_loss":0,"event_name":"Forgotten Altar","floor":22,"gold_loss":0},{"damage_healed":0,"gold_gain":0,"player_choice":"Obtained Book","damage_taken":16,"max_hp_gain":0,"max_hp_loss":0,"event_name":"Cursed Tome","floor":28,"gold_loss":0},{"damage_healed":0,"gold_gain":0,"player_choice":"Upgrade","damage_taken":0,"relics_obtained":["Mark of the Bloom"],"max_hp_gain":0,"max_hp_loss":0,"event_name":"MindBloom","floor":38,"gold_loss":0,"cards_upgraded":["Defend_G","Defend_G","Defend_G","Defend_G","Strike_G","Strike_G","Strike_G","Dagger Throw","Backflip","Dagger Throw","Deflect","After Image","Backstab","Dagger Throw","Adrenaline","Terror","Infinite Blades","Deflect","Flying Knee","Adrenaline","Swift Strike"]},{"cards_removed":["Defend_G"],"damage_healed":0,"gold_gain":0,"player_choice":"Purged","damage_taken":0,"max_hp_gain":0,"max_hp_loss":0,"event_name":"Purifier","floor":39,"gold_loss":0},{"damage_healed":0,"gold_gain":0,"cards_transformed":["Strike_G"],"player_choice":"Transformed","damage_taken":0,"max_hp_gain":0,"max_hp_loss":0,"event_name":"Transmorgrifier","floor":48,"gold_loss":0,"cards_obtained":["Phantasmal Killer"]}],"is_beta":false,"boss_relics":[{"not_picked":["Lizard Tail","Busted Crown"],"picked":"Runic Pyramid"},{"not_picked":["Snecko Eye","Fusion Hammer"],"picked":"Runic Dome"}],"items_purged_floors":[36],"is_endless":false,"potions_floor_spawned":[1,5,14,18,29,33,37,44],"killed_by":"Awakened One","ascension_level":13}