{"gold_per_floor":[111,129,139,153,303,303,338,338,338,351,351,351,41,59,59,59],"floor_reached":16,"playtime":751,"items_purged":["Doubt"],"score":189,"play_id":"e98a8bdf-ccbf-45bc-8426-f5a80af04ac8","local_time":"20190119141929","is_ascension_mode":true,"campfire_choices":[{"data":"Armaments","floor":6,"key":"SMITH"},{"data":"Offering","floor":8,"key":"SMITH"},{"data":"Shockwave","floor":15,"key":"SMITH"}],"neow_cost":"NONE","seed_source_timestamp":765864747157306,"circlet_count":0,"master_deck":["AscendersBane","Strike_R","Strike_R","Strike_R","Strike_R","Strike_R","Defend_R","Defend_R","Defend_R","Defend_R","Bash","Flame Barrier","Armaments+1","Shrug It Off","Offering+1","Shockwave+1","Inflame+1","Bandage Up","Shrug It Off"],"relics":["Burning Blood","PreservedInsect","Sundial","Frozen Egg 2","Dodecahedron"],"potions_floor_usage":[7,7,10,16],"damage_taken":[{"damage":13,"enemies":"Cultist","floor":1,"turns":5},{"damage":0,"enemies":"2 Louse","floor":2,"turns":3},{"damage":9,"enemies":"Jaw Worm","floor":3,"turns":6},{"damage":8,"enemies":"3 Louse","floor":4,"turns":5},{"damage":39,"enemies":"Gremlin Nob","floor":7,"turns":5},{"damage":15,"enemies":"Looter","floor":10,"turns":5},{"damage":15,"enemies":"Blue Slaver","floor":14,"turns":3},{"damage":30,"enemies":"Slime Boss","floor":16,"turns":8}],"seed_played":"-8961435596708641415","potions_obtained":[{"floor":2,"key":"PowerPotion"},{"floor":4,"key":"Ancient Potion"},{"floor":7,"key":"BloodPotion"},{"floor":14,"key":"Weak Potion"}],"is_trial":false,"path_per_floor":["M","M","M","M","?","R","E","R","T","M","?","?","$","M","R","B"],"character_chosen":"IRONCLAD","items_purchased":["Inflame+1","Bandage Up","Shrug It Off"],"campfire_rested":0,"item_purchase_floors":[13,13,13],"current_hp_per_floor":[61,67,64,62,62,62,29,29,29,27,1,26,26,23,23,0],"gold":59,"neow_bonus":"RANDOM_COMMON_RELIC","is_prod":false,"is_daily":false,"chose_seed":false,"campfire_upgraded":3,"win_rate":0,"timestamp":1547936369,"path_taken":["M","M","?","M","?","R","E","R","T","M","?","?","$","M","R","BOSS"],"build_version":"2019-01-17v2","purchased_purges":1,"victory":false,"max_hp_per_floor":[75,75,75,75,75,75,75,75,75,75,75,75,75,75,75,75],"card_choices":[{"not_picked":["True Grit","Fire Breathing"],"picked":"Flame Barrier","floor":1},{"not_picked":["Flex","Entrench"],"picked":"Armaments","floor":2},{"not_picked":["Flex","Iron Wave"],"picked":"Shrug It Off","floor":3},{"not_picked":["Headbutt","Perfected Strike","Seeing Red"],"picked":"SKIP","floor":4},{"not_picked":["Heavy Blade","Perfected Strike"],"picked":"Offering","floor":7},{"not_picked":["Clothesline","Headbutt"],"picked":"Shockwave","floor":10},{"not_picked":["Searing Blow","Heavy Blade","Power Through"],"picked":"SKIP","floor":14}],"player_experience":400515,"relics_obtained":[{"floor":7,"key":"Sundial"},{"floor":9,"key":"Frozen Egg 2"}],"event_choices":[{"damage_healed":0,"gold_gain":150,"player_choice":"AGREE","damage_taken":0,"max_hp_gain":0,"max_hp_loss":0,"event_name":"Liars Game","floor":5,"gold_loss":0,"cards_obtained":["Doubt"]},{"damage_healed":0,"gold_gain":0,"player_choice":"Success","damage_taken":26,"relics_obtained":["Dodecahedron"],"max_hp_gain":0,"max_hp_loss":0,"event_name":"Scrap Ooze","floor":11,"gold_loss":0},{"damage_healed":25,"gold_gain":0,"player_choice":"Banana","damage_taken":0,"max_hp_gain":0,"max_hp_loss":0,"event_name":"Big Fish","floor":12,"gold_loss":0}],"is_beta":false,"boss_relics":[],"items_purged_floors":[13],"is_endless":false,"potions_floor_spawned":[2,4,7,14],"killed_by":"Slime Boss","ascension_level":17}