{"gold_per_floor":[115,115,130,149,162,162,195,212,239,44,64,64,64,74,74,173,223,236,86,19,37,50,50,79,79,103,115,127,139],"floor_reached":29,"playtime":3116,"items_purged":["Strike_R","Strike_R"],"score":270,"play_id":"9667293f-8594-4889-9a9f-e4cfd822e012","local_time":"20190130034216","is_ascension_mode":false,"campfire_choices":[{"data":"Armaments","floor":6,"key":"SMITH"},{"data":"Seeing Red","floor":12,"key":"SMITH"},{"data":"Heavy Blade","floor":15,"key":"SMITH"},{"floor":23,"key":"REST"},{"data":"Seeing Red","floor":25,"key":"SMITH"},{"data":"Ghostly","floor":28,"key":"SMITH"}],"neow_cost":"NONE","seed_source_timestamp":230690453286407,"circlet_count":0,"master_deck":["Strike_R","Strike_R","Strike_R","Defend_R+1","Defend_R","Defend_R","Defend_R","Bash","Pommel Strike+1","Armaments+1","Dual Wield+1","Blood for Blood","Flex","Seeing Red+1","Heavy Blade+1","Offering+1","Demon Form","Flex","Bludgeon+1","Burning Pact","Flex","Burning Pact","Rage","Burning Pact","Seeing Red+1","Ghostly+1","Ghostly","Ghostly","Ghostly","Ghostly"],"relics":["Burning Blood","NeowsBlessing","Meat on the Bone","War Paint","Molten Egg 2","Tiny House","Bag of Marbles","MawBank"],"potions_floor_usage":[7,7,16,24,24,24],"damage_taken":[{"damage":0,"enemies":"2 Louse","floor":1,"turns":1},{"damage":0,"enemies":"Cultist","floor":3,"turns":1},{"damage":0,"enemies":"Jaw Worm","floor":4,"turns":1},{"damage":0,"enemies":"Large Slime","floor":5,"turns":5},{"damage":30,"enemies":"3 Sentries","floor":7,"turns":9},{"damage":14,"enemies":"2 Fungi Beasts","floor":8,"turns":4},{"damage":10,"enemies":"Looter","floor":11,"turns":3},{"damage":0,"enemies":"Large Slime","floor":14,"turns":5},{"damage":37,"enemies":"Hexaghost","floor":16,"turns":6},{"damage":34,"enemies":"3 Byrds","floor":18,"turns":7},{"damage":16,"enemies":"2 Thieves","floor":21,"turns":3},{"damage":7,"enemies":"Centurion and Healer","floor":22,"turns":5},{"damage":38,"enemies":"Book of Stabbing","floor":24,"turns":5},{"damage":3,"enemies":"Colosseum Slavers","floor":29,"turns":6},{"damage":42,"enemies":"Colosseum Nobs","floor":29,"turns":4}],"seed_played":"-288243929432699482","potions_obtained":[{"floor":3,"key":"Swift Potion"},{"floor":4,"key":"SkillPotion"},{"floor":11,"key":"Poison Potion"},{"floor":16,"key":"SpeedPotion"},{"floor":17,"key":"Strength Potion"},{"floor":18,"key":"SkillPotion"},{"floor":21,"key":"Swift Potion"}],"is_trial":false,"path_per_floor":["?","M","$","M","T","$","?","?"],"character_chosen":"IRONCLAD","items_purchased":["Heavy Blade","Offering","Flex","Burning Pact"],"campfire_rested":1,"item_purchase_floors":[10,10,19,20],"current_hp_per_floor":[80,80,80,80,80,80,56,48,48,48,56,56,56,62,62,43,85,57,57,57,59,58,83,51,51,51,42,42,0],"gold":139,"neow_bonus":"THREE_ENEMY_KILL","is_prod":false,"is_daily":false,"chose_seed":false,"campfire_upgraded":5,"win_rate":0.0,"timestamp":1548816136,"path_taken":["M","?","M","M","?","R","E","M","T","?","?","R","?","M","R","BOSS","M","?","$","M","M","R","E","R","T","?","R","?"],"build_version":"2019-01-23","purchased_purges":2,"victory":false,"max_hp_per_floor":[80,80,80,80,80,80,80,80,80,80,80,80,80,80,80,80,85,85,85,85,85,85,85,85,85,85,42,42,42],"card_choices":[{"not_picked":["Cleave","Twin Strike"],"picked":"Pommel Strike","floor":1},{"not_picked":["Iron Wave","Pommel Strike"],"picked":"Armaments","floor":3},{"not_picked":["Entrench","Shrug It Off"],"picked":"Dual Wield","floor":4},{"not_picked":["Clothesline","Twin Strike"],"picked":"Blood for Blood","floor":5},{"not_picked":["Cleave","Shrug It Off"],"picked":"Flex","floor":7},{"not_picked":["Iron Wave","Cleave"],"picked":"Seeing Red","floor":8},{"not_picked":["Twin Strike","Armaments"],"picked":"Demon Form","floor":11},{"not_picked":["Power Through","Spot Weakness"],"picked":"Flex","floor":14},{"not_picked":["Fiend Fire+1","Juggernaut"],"picked":"Bludgeon+1","floor":16},{"not_picked":["Perfected Strike+1","Hemokinesis+1"],"picked":"Burning Pact","floor":17},{"not_picked":["Whirlwind+1","Pommel Strike+1","Shrug It Off"],"picked":"SKIP","floor":18},{"not_picked":["Entrench+1","Shrug It Off"],"picked":"Rage","floor":21},{"not_picked":["Clash+1","Headbutt+1"],"picked":"Burning Pact","floor":22},{"not_picked":["Searing Blow+1","Shrug It Off+1"],"picked":"Seeing Red","floor":24}],"player_experience":14607,"relics_obtained":[{"floor":7,"key":"Meat on the Bone"},{"floor":9,"key":"War Paint"},{"floor":13,"key":"Molten Egg 2"},{"floor":24,"key":"Bag of Marbles"},{"floor":26,"key":"MawBank"}],"event_choices":[{"damage_healed":0,"gold_gain":0,"player_choice":"Forge","damage_taken":0,"max_hp_gain":0,"max_hp_loss":0,"event_name":"Accursed Blacksmith","floor":2,"gold_loss":0,"cards_upgraded":["Pommel Strike"]},{"damage_healed":0,"gold_gain":0,"player_choice":"Became a Ghost","damage_taken":0,"max_hp_gain":0,"max_hp_loss":43,"event_name":"Ghosts","floor":27,"gold_loss":0,"cards_obtained":["Ghostly","Ghostly","Ghostly","Ghostly","Ghostly"]},{"damage_healed":0,"gold_gain":0,"player_choice":"Fight","damage_taken":0,"max_hp_gain":0,"max_hp_loss":0,"event_name":"Colosseum","floor":29,"gold_loss":0},{"damage_healed":0,"gold_gain":0,"player_choice":"Fought Nobs","damage_taken":0,"max_hp_gain":0,"max_hp_loss":0,"event_name":"Colosseum","floor":29,"gold_loss":0}],"is_beta":false,"boss_relics":[{"not_picked":["Busted Crown","Calling Bell"],"picked":"Tiny House"}],"items_purged_floors":[10,19],"is_endless":false,"potions_floor_spawned":[3,4,11,16,18,21],"killed_by":"Colosseum Nobs","ascension_level":0}