{"gold_per_floor":[111,111,134,152,176,176,210,210,210,98,98,141,161,141,141,240,240,261,261,261,48,66,66,66,101,101,101,21,21,46,59,59,59],"floor_reached":33,"playtime":1558,"items_purged":["Injury"],"score":491,"play_id":"bb27907d-d25c-4ac8-9a4f-1628a719d89d","local_time":"20190201014130","is_ascension_mode":true,"campfire_choices":[{"data":"Crippling Poison","floor":6,"key":"SMITH"},{"floor":8,"key":"REST"},{"data":"Noxious Fumes","floor":11,"key":"SMITH"},{"data":"Burst","floor":15,"key":"SMITH"},{"data":"Bouncing Flask","floor":23,"key":"SMITH"},{"data":"Crippling Poison","floor":27,"key":"SMITH"},{"data":"Neutralize","floor":32,"key":"SMITH"}],"neow_cost":"NONE","seed_source_timestamp":1842770855579133,"circlet_count":0,"master_deck":["AscendersBane","Defend_G","Defend_G","Defend_G","Defend_G","Defend_G","Strike_G","Strike_G","Strike_G","Strike_G","Survivor","Neutralize+1","Bouncing Flask+1","Crippling Poison+1","Burst+1","Noxious Fumes+1","After Image","Backflip","Cloak And Dagger","Crippling Poison+1","Blur"],"relics":["Runic Dome","Golden Idol","Juzu Bracelet","Ornamental Fan","Gambling Chip","Busted Crown","Anchor","Ice Cream","Meat on the Bone"],"potions_floor_usage":[12,25,33],"damage_taken":[{"damage":3,"enemies":"Small Slimes","floor":1,"turns":5},{"damage":0,"enemies":"2 Louse","floor":3,"turns":3},{"damage":3,"enemies":"Cultist","floor":4,"turns":4},{"damage":7,"enemies":"Exordium Wildlife","floor":5,"turns":4},{"damage":34,"enemies":"3 Sentries","floor":7,"turns":9},{"damage":8,"enemies":"Gremlin Nob","floor":12,"turns":3},{"damage":2,"enemies":"Red Slaver","floor":13,"turns":2},{"damage":2,"enemies":"The Guardian","floor":16,"turns":8},{"damage":20,"enemies":"3 Byrds","floor":18,"turns":4},{"damage":0,"enemies":"Spheric Guardian","floor":22,"turns":2},{"damage":13,"enemies":"Slavers","floor":25,"turns":5},{"damage":0,"enemies":"Centurion and Healer","floor":30,"turns":5},{"damage":6,"enemies":"Sentry and Sphere","floor":31,"turns":3},{"damage":53,"enemies":"Collector","floor":33,"turns":6}],"seed_played":"-6276075597710899228","potions_obtained":[{"floor":1,"key":"EssenceOfSteel"},{"floor":7,"key":"Fire Potion"},{"floor":13,"key":"Swift Potion"},{"floor":14,"key":"FairyPotion"},{"floor":16,"key":"FearPotion"},{"floor":18,"key":"Fire Potion"}],"is_trial":false,"path_per_floor":["M","?","M","M","M","R","E","R","T","$","R","E","M","?","R","B",null,"M","?","?","$","M","R","?","E","T","R","$","$","M","M","R","B"],"character_chosen":"THE_SILENT","items_purchased":["Noxious Fumes","Anchor","Backflip","Blur"],"campfire_rested":1,"item_purchase_floors":[10,21,21,28],"current_hp_per_floor":[56,56,56,53,46,46,12,31,31,31,31,23,21,21,21,19,54,34,34,34,34,34,34,66,53,53,53,53,53,53,47,47,0],"gold":59,"neow_bonus":"BOSS_RELIC","is_prod":false,"is_daily":false,"chose_seed":false,"campfire_upgraded":6,"win_rate":0,"timestamp":1549014090,"path_taken":["M","?","M","M","M","R","E","R","T","$","R","E","M","?","R","BOSS","M","?","?","$","M","R","?","E","T","R","?","$","M","M","R","BOSS"],"build_version":"2019-01-23","purchased_purges":1,"victory":false,"max_hp_per_floor":[66,66,66,66,66,66,66,66,66,66,66,66,66,66,66,66,66,66,66,66,66,66,66,66,66,66,66,66,66,66,66,66,66],"card_choices":[{"not_picked":["Distraction","Blade Dance"],"picked":"Bouncing Flask","floor":1},{"not_picked":["Expertise","Slice","Quick Slash"],"picked":"SKIP","floor":3},{"not_picked":["PiercingWail","Sucker Punch","Prepared"],"picked":"SKIP","floor":4},{"not_picked":["Distraction","Setup"],"picked":"Crippling Poison","floor":5},{"not_picked":["Slice","Riddle With Holes"],"picked":"Burst","floor":7},{"not_picked":["PiercingWail","Storm of Steel","Dagger Throw"],"picked":"SKIP","floor":12},{"not_picked":["Predator","Reflex","Outmaneuver"],"picked":"SKIP","floor":13},{"not_picked":["Wraith Form v2","Tools of the Trade"],"picked":"After Image","floor":16},{"not_picked":["Blade Dance"],"picked":"SKIP","floor":18},{"not_picked":[],"picked":"Cloak And Dagger","floor":22},{"not_picked":[],"picked":"Crippling Poison","floor":25},{"not_picked":["Setup"],"picked":"SKIP","floor":30},{"not_picked":["Dagger Throw"],"picked":"SKIP","floor":31}],"player_experience":565069,"relics_obtained":[{"floor":7,"key":"Juzu Bracelet"},{"floor":9,"key":"Ornamental Fan"},{"floor":12,"key":"Gambling Chip"},{"floor":25,"key":"Ice Cream"},{"floor":26,"key":"Meat on the Bone"}],"event_choices":[{"damage_healed":0,"gold_gain":0,"player_choice":"Take Wound","damage_taken":0,"relics_obtained":["Golden Idol"],"max_hp_gain":0,"max_hp_loss":0,"event_name":"Golden Idol","floor":2,"gold_loss":0,"cards_obtained":["Injury"]},{"damage_healed":0,"gold_gain":0,"player_choice":"Bought 1 Potion","damage_taken":0,"max_hp_gain":0,"max_hp_loss":0,"event_name":"The Woman in Blue","floor":14,"gold_loss":0},{"damage_healed":0,"gold_gain":0,"player_choice":"Ignored","damage_taken":0,"max_hp_gain":0,"max_hp_loss":0,"event_name":"Ghosts","floor":19,"gold_loss":0},{"damage_healed":0,"gold_gain":0,"cards_transformed":["Strike_G"],"player_choice":"Transformed","damage_taken":0,"max_hp_gain":0,"max_hp_loss":0,"event_name":"Transmorgrifier","floor":20,"gold_loss":0,"cards_obtained":["Heel Hook"]},{"cards_removed":["Heel Hook"],"damage_healed":32,"gold_gain":0,"player_choice":"Offered Uncommon","damage_taken":0,"max_hp_gain":0,"max_hp_loss":0,"event_name":"Bonfire Elementals","floor":24,"gold_loss":0}],"is_beta":false,"boss_relics":[{"not_picked":["Tiny House","Snecko Eye"],"picked":"Busted Crown"}],"items_purged_floors":[10],"is_endless":false,"potions_floor_spawned":[1,7,13,16,18],"killed_by":"Collector","ascension_level":16}