{"gold_per_floor":[115,126,28,128,138,126,126,126,126,126,5,5,18,29,29,133,133,145,160,172,172],"floor_reached":21,"playtime":2093,"items_purged":["Defend_G"],"score":173,"play_id":"d2af1e40-cc07-4faf-91e7-4ffe7f06cea3","local_time":"20190201184058","is_ascension_mode":false,"campfire_choices":[{"data":"Discovery","floor":8,"key":"SMITH"},{"data":"Neutralize","floor":10,"key":"SMITH"},{"data":"Infinite Blades","floor":15,"key":"SMITH"}],"neow_cost":"NONE","seed_source_timestamp":346640531783089,"circlet_count":0,"master_deck":["Defend_G","Defend_G","Defend_G","Strike_G","Strike_G","Strike_G","Strike_G","Survivor","Neutralize+1","Slice","Escape Plan","Discovery+1","Masterful Stab","Blur","Backflip","Sucker Punch","Infinite Blades+1","Corpse Explosion","Bane+1","Backflip","Backstab+1"],"relics":["Empty Cage"],"potions_floor_usage":[14,20,21],"damage_taken":[{"damage":0,"enemies":"Small Slimes","floor":1,"turns":4},{"damage":7,"enemies":"Cultist","floor":2,"turns":5},{"damage":3,"enemies":"Jaw Worm","floor":5,"turns":3},{"damage":7,"enemies":"Exordium Thugs","floor":6,"turns":4},{"damage":2,"enemies":"Blue Slaver","floor":13,"turns":3},{"damage":0,"enemies":"2 Fungi Beasts","floor":14,"turns":2},{"damage":30,"enemies":"The Guardian","floor":16,"turns":15},{"damage":17,"enemies":"Shell Parasite","floor":18,"turns":7},{"damage":12,"enemies":"Spheric Guardian","floor":19,"turns":5},{"damage":32,"enemies":"Centurion and Healer","floor":20,"turns":3},{"damage":14,"enemies":"Shelled Parasite and Fungi","floor":21,"turns":3}],"seed_played":"1083179845158325884","potions_obtained":[{"floor":5,"key":"Poison Potion"},{"floor":6,"key":"Explosive Potion"},{"floor":16,"key":"SkillPotion"}],"is_trial":false,"path_per_floor":["M","M","$","?","M","M","?","R","T","R","$","?","M","M","R","B",null,"M","M","M","M"],"character_chosen":"THE_SILENT","items_purchased":["Discovery","Backflip"],"campfire_rested":0,"item_purchase_floors":[3,11],"current_hp_per_floor":[70,63,63,63,60,53,53,53,53,53,53,53,51,51,51,21,70,53,41,9,0],"gold":172,"neow_bonus":"BOSS_RELIC","is_prod":false,"is_daily":false,"chose_seed":false,"campfire_upgraded":3,"win_rate":0,"timestamp":1549075258,"path_taken":["M","M","$","?","?","M","?","R","T","R","?","?","M","M","R","BOSS","M","M","M","M"],"build_version":"2019-01-23","purchased_purges":1,"victory":false,"max_hp_per_floor":[70,70,70,70,70,70,70,70,70,70,70,70,70,70,70,70,70,70,70,70,70],"card_choices":[{"not_picked":["Underhanded Strike","Backflip"],"picked":"Slice","floor":1},{"not_picked":["Cloak And Dagger","Blade Dance"],"picked":"Escape Plan","floor":2},{"not_picked":["Prepared","Dagger Spray"],"picked":"Masterful Stab","floor":5},{"not_picked":["Acrobatics","Slice"],"picked":"Blur","floor":6},{"not_picked":["Reflex","Cloak And Dagger"],"picked":"Sucker Punch","floor":13},{"not_picked":["Dagger Throw","Blade Dance"],"picked":"Infinite Blades","floor":14},{"not_picked":["Envenom","Tools of the Trade"],"picked":"Corpse Explosion","floor":16},{"not_picked":["Slice","Quick Slash"],"picked":"Bane+1","floor":18},{"not_picked":["Expertise+1","Endless Agony"],"picked":"Backflip","floor":19},{"not_picked":["Slice","Distraction"],"picked":"Backstab+1","floor":20}],"player_experience":387803,"relics_obtained":[],"event_choices":[{"damage_healed":0,"gold_gain":100,"player_choice":"Pray","damage_taken":0,"max_hp_gain":0,"max_hp_loss":0,"event_name":"Golden Shrine","floor":4,"gold_loss":0},{"damage_healed":0,"gold_gain":0,"player_choice":"Ignored","damage_taken":0,"max_hp_gain":0,"max_hp_loss":0,"event_name":"NoteForYourself","floor":7,"gold_loss":0},{"damage_healed":0,"gold_gain":0,"player_choice":"Ignored","damage_taken":0,"max_hp_gain":0,"max_hp_loss":0,"event_name":"Golden Idol","floor":12,"gold_loss":0}],"is_beta":false,"boss_relics":[{"not_picked":["Sozu","HoveringKite","Velvet Choker"]}],"items_purged_floors":[11],"is_endless":false,"potions_floor_spawned":[5,6,16],"killed_by":"Shelled Parasite and Fungi","ascension_level":0}