{"gold_per_floor":[115,135,85,10,21,55,71,96,151,181,209,221,233,245,257,345,357,386,413,340,367,379,391],"floor_reached":23,"playtime":1437,"items_purged":["Strike_G"],"score":444,"play_id":"3b7c44d9-4135-4891-8059-5b80ce822678","local_time":"20190124013642","is_ascension_mode":true,"campfire_choices":[{"floor":13,"key":"REST"},{"data":"Footwork","floor":15,"key":"SMITH"}],"neow_cost":"NONE","seed_source_timestamp":115087686586487,"circlet_count":0,"master_deck":["AscendersBane","Defend_G","Defend_G","Defend_G","Defend_G","Defend_G","Strike_G","Strike_G","Strike_G","Survivor","Neutralize","Crippling Poison","Dagger Throw","Predator","Footwork+1","Choke","Noxious Fumes","Well Laid Plans","PiercingWail","Malaise","Malaise","PiercingWail","Bouncing Flask","Poisoned Stab","Poisoned Stab","Catalyst","Quick Slash","Dagger Spray+1"],"relics":["Runic Dome","Regal Pillow","Bottled Flame","Anchor","MawBank","Orrery","Potion Belt","Mummified Hand"],"potions_floor_usage":[2,6,16,16,21],"damage_taken":[{"damage":2,"enemies":"Cultist","floor":1,"turns":5},{"damage":1,"enemies":"2 Louse","floor":2,"turns":2},{"damage":0,"enemies":"Small Slimes","floor":5,"turns":3},{"damage":21,"enemies":"Lagavulin","floor":6,"turns":7},{"damage":0,"enemies":"Looter","floor":7,"turns":4},{"damage":15,"enemies":"3 Sentries","floor":8,"turns":7},{"damage":30,"enemies":"Gremlin Nob","floor":10,"turns":5},{"damage":0,"enemies":"Blue Slaver","floor":11,"turns":4},{"damage":0,"enemies":"Hexaghost","floor":16,"turns":12},{"damage":14,"enemies":"2 Thieves","floor":18,"turns":4},{"damage":9,"enemies":"Chosen","floor":19,"turns":7},{"damage":28,"enemies":"3 Cultists","floor":21,"turns":6},{"damage":10,"enemies":"Slavers","floor":23,"turns":2}],"seed_played":"-1631623324284269171","potions_obtained":[{"floor":1,"key":"Explosive Potion"},{"floor":5,"key":"FearPotion"},{"floor":8,"key":"FairyPotion"},{"floor":11,"key":"PowerPotion"},{"floor":14,"key":"EssenceOfSteel"},{"floor":14,"key":"EssenceOfSteel"},{"floor":18,"key":"EssenceOfSteel"}],"is_trial":false,"path_per_floor":["M","M","?","$","M","E","M","E","T","E","M","?","R","?","R","B",null,"M","M","?","M","?","E"],"character_chosen":"THE_SILENT","items_purchased":[],"campfire_rested":1,"item_purchase_floors":[],"current_hp_per_floor":[57,56,56,56,56,35,35,20,20,6,6,6,40,40,40,40,60,46,37,37,9,9,0],"gold":391,"neow_bonus":"BOSS_RELIC","is_prod":false,"is_daily":false,"chose_seed":false,"campfire_upgraded":1,"win_rate":0,"timestamp":1548315402,"path_taken":["M","?","?","$","M","E","M","E","T","E","M","?","R","?","R","BOSS","M","?","?","M","?","E"],"build_version":"2019-01-23","purchased_purges":1,"victory":false,"max_hp_per_floor":[66,66,66,66,66,66,66,66,66,66,66,66,66,66,66,66,66,66,66,66,66,66,66],"card_choices":[{"not_picked":["Riddle With Holes","Blade Dance"],"picked":"Crippling Poison","floor":1},{"not_picked":["Cloak And Dagger","Crippling Poison"],"picked":"Dagger Throw","floor":2},{"not_picked":["Bane","Backflip"],"picked":"Predator","floor":5},{"not_picked":["Dodge and Roll","Prepared"],"picked":"Footwork","floor":6},{"not_picked":["Riddle With Holes","Slice"],"picked":"Choke","floor":7},{"not_picked":["Outmaneuver","Deflect"],"picked":"Noxious Fumes","floor":8},{"not_picked":["Riddle With Holes","Caltrops"],"picked":"Well Laid Plans","floor":10},{"not_picked":["Poisoned Stab","Backflip"],"picked":"PiercingWail","floor":11},{"not_picked":["Tools of the Trade","Grand Finale"],"picked":"Malaise","floor":16},{"not_picked":["Bane","PiercingWail"],"picked":"Malaise","floor":17},{"not_picked":["Dagger Throw","Poisoned Stab"],"picked":"PiercingWail","floor":17},{"not_picked":["Cloak And Dagger","Slice"],"picked":"Bouncing Flask","floor":17},{"not_picked":["Underhanded Strike","Predator"],"picked":"Poisoned Stab","floor":17},{"not_picked":["Heel Hook","Concentrate"],"picked":"Poisoned Stab","floor":17},{"not_picked":["Sucker Punch","Expertise"],"picked":"Catalyst","floor":18},{"not_picked":["Concentrate","Outmaneuver+1"],"picked":"Quick Slash","floor":19},{"not_picked":["Cloak And Dagger","Masterful Stab"],"picked":"Dagger Spray+1","floor":21}],"player_experience":541031,"relics_obtained":[{"floor":6,"key":"Regal Pillow"},{"floor":8,"key":"Bottled Flame"},{"floor":9,"key":"Anchor"},{"floor":10,"key":"MawBank"}],"event_choices":[{"cards_removed":["Strike_G"],"damage_healed":0,"gold_gain":0,"player_choice":"Card Removal","damage_taken":0,"max_hp_gain":0,"max_hp_loss":0,"event_name":"The Cleric","floor":3,"gold_loss":50},{"damage_healed":0,"gold_gain":0,"player_choice":"Ignored","damage_taken":0,"max_hp_gain":0,"max_hp_loss":0,"event_name":"Shining Light","floor":12,"gold_loss":0},{"damage_healed":0,"gold_gain":0,"player_choice":"Got Potions","damage_taken":0,"max_hp_gain":0,"max_hp_loss":0,"event_name":"Lab","floor":14,"gold_loss":0},{"damage_healed":0,"gold_gain":0,"player_choice":"Obtained Relic","damage_taken":0,"relics_obtained":["Potion Belt"],"max_hp_gain":0,"max_hp_loss":0,"event_name":"Addict","floor":20,"gold_loss":85},{"damage_healed":0,"gold_gain":0,"player_choice":"Opened","damage_taken":0,"relics_obtained":["Mummified Hand"],"max_hp_gain":0,"max_hp_loss":0,"event_name":"The Mausoleum","floor":22,"gold_loss":0}],"is_beta":false,"boss_relics":[{"not_picked":["White Beast Statue","Philosopher\u0027s Stone"],"picked":"Orrery"}],"items_purged_floors":[4],"is_endless":false,"potions_floor_spawned":[1,5,8,11,18],"killed_by":"Slavers","ascension_level":14}