{"gold_per_floor":[112,187,204,220,220,220,255,430,457,110,140,195,195,195,195,195],"floor_reached":16,"playtime":375,"items_purged":[],"score":135,"play_id":"a9d4b695-18cb-4da3-81ea-e93527071ce0","local_time":"20190204155232","is_ascension_mode":true,"campfire_choices":[{"data":"Footwork","floor":6,"key":"SMITH"},{"floor":15,"key":"REST"}],"neow_cost":"PERCENT_DAMAGE","seed_source_timestamp":2036308856047745,"circlet_count":0,"master_deck":["Defend_G","Defend_G","Defend_G","Defend_G","Defend_G","Strike_G","Strike_G","Strike_G","Strike_G","Strike_G","Survivor","Neutralize","Footwork+1","Escape Plan","A Thousand Cuts","Deflect","Backstab"],"relics":["Ring of the Snake","Mango","Bag of Marbles","Regal Pillow","Matryoshka","Darkstone Periapt","Pear"],"potions_floor_usage":[7,7],"damage_taken":[{"damage":1,"enemies":"2 Louse","floor":1,"turns":4},{"damage":1,"enemies":"Small Slimes","floor":3,"turns":6},{"damage":0,"enemies":"Jaw Worm","floor":4,"turns":8},{"damage":44,"enemies":"Gremlin Nob","floor":7,"turns":6},{"damage":91,"enemies":"Hexaghost","floor":16,"turns":16}],"seed_played":"-8938899967206115309","potions_obtained":[{"floor":1,"key":"Fire Potion"},{"floor":4,"key":"Swift Potion"}],"is_trial":false,"path_per_floor":["M","?","M","M","?","R","E","?","T","$","?","?","T","?","R","B"],"character_chosen":"THE_SILENT","items_purchased":["Deflect","Backstab","Matryoshka"],"campfire_rested":1,"item_purchase_floors":[10,10,10],"current_hp_per_floor":[62,51,50,50,78,78,34,34,34,34,34,34,44,44,87,0],"gold":195,"neow_bonus":"ONE_RARE_RELIC","is_prod":false,"is_daily":false,"chose_seed":false,"campfire_upgraded":1,"win_rate":0,"timestamp":1549317152,"path_taken":["M","?","M","M","?","R","E","?","T","$","?","?","?","?","R","BOSS"],"build_version":"2019-01-23","purchased_purges":0,"victory":false,"max_hp_per_floor":[84,84,84,84,84,84,84,84,84,84,84,84,94,94,94,94],"card_choices":[{"not_picked":["Riddle With Holes","Blur"],"picked":"Footwork","floor":1},{"not_picked":["Bane","Eviscerate","Prepared"],"picked":"SKIP","floor":3},{"not_picked":["Concentrate","Flying Knee"],"picked":"Escape Plan","floor":4},{"not_picked":["Flying Knee","Dagger Spray"],"picked":"A Thousand Cuts","floor":7}],"player_experience":79857,"relics_obtained":[{"floor":7,"key":"Bag of Marbles"},{"floor":9,"key":"Regal Pillow"},{"floor":13,"key":"Darkstone Periapt"},{"floor":13,"key":"Pear"}],"event_choices":[{"damage_healed":0,"gold_gain":75,"player_choice":"Gather Gold","damage_taken":11,"max_hp_gain":0,"max_hp_loss":0,"event_name":"World of Goop","floor":2,"gold_loss":0},{"damage_healed":28,"gold_gain":0,"player_choice":"Banana","damage_taken":0,"max_hp_gain":0,"max_hp_loss":0,"event_name":"Big Fish","floor":5,"gold_loss":0},{"damage_healed":0,"gold_gain":175,"player_choice":"AGREE","damage_taken":0,"max_hp_gain":0,"max_hp_loss":0,"event_name":"Liars Game","floor":8,"gold_loss":0,"cards_obtained":["Doubt"]},{"damage_healed":0,"gold_gain":30,"player_choice":"Searched \u00271\u0027 times","damage_taken":0,"max_hp_gain":0,"max_hp_loss":0,"event_name":"Dead Adventurer","floor":11,"gold_loss":0},{"damage_healed":0,"gold_gain":55,"player_choice":"Gained Gold","damage_taken":0,"max_hp_gain":0,"max_hp_loss":0,"event_name":"Golden Wing","floor":12,"gold_loss":0},{"cards_removed":["Doubt"],"damage_healed":0,"gold_gain":0,"player_choice":"Forget","damage_taken":0,"max_hp_gain":0,"max_hp_loss":0,"event_name":"Living Wall","floor":14,"gold_loss":0}],"is_beta":true,"boss_relics":[],"items_purged_floors":[],"is_endless":false,"potions_floor_spawned":[1,4],"killed_by":"Hexaghost","ascension_level":3}