{"gold_per_floor":[109,128,147,1,13,28,28,28,28,2,21,39,39,54,54,54],"floor_reached":16,"playtime":1843,"items_purged":[],"score":96,"play_id":"6ef2dea4-d4c0-4be8-b00b-12af25b34836","local_time":"20190129215037","is_ascension_mode":false,"campfire_choices":[{"data":"Corruption","floor":7,"key":"SMITH"},{"data":"Dark Embrace","floor":13,"key":"SMITH"},{"floor":15,"key":"REST"}],"neow_cost":"","seed_source_timestamp":0,"circlet_count":0,"master_deck":["Strike_R","Strike_R","Strike_R","Strike_R","Strike_R","Defend_R","Defend_R","Defend_R","Bash","Perfected Strike","Clothesline","Cleave","Bludgeon","Corruption+1","Bloodletting","Twin Strike","Perfected Strike","Warcry","Dark Embrace+1","Battle Trance"],"special_seed":0,"relics":["Burning Blood","Darkstone Periapt"],"potions_floor_usage":[16,16],"damage_taken":[{"damage":10.0,"enemies":"Cultist","floor":1.0,"turns":4.0},{"damage":6.0,"enemies":"Jaw Worm","floor":2.0,"turns":4.0},{"damage":2,"enemies":"2 Louse","floor":3,"turns":3},{"damage":15,"enemies":"Looter","floor":5,"turns":3},{"damage":17,"enemies":"Blue Slaver","floor":6,"turns":3},{"damage":8,"enemies":"Gremlin Gang","floor":11,"turns":2},{"damage":0,"enemies":"Large Slime","floor":12,"turns":4},{"damage":16,"enemies":"3 Louse","floor":14,"turns":3},{"damage":80,"enemies":"The Guardian","floor":16,"turns":9}],"seed_played":"-2200649840394292299","potions_obtained":[{"floor":3,"key":"Block Potion"},{"floor":5,"key":"SpeedPotion"},{"floor":11,"key":"Block Potion"}],"is_trial":false,"path_per_floor":["M","?","$"],"character_chosen":"IRONCLAD","items_purchased":["Bludgeon","Corruption","Perfected Strike"],"campfire_rested":1,"item_purchase_floors":[4,4,10],"current_hp_per_floor":[76,76,80,80,71,60,60,60,60,60,58,64,64,54,78,0],"gold":54,"neow_bonus":"","is_prod":false,"is_daily":false,"chose_seed":false,"campfire_upgraded":2,"win_rate":0.0,"timestamp":1548795037,"path_taken":["M","M","?","$","M","M","R","?","T","?","M","M","R","M","R","BOSS"],"build_version":"2019-01-23","purchased_purges":0,"victory":false,"max_hp_per_floor":[80,80,80,80,80,80,80,80,80,80,80,80,80,80,80,80],"card_choices":[{"not_picked":["Anger","Twin Strike"],"picked":"Perfected Strike","floor":1.0},{"not_picked":["Anger","Power Through"],"picked":"Clothesline","floor":2.0},{"not_picked":["Uppercut","Thunderclap"],"picked":"Cleave","floor":3},{"not_picked":["Rupture","Flex"],"picked":"Bloodletting","floor":5},{"not_picked":["Flex","Sword Boomerang","Cleave"],"picked":"SKIP","floor":6},{"not_picked":["Iron Wave","True Grit"],"picked":"Warcry","floor":11},{"not_picked":["Metallicize","Rage"],"picked":"Dark Embrace","floor":12},{"not_picked":["Cleave","Iron Wave"],"picked":"Battle Trance","floor":14}],"player_experience":0,"relics_obtained":[{"floor":9,"key":"Darkstone Periapt"}],"event_choices":[{"damage_healed":0,"gold_gain":0,"cards_transformed":["Defend_R"],"player_choice":"Transformed","damage_taken":0,"max_hp_gain":0,"max_hp_loss":0,"event_name":"Transmorgrifier","floor":8,"gold_loss":0,"cards_obtained":["Twin Strike"]}],"is_beta":false,"boss_relics":[],"items_purged_floors":[],"is_endless":false,"potions_floor_spawned":[3,5,11,12],"killed_by":"The Guardian","ascension_level":0}