{"gold_per_floor":[118,6,23,23,98,131,150,165,189,206,206,206,219,236,236,236],"floor_reached":16,"playtime":1247,"items_purged":[],"score":120,"play_id":"5fdd5f6a-0218-4ac9-a917-36dded7ff992","local_time":"20190203114330","is_ascension_mode":true,"campfire_choices":[{"floor":12,"key":"REST"},{"floor":15,"key":"REST"}],"neow_cost":"NONE","seed_source_timestamp":119587353810105,"circlet_count":0,"master_deck":["Defend_G","Defend_G","Defend_G","Defend_G","Defend_G","Strike_G","Strike_G","Strike_G","Strike_G","Strike_G","Survivor","Neutralize","Deflect","Blur","Caltrops","Escape Plan","Regret","Noxious Fumes","PiercingWail","Dodge and Roll","Terror","Backflip"],"relics":["Ring of the Snake","Orichalcum","Anchor","Lantern"],"potions_floor_usage":[6,11,11,14],"damage_taken":[{"damage":0,"enemies":"2 Louse","floor":1,"turns":4},{"damage":0,"enemies":"Small Slimes","floor":3,"turns":3},{"damage":42,"enemies":"3 Sentries","floor":6,"turns":10},{"damage":4,"enemies":"Cultist","floor":7,"turns":5},{"damage":3,"enemies":"Exordium Thugs","floor":8,"turns":6},{"damage":9,"enemies":"Large Slime","floor":10,"turns":9},{"damage":11,"enemies":"Lagavulin","floor":11,"turns":5},{"damage":3,"enemies":"Blue Slaver","floor":13,"turns":4},{"damage":1,"enemies":"Lots of Slimes","floor":14,"turns":4},{"damage":43,"enemies":"Hexaghost","floor":16,"turns":12}],"seed_played":"-3110220482943622153","potions_obtained":[{"floor":3,"key":"Strength Potion"},{"floor":6,"key":"SmokeBomb"},{"floor":8,"key":"Poison Potion"},{"floor":13,"key":"EssenceOfSteel"}],"is_trial":false,"path_per_floor":["M","$","M","?","?","E","M","M","T","M","E","R","M","M","R","B"],"character_chosen":"THE_SILENT","items_purchased":["Blur","Caltrops"],"campfire_rested":2,"item_purchase_floors":[2,2],"current_hp_per_floor":[77,77,77,77,70,28,24,21,21,12,1,24,21,20,43,0],"gold":236,"neow_bonus":"TEN_PERCENT_HP_BONUS","is_prod":false,"is_daily":false,"chose_seed":false,"campfire_upgraded":0,"win_rate":0,"timestamp":1549223010,"path_taken":["M","$","M","?","?","E","M","M","T","M","E","R","M","?","R","BOSS"],"build_version":"2019-01-23","purchased_purges":0,"victory":false,"max_hp_per_floor":[77,77,77,77,77,77,77,77,77,77,77,77,77,77,77,77],"card_choices":[{"not_picked":["Poisoned Stab","Reflex"],"picked":"Deflect","floor":1},{"not_picked":["Dagger Throw","Slice"],"picked":"Escape Plan","floor":3},{"not_picked":["Calculated Gamble","Endless Agony"],"picked":"Noxious Fumes","floor":6},{"not_picked":["Dagger Throw","Dagger Spray"],"picked":"PiercingWail","floor":7},{"not_picked":["Acrobatics","Blade Dance"],"picked":"Dodge and Roll","floor":8},{"not_picked":["Flechettes","Endless Agony"],"picked":"Terror","floor":10},{"not_picked":["Terror","Eviscerate"],"picked":"Backflip","floor":13},{"not_picked":["Sucker Punch","Blade Dance","Bouncing Flask"],"picked":"SKIP","floor":14}],"player_experience":253650,"relics_obtained":[{"floor":6,"key":"Anchor"},{"floor":9,"key":"Lantern"}],"event_choices":[{"damage_healed":0,"gold_gain":0,"player_choice":"Box","damage_taken":0,"relics_obtained":["Orichalcum"],"max_hp_gain":0,"max_hp_loss":0,"event_name":"Big Fish","floor":4,"gold_loss":0,"cards_obtained":["Regret"]},{"damage_healed":0,"gold_gain":75,"player_choice":"Touch","damage_taken":7,"max_hp_gain":0,"max_hp_loss":0,"event_name":"FaceTrader","floor":5,"gold_loss":0}],"is_beta":false,"boss_relics":[],"items_purged_floors":[],"is_endless":false,"potions_floor_spawned":[3,6,8,13],"killed_by":"Hexaghost","ascension_level":1}