{"gold_per_floor":[363,363,378,398,473,473,485,485,510,510,528,528,528,551,551,672,672,692,617,179,179,203,203,203,32,56,104,116,169,205,241,253,265],"floor_reached":33,"playtime":3174,"items_purged":["Strike_R"],"score":355,"play_id":"a42b3337-b0a0-4001-86a3-a9aadedca7df","local_time":"20180819031723","is_ascension_mode":true,"campfire_choices":[{"data":"Fire Breathing","floor":6,"key":"SMITH"},{"data":"Havoc","floor":10,"key":"SMITH"},{"floor":13,"key":"REST"},{"floor":15,"key":"REST"},{"data":"Demon Form","floor":24,"key":"SMITH"},{"data":"Double Tap","floor":28,"key":"SMITH"},{"data":"Ghostly","floor":32,"key":"SMITH"}],"neow_cost":"PERCENT_DAMAGE","seed_source_timestamp":1135074635667582,"circlet_count":0,"master_deck":["Strike_R+1","Strike_R","Strike_R","Strike_R","Defend_R+1","Defend_R","Defend_R+1","Bash","Fire Breathing+1","Havoc+1","Shrug It Off","Headbutt","Twin Strike","Inflame","Demon Form+1","Cleave+1","Immolate","Double Tap+1","Writhe","Twin Strike+1","Ghostly","Ghostly","Ghostly+1","Ghostly","Ghostly+1","Finesse","True Grit+1","Double Tap","Iron Wave","Flame Barrier"],"relics":["Burning Blood","Golden Idol","Bag of Marbles","Runic Dome","HandDrill","Blood Vial","MawBank","Potion Belt","War Paint"],"potions_floor_usage":[11,16,16,16,18,33],"damage_taken":[{"damage":8,"enemies":"Jaw Worm","floor":1,"turns":4},{"damage":1,"enemies":"2 Louse","floor":3,"turns":5},{"damage":7,"enemies":"Small Slimes","floor":4,"turns":3},{"damage":1,"enemies":"Looter","floor":7,"turns":4},{"damage":33,"enemies":"Gremlin Gang","floor":11,"turns":5},{"damage":5,"enemies":"Blue Slaver","floor":14,"turns":3},{"damage":45,"enemies":"The Guardian","floor":16,"turns":8},{"damage":15,"enemies":"Chosen","floor":18,"turns":5},{"damage":27,"enemies":"3 Byrds","floor":22,"turns":4},{"damage":12,"enemies":"Slavers","floor":27,"turns":4},{"damage":29,"enemies":"Book of Stabbing","floor":29,"turns":5},{"damage":2,"enemies":"Cultist and Chosen","floor":30,"turns":7},{"damage":2,"enemies":"Shelled Parasite and Fungi","floor":31,"turns":4},{"damage":24,"enemies":"Automaton","floor":33,"turns":2}],"seed_played":"-9069709054966647519","potions_obtained":[{"floor":3,"key":"Weak Potion"},{"floor":4,"key":"Poison Potion"},{"floor":7,"key":"SkillPotion"},{"floor":11,"key":"Block Potion"},{"floor":16,"key":"Swift Potion"},{"floor":27,"key":"SpeedPotion"},{"floor":31,"key":"PowerPotion"}],"is_trial":false,"path_per_floor":["M","?","M","M","?","R","M","?","T","R","M","?","R","M","R","B",null,"M","?","$","?","M","?","R","$","T","E","R","E","M","M","R"],"character_chosen":"IRONCLAD","items_purchased":["Immolate","HandDrill","Double Tap","Finesse"],"campfire_rested":2,"item_purchase_floors":[20,20,20,25],"current_hp_per_floor":[54,38,43,42,31,31,36,36,36,36,9,9,31,32,54,15,74,65,65,65,65,46,37,37,37,37,31,31,10,16,22,22,0],"gold":265,"neow_bonus":"TWO_FIFTY_GOLD","is_prod":false,"is_daily":false,"chose_seed":false,"campfire_upgraded":5,"win_rate":0,"timestamp":1534666643,"path_taken":["M","?","M","M","?","R","M","?","T","R","M","?","R","M","R","BOSS","M","?","$","?","M","?","R","$","T","E","R","E","M","M","R","BOSS"],"build_version":"2018-08-16","purchased_purges":1,"victory":false,"max_hp_per_floor":[80,80,80,80,80,80,80,74,74,74,74,74,74,74,74,74,74,74,74,74,74,74,37,37,37,37,37,37,37,37,37,37,37],"card_choices":[{"not_picked":["Warcry","Dual Wield"],"picked":"Fire Breathing","floor":1},{"not_picked":["Reckless Charge","Entrench"],"picked":"Havoc","floor":3},{"not_picked":["Wild Strike","Whirlwind"],"picked":"Shrug It Off","floor":4},{"not_picked":["Cleave","Infernal Blade"],"picked":"Headbutt","floor":7},{"not_picked":["Sword Boomerang","Body Slam"],"picked":"Twin Strike","floor":11},{"not_picked":["Sword Boomerang","Fiend Fire"],"picked":"Inflame","floor":14},{"not_picked":["Feed","Exhume"],"picked":"Demon Form","floor":16},{"not_picked":["Body Slam","Havoc"],"picked":"Cleave+1","floor":18},{"not_picked":["Body Slam","Thunderclap"],"picked":"Twin Strike+1","floor":22},{"not_picked":["Hemokinesis","Blood for Blood"],"picked":"True Grit+1","floor":27},{"not_picked":["Dual Wield+1","Flex"],"picked":"Double Tap","floor":29},{"not_picked":["Anger","Metallicize"],"picked":"Iron Wave","floor":30},{"not_picked":["Thunderclap+1","Disarm+1"],"picked":"Flame Barrier","floor":31}],"player_experience":124574,"relics_obtained":[{"floor":9,"key":"Bag of Marbles"},{"floor":26,"key":"MawBank"},{"floor":27,"key":"Potion Belt"},{"floor":29,"key":"War Paint"}],"event_choices":[{"event_name":"Shining Light","player_choice":"Entered Light","floor":2,"damage_taken":0},{"event_name":"World of Goop","player_choice":"Gather Gold","floor":5,"damage_taken":0},{"event_name":"Golden Idol","player_choice":"Lose Max HP","floor":8,"damage_taken":0},{"event_name":"The Lab","player_choice":"Got Potions","floor":12,"damage_taken":0},{"event_name":"Beggar","player_choice":"Gave Gold","floor":19,"damage_taken":0},{"event_name":"The Mausoleum","player_choice":"Yes","floor":21,"damage_taken":0},{"event_name":"Ghosts","player_choice":"Became a Ghost","floor":23,"damage_taken":0}],"is_beta":false,"boss_relics":[{"not_picked":["Empty Cage","Black Blood"],"picked":"Runic Dome"}],"items_purged_floors":[25],"is_endless":false,"potions_floor_spawned":[3,4,7,11,16,27,31],"killed_by":"Automaton","ascension_level":4}