{"gold_per_floor":[19,19,19,19,19,19,19,19,72,88,13,53,74,98,98,222,222,222,222,49,67,166,200,200,239,264,85,129,129,129,145,145,145],"floor_reached":33,"playtime":799,"items_purged":["Strike_B","Defend_B"],"score":419,"play_id":"a2c00086-1a23-44e5-8681-c5d5e368d772","local_time":"20181025201041","is_ascension_mode":true,"campfire_choices":[{"data":"Zap","floor":6,"key":"SMITH"},{"data":"Dualcast","floor":8,"key":"SMITH"},{"data":"Static Discharge","floor":15,"key":"SMITH"},{"floor":29,"key":"REST"},{"floor":32,"key":"REST"}],"neow_cost":"NO_GOLD","seed_source_timestamp":5800442491189,"circlet_count":0,"master_deck":["Defend_B","Defend_B+1","Zap+1","Dualcast+1","Go for the Eyes+1","Conserve Battery","Static Discharge+1","Amplify","White Noise","All For One","Capacitor","Static Discharge","Cold Snap","Storm","Hello World","Core Surge","Static Discharge"],"relics":["Cracked Core","Bird Faced Urn","Golden Idol","Omamori","PreservedInsect","Inserter","Happy Flower","Toxic Egg 2","Pen Nib","Oddly Smooth Stone","Emotion Chip"],"potions_floor_usage":[12,16,18,28],"damage_taken":[{"damage":4,"enemies":"Cultist","floor":1,"turns":5},{"damage":0,"enemies":"Jaw Worm","floor":10,"turns":4},{"damage":2,"enemies":"3 Sentries","floor":12,"turns":4},{"damage":11,"enemies":"Small Slimes","floor":13,"turns":4},{"damage":3,"enemies":"Looter","floor":14,"turns":4},{"damage":41,"enemies":"Slime Boss","floor":16,"turns":10},{"damage":1,"enemies":"Spheric Guardian","floor":18,"turns":3},{"damage":14,"enemies":"Shell Parasite","floor":21,"turns":10},{"damage":31,"enemies":"Book of Stabbing","floor":23,"turns":4},{"damage":21,"enemies":"Gremlin Leader","floor":25,"turns":3},{"damage":27,"enemies":"Slavers","floor":28,"turns":4},{"damage":27,"enemies":"Snake Plant","floor":31,"turns":3},{"damage":73,"enemies":"Collector","floor":33,"turns":5}],"seed_played":"-505135991898302130","potions_obtained":[{"floor":1,"key":"SmokeBomb"},{"floor":10,"key":"PowerPotion"},{"floor":12,"key":"Poison Potion"},{"floor":25,"key":"Poison Potion"},{"floor":28,"key":"Strength Potion"}],"is_trial":false,"path_per_floor":["M","?","?","?","T","R","?","R","T","M","$","E","M","M","R","B",null,"M","?","$","M","?","E","T","E","T","$","E","R","?","M","R"],"character_chosen":"DEFECT","items_purchased":["Static Discharge","Static Discharge","Cold Snap","Hello World"],"campfire_rested":2,"item_purchase_floors":[11,20,20,27],"current_hp_per_floor":[64,64,49,49,49,49,49,49,49,49,49,51,44,45,45,12,55,54,54,54,66,66,44,44,35,35,35,22,42,42,23,43,0],"gold":145,"neow_bonus":"REMOVE_TWO","is_prod":false,"is_daily":false,"chose_seed":false,"campfire_upgraded":3,"win_rate":0,"timestamp":1540494641,"path_taken":["M","?","?","?","?","R","?","R","T","M","$","E","?","M","R","BOSS","M","?","$","M","?","E","?","E","T","$","E","R","?","M","R","BOSS"],"build_version":"2018-10-18","purchased_purges":2,"victory":false,"max_hp_per_floor":[75,75,75,75,75,75,69,69,69,69,69,69,69,69,69,69,69,69,69,69,69,69,69,69,69,69,69,69,69,69,69,69,69],"card_choices":[{"not_picked":["Reprogram","Melter"],"picked":"Go for the Eyes","floor":1},{"not_picked":["Redo","Hologram"],"picked":"Conserve Battery","floor":10},{"not_picked":["Redo","Stack"],"picked":"Amplify","floor":12},{"not_picked":["Auto Shields","Consume","Hologram"],"picked":"SKIP","floor":13},{"not_picked":["Barrage","Coolheaded"],"picked":"White Noise","floor":14},{"not_picked":["Rainbow","Amplify"],"picked":"All For One","floor":16},{"not_picked":["Stack+1","Leap","Redo"],"picked":"SKIP","floor":21},{"not_picked":["Reprogram+1","Stack+1"],"picked":"Storm","floor":23},{"not_picked":["Compile Driver","Sweeping Beam+1","Reprogram+1"],"picked":"SKIP","floor":25},{"not_picked":["Reprogram+1","Redo+1"],"picked":"Core Surge","floor":28},{"not_picked":["Streamline","Heatsinks"],"picked":"Static Discharge","floor":31}],"player_experience":81327,"relics_obtained":[{"floor":5,"key":"Bird Faced Urn"},{"floor":9,"key":"Omamori"},{"floor":12,"key":"PreservedInsect"},{"floor":23,"key":"Happy Flower"},{"floor":24,"key":"Toxic Egg 2"},{"floor":25,"key":"Pen Nib"},{"floor":26,"key":"Oddly Smooth Stone"},{"floor":28,"key":"Emotion Chip"}],"event_choices":[{"damage_healed":0,"gold_gain":0,"player_choice":"Ignored","damage_taken":0,"max_hp_gain":0,"max_hp_loss":0,"event_name":"Liars Game","floor":2,"gold_loss":0},{"damage_healed":0,"gold_gain":0,"player_choice":"Entered Light","damage_taken":15,"max_hp_gain":0,"max_hp_loss":0,"event_name":"Shining Light","floor":3,"gold_loss":0,"cards_upgraded":["Defend_B","Go for the Eyes"]},{"cards_removed":["Strike_B"],"damage_healed":0,"gold_gain":0,"player_choice":"Offered Basic","damage_taken":0,"max_hp_gain":0,"max_hp_loss":0,"event_name":"Bonfire Elementals","floor":4,"gold_loss":0},{"damage_healed":0,"gold_gain":0,"player_choice":"Lose Max HP","damage_taken":0,"relics_obtained":["Golden Idol"],"max_hp_gain":0,"max_hp_loss":6,"event_name":"Golden Idol","floor":7,"gold_loss":0},{"damage_healed":0,"gold_gain":0,"player_choice":"Read","damage_taken":0,"max_hp_gain":0,"max_hp_loss":0,"event_name":"The Library","floor":19,"gold_loss":0,"cards_obtained":["Capacitor"]},{"damage_healed":0,"gold_gain":99,"player_choice":"Stole From Cult","damage_taken":0,"max_hp_gain":0,"max_hp_loss":0,"event_name":"Nest","floor":22,"gold_loss":0},{"cards_removed":["Defend_B"],"damage_healed":0,"gold_gain":0,"player_choice":"Elegance","damage_taken":0,"max_hp_gain":0,"max_hp_loss":0,"event_name":"Back to Basics","floor":30,"gold_loss":0}],"is_beta":false,"boss_relics":[{"not_picked":["Tiny House","Velvet Choker"],"picked":"Inserter"}],"items_purged_floors":[20,27],"is_endless":false,"potions_floor_spawned":[1,10,12,25,28],"killed_by":"Collector","ascension_level":8}