{"gold_per_floor":[114,114,114,16,16,35,35,55,78,101,127,166,196,219,231,348,410,440,471,483,594,408,408,157,157,157,168,178,198,198],"floor_reached":30,"playtime":832,"items_purged":["Strike_R","Strike_R","Strike_R"],"score":259,"play_id":"b5189913-dae5-47cf-9a4c-7ffa19ae6756","local_time":"20180902024407","is_ascension_mode":false,"campfire_choices":[{"data":"Perfected Strike","floor":7,"key":"SMITH"},{"data":"Inflame","floor":15,"key":"SMITH"},{"data":"Whirlwind","floor":23,"key":"SMITH"},{"data":"Discovery","floor":25,"key":"SMITH"}],"neow_cost":"NONE","seed_source_timestamp":119718088950763,"circlet_count":0,"master_deck":["Strike_R","Strike_R","Defend_R","Defend_R","Defend_R","Bash","Berserk","Perfected Strike+1","Headbutt","Shrug It Off+1","Perfected Strike","Infernal Blade","Armaments","Juggernaut","Inflame+1","Feed","Perfected Strike","Perfected Strike","Whirlwind+1","Perfected Strike","Infernal Blade","Discovery+1","Shrug It Off"],"relics":["Burning Blood","Oddly Smooth Stone","Matryoshka","Orichalcum","MawBank","Vajra","Tiny House","Lantern","Self Forming Clay"],"potions_floor_usage":[12,12,14,16,18,18,27],"damage_taken":[{"damage":16,"enemies":"Jaw Worm","floor":1,"turns":5},{"damage":0,"enemies":"2 Louse","floor":6,"turns":2},{"damage":4,"enemies":"Small Slimes","floor":8,"turns":3},{"damage":9,"enemies":"Exordium Thugs","floor":10,"turns":3},{"damage":12,"enemies":"Lots of Slimes","floor":11,"turns":4},{"damage":3,"enemies":"Lagavulin","floor":12,"turns":5},{"damage":6,"enemies":"Gremlin Gang","floor":13,"turns":6},{"damage":19,"enemies":"Large Slime","floor":14,"turns":5},{"damage":33,"enemies":"Hexaghost","floor":16,"turns":6},{"damage":1,"enemies":"2 Thieves","floor":18,"turns":3},{"damage":3,"enemies":"Chosen","floor":19,"turns":4},{"damage":24,"enemies":"Snake Plant","floor":27,"turns":3},{"damage":36,"enemies":"Sentry and Sphere","floor":28,"turns":6},{"damage":16,"enemies":"Snecko","floor":29,"turns":4},{"damage":39,"enemies":"Slavers","floor":30,"turns":2}],"seed_played":"-3962961729287705597","potions_obtained":[{"floor":10,"key":"GamblersBrew"},{"floor":11,"key":"GamblersBrew"},{"floor":12,"key":"Weak Potion"},{"floor":13,"key":"LiquidBronze"},{"floor":16,"key":"PowerPotion"},{"floor":17,"key":"Explosive Potion"},{"floor":19,"key":"Strength Potion"},{"floor":27,"key":"SpeedPotion"},{"floor":29,"key":"Poison Potion"}],"is_trial":false,"path_per_floor":["M","?","T","$","?","M","R","M","T","M","M","E","M","M","R","B",null,"M","M","?","?","$","R","$","R","T","M","M","M"],"character_chosen":"IRONCLAD","items_purchased":["Headbutt","Perfected Strike","Infernal Blade","Discovery","Shrug It Off"],"campfire_rested":0,"item_purchase_floors":[4,22,22,24,24],"current_hp_per_floor":[70,63,63,63,63,69,69,71,71,68,62,65,65,52,52,25,85,85,85,85,85,85,85,85,85,85,67,37,30,0],"gold":198,"neow_bonus":"ONE_RANDOM_RARE_CARD","is_prod":false,"is_daily":false,"chose_seed":false,"campfire_upgraded":4,"win_rate":1,"timestamp":1535852647,"path_taken":["M","?","?","$","?","M","R","M","T","?","M","E","M","M","R","BOSS","M","?","?","?","$","R","$","R","T","M","M","?","E"],"build_version":"2018-08-30","purchased_purges":3,"victory":false,"max_hp_per_floor":[80,80,80,80,80,80,80,80,80,80,80,80,80,80,80,80,85,85,85,85,85,85,85,85,85,85,85,85,88,88],"card_choices":[{"not_picked":["Sword Boomerang","Twin Strike"],"picked":"Perfected Strike","floor":1},{"not_picked":["Feel No Pain","Warcry"],"picked":"Shrug It Off","floor":6},{"not_picked":["Cleave","Ghostly Armor"],"picked":"Perfected Strike","floor":8},{"not_picked":["True Grit","Fire Breathing"],"picked":"Infernal Blade","floor":10},{"not_picked":["Entrench","Corruption"],"picked":"Armaments","floor":11},{"not_picked":["Cleave","Anger"],"picked":"Juggernaut","floor":12},{"not_picked":["Power Through","Clash","Twin Strike"],"picked":"SKIP","floor":13},{"not_picked":["Ghostly Armor","Rampage"],"picked":"Inflame","floor":14},{"not_picked":["Bludgeon","Brutality"],"picked":"Feed","floor":16},{"not_picked":["Feel No Pain","Body Slam"],"picked":"Perfected Strike","floor":17},{"not_picked":["Burning Pact","Corruption"],"picked":"Perfected Strike","floor":18},{"not_picked":["Rampage+1","Rupture","Clash+1"],"picked":"SKIP","floor":19},{"not_picked":["Clash","Anger","Carnage"],"picked":"SKIP","floor":27},{"not_picked":["Headbutt+1","Armaments","Anger"],"picked":"SKIP","floor":28},{"not_picked":["Rampage","Dropkick+1","Burning Pact"],"picked":"SKIP","floor":29}],"player_experience":3842,"relics_obtained":[{"floor":3,"key":"Matryoshka"},{"floor":9,"key":"Orichalcum"},{"floor":9,"key":"MawBank"},{"floor":12,"key":"Vajra"},{"floor":26,"key":"Lantern"},{"floor":26,"key":"Self Forming Clay"}],"event_choices":[{"event_name":"Scrap Ooze","player_choice":"success","floor":2,"damage_taken":7},{"event_name":"Purifier","player_choice":"One Purge","floor":5,"damage_taken":0},{"event_name":"The Library","player_choice":"Read","floor":20,"damage_taken":0},{"event_name":"Nest","player_choice":"Stole From Cult","floor":21,"damage_taken":0}],"is_beta":false,"boss_relics":[{"not_picked":["Velvet Choker","Black Blood"],"picked":"Tiny House"}],"items_purged_floors":[4,22,24],"is_endless":false,"potions_floor_spawned":[10,11,12,13,16,19,27,29],"killed_by":"Slavers","ascension_level":0}