{"gold_per_floor":[115,135,153,153,328,328,358,358,385,110,10,23,23,50,50,124,124,136,188,188,200,210,210,242,242,242,276,276,293,293,308,308,384,384,404,95,95,195,0,0,0,0,0,0,12,47,47,64,64,64],"floor_reached":50,"playtime":5087,"items_purged":["Regret","Doubt"],"score":857,"play_id":"9de2a8bd-1f61-4ff5-9032-3e652b92135e","local_time":"20190121134035","is_ascension_mode":true,"campfire_choices":[{"data":"Predator","floor":6,"key":"SMITH"},{"data":"Neutralize","floor":8,"key":"SMITH"},{"data":"Survivor","floor":13,"key":"SMITH"},{"data":"Flame Barrier","floor":15,"key":"SMITH"},{"data":"Reaper","floor":23,"key":"SMITH"},{"data":"Defend_G","floor":28,"key":"SMITH"},{"data":"Rebound","floor":30,"key":"SMITH"},{"data":"Defend_G","floor":32,"key":"SMITH"},{"data":"Electrodynamics","floor":40,"key":"SMITH"},{"data":"Iron Wave","floor":42,"key":"SMITH"},{"data":"1","floor":47,"key":"LIFT"},{"data":"2","floor":49,"key":"LIFT"}],"neow_cost":"NONE","seed_source_timestamp":931984277491441,"circlet_count":0,"master_deck":["AscendersBane","Defend_G","Defend_G","Defend_G","Defend_G+1","Defend_G+1","Strike_G+1","Strike_G","Strike_G+1","Strike_G","Strike_G","Survivor+1","Neutralize+1","Predator+1","Flame Barrier+1","Reaper+1","Leg Sweep+1","Thunderclap+1","Self Repair+1","Rebound+1","Electrodynamics+1","Iron Wave+1"],"relics":["Velvet Choker","Meat on the Bone","Tiny Chest","Strawberry","PrismaticShard","Happy Flower","Coffee Dripper","Lantern","Nilry\u0027s Codex","Orichalcum","Anchor","Pear","Blue Candle","Busted Crown","Thread and Needle","Tough Bandages","Red Mask","The Courier","Girya","Whetstone"],"potions_floor_usage":[14,18,24,31,33,38,46,50],"damage_taken":[{"damage":4,"enemies":"Small Slimes","floor":1,"turns":4},{"damage":0,"enemies":"2 Louse","floor":2,"turns":4},{"damage":0,"enemies":"Cultist","floor":3,"turns":3},{"damage":0,"enemies":"2 Fungi Beasts","floor":12,"turns":4},{"damage":5,"enemies":"3 Sentries","floor":14,"turns":9},{"damage":23,"enemies":"The Guardian","floor":16,"turns":14},{"damage":4,"enemies":"Chosen","floor":18,"turns":6},{"damage":7,"enemies":"3 Byrds","floor":21,"turns":4},{"damage":21,"enemies":"Cultist and Chosen","floor":22,"turns":8},{"damage":20,"enemies":"Slavers","floor":24,"turns":9},{"damage":59,"enemies":"Gremlin Leader","floor":27,"turns":9},{"damage":0,"enemies":"Snake Plant","floor":29,"turns":6},{"damage":21,"enemies":"Shelled Parasite and Fungi","floor":31,"turns":7},{"damage":18,"enemies":"Automaton","floor":33,"turns":13},{"damage":2,"enemies":"Orb Walker","floor":35,"turns":3},{"damage":7,"enemies":"Mind Bloom Boss Battle","floor":38,"turns":8},{"damage":1,"enemies":"3 Darklings","floor":45,"turns":7},{"damage":25,"enemies":"Nemesis","floor":46,"turns":10},{"damage":18,"enemies":"Maw","floor":48,"turns":8},{"damage":93,"enemies":"Donu and Deca","floor":50,"turns":7}],"seed_played":"-4255751685564517551","potions_obtained":[{"floor":1,"key":"Poison Potion"},{"floor":3,"key":"Ancient Potion"},{"floor":16,"key":"EssenceOfSteel"},{"floor":22,"key":"Explosive Potion"},{"floor":27,"key":"Energy Potion"},{"floor":31,"key":"Dexterity Potion"},{"floor":33,"key":"Block Potion"},{"floor":45,"key":"Fire Potion"},{"floor":46,"key":"SmokeBomb"},{"floor":48,"key":"Poison Potion"}],"is_trial":false,"path_per_floor":["M","M","M","?","?","R","?","R","T","$","$","M","R","E","R","B",null,"M","T","?","M","M","R","E","T","T","E","R","M","R","M","R","B",null,"M","$","?","?","?","R","T","R","T","T","M","E","R","M","R","B"],"character_chosen":"THE_SILENT","items_purchased":["PrismaticShard","Thread and Needle"],"campfire_rested":0,"item_purchase_floors":[10,36],"current_hp_per_floor":[59,59,59,56,56,56,56,56,63,63,63,63,63,58,58,47,70,70,70,54,53,40,40,47,47,57,24,24,51,51,56,56,65,82,87,87,77,85,85,85,85,85,85,85,87,73,73,69,69,0],"gold":64,"neow_bonus":"BOSS_RELIC","is_prod":false,"is_daily":false,"chose_seed":false,"campfire_upgraded":10,"win_rate":0,"timestamp":1548106835,"path_taken":["M","M","M","?","?","R","?","R","T","?","$","M","R","E","R","BOSS","M","?","?","M","M","R","E","?","T","E","R","M","R","M","R","BOSS","M","$","?","?","?","R","?","R","T","?","M","E","R","M","R","BOSS"],"build_version":"2019-01-17v2","purchased_purges":2,"victory":false,"max_hp_per_floor":[70,70,70,70,70,70,70,70,77,77,77,77,77,77,77,77,77,77,77,77,77,77,77,77,77,87,87,87,87,87,87,87,87,87,87,87,87,87,87,87,87,87,87,87,87,87,87,87,87,87],"card_choices":[{"not_picked":["Dodge and Roll","Infinite Blades"],"picked":"Predator","floor":1},{"not_picked":["Flying Knee","Slice","Acrobatics"],"picked":"SKIP","floor":2},{"not_picked":["Prepared","Night Terror","Flechettes"],"picked":"SKIP","floor":3},{"not_picked":["Havoc","Wild Strike","Ball Lightning"],"picked":"SKIP","floor":12},{"not_picked":["Genetic Algorithm","Reckless Charge"],"picked":"Flame Barrier","floor":14},{"not_picked":["Machine Learning","Wraith Form v2"],"picked":"Reaper","floor":16},{"not_picked":["Steam","Deflect","Defragment"],"picked":"SKIP","floor":18},{"not_picked":["Enlightenment","Coolheaded","Turbo"],"picked":"SKIP","floor":21},{"not_picked":["Wild Strike+1","Purity"],"picked":"Leg Sweep+1","floor":22},{"not_picked":["Clash","Forethought"],"picked":"Thunderclap+1","floor":24},{"not_picked":["Auto Shields","Coolheaded"],"picked":"Self Repair+1","floor":27},{"not_picked":["Dagger Throw+1","Purity"],"picked":"Rebound","floor":29},{"not_picked":["Clothesline","Tactician","Havoc"],"picked":"SKIP","floor":31},{"not_picked":["Mayhem","Reaper"],"picked":"Electrodynamics","floor":33},{"not_picked":[],"picked":"Iron Wave","floor":35},{"not_picked":["Havoc"],"picked":"SKIP","floor":45},{"not_picked":["Poisoned Stab"],"picked":"SKIP","floor":46},{"not_picked":["Quick Slash"],"picked":"SKIP","floor":48}],"player_experience":448521,"relics_obtained":[{"floor":9,"key":"Strawberry"},{"floor":14,"key":"Happy Flower"},{"floor":19,"key":"Lantern"},{"floor":20,"key":"Nilry\u0027s Codex"},{"floor":24,"key":"Orichalcum"},{"floor":25,"key":"Anchor"},{"floor":26,"key":"Pear"},{"floor":27,"key":"Blue Candle"},{"floor":38,"key":"Tough Bandages"},{"floor":43,"key":"The Courier"},{"floor":44,"key":"Girya"},{"floor":46,"key":"Whetstone"}],"event_choices":[{"damage_healed":0,"gold_gain":0,"player_choice":"Success","damage_taken":3,"relics_obtained":["Meat on the Bone"],"max_hp_gain":0,"max_hp_loss":0,"event_name":"Scrap Ooze","floor":4,"gold_loss":0},{"damage_healed":0,"gold_gain":175,"player_choice":"AGREE","damage_taken":0,"max_hp_gain":0,"max_hp_loss":0,"event_name":"Liars Game","floor":5,"gold_loss":0,"cards_obtained":["Doubt"]},{"damage_healed":0,"gold_gain":0,"player_choice":"Box","damage_taken":0,"relics_obtained":["Tiny Chest"],"max_hp_gain":0,"max_hp_loss":0,"event_name":"Big Fish","floor":7,"gold_loss":0,"cards_obtained":["Regret"]},{"damage_healed":0,"gold_gain":0,"player_choice":"Obtained Book","damage_taken":16,"max_hp_gain":0,"max_hp_loss":0,"event_name":"Cursed Tome","floor":20,"gold_loss":0},{"damage_healed":0,"gold_gain":0,"player_choice":"Memory 3","damage_taken":10,"max_hp_gain":0,"max_hp_loss":0,"event_name":"SensoryStone","floor":37,"gold_loss":0},{"damage_healed":0,"gold_gain":0,"player_choice":"Fight","damage_taken":0,"max_hp_gain":0,"max_hp_loss":0,"event_name":"MindBloom","floor":38,"gold_loss":0},{"damage_healed":0,"gold_gain":0,"player_choice":"Paid","damage_taken":0,"relics_obtained":["Red Mask"],"max_hp_gain":0,"max_hp_loss":0,"event_name":"Tomb of Lord Red Mask","floor":39,"gold_loss":195}],"is_beta":false,"boss_relics":[{"not_picked":["Eternal Feather","Lizard Tail"],"picked":"Coffee Dripper"},{"not_picked":["Fusion Hammer","Snecko Eye"],"picked":"Busted Crown"}],"items_purged_floors":[10,11],"is_endless":false,"potions_floor_spawned":[1,3,16,22,27,31,33,45,46,48],"killed_by":"Donu and Deca","ascension_level":13}