{"gold_per_floor":[116,116,133,40,51,84,102,102,102,102,122,154,154,166,166,266,266,282,242,242,12,12,12,27,57,106,0,16,16,48,62,62,62],"floor_reached":33,"playtime":1232,"items_purged":[],"score":580,"play_id":"d590639d-662d-4fb9-8bba-f35db534b7f2","local_time":"20180915173457","is_ascension_mode":true,"campfire_choices":[{"floor":8,"key":"REST"},{"data":"Inflame","floor":10,"key":"SMITH"},{"data":"Perfected Strike","floor":13,"key":"SMITH"},{"data":"Heavy Blade","floor":15,"key":"SMITH"},{"floor":23,"key":"REST"},{"floor":29,"key":"REST"},{"floor":32,"key":"REST"}],"neow_cost":"NONE","seed_source_timestamp":1448248624276697,"circlet_count":0,"master_deck":["Strike_R","Strike_R","Strike_R","Strike_R","Defend_R","Defend_R","Defend_R","Defend_R","Bash","AscendersBane","Cleave","Sword Boomerang+1","Inflame+1","Perfected Strike+1","Twin Strike+1","Heavy Blade+1","Sword Boomerang","Twin Strike","Pommel Strike","Feed","Flame Barrier","Apotheosis","Flame Barrier","Spot Weakness","Shrug It Off","Sword Boomerang","Perfected Strike","Barricade"],"relics":["Burning Blood","Paper Frog","Singing Bowl","The Courier","Fusion Hammer","Bronze Scales","Ancient Tea Set","Kunai"],"potions_floor_usage":[20,33,33],"damage_taken":[{"damage":8,"enemies":"Small Slimes","floor":1,"turns":4},{"damage":0,"enemies":"Cultist","floor":3,"turns":4},{"damage":7,"enemies":"Jaw Worm","floor":5,"turns":3},{"damage":44,"enemies":"Gremlin Nob","floor":6,"turns":5},{"damage":7,"enemies":"Large Slime","floor":7,"turns":5},{"damage":13,"enemies":"Red Slaver","floor":11,"turns":3},{"damage":25,"enemies":"3 Sentries","floor":12,"turns":6},{"damage":0,"enemies":"2 Fungi Beasts","floor":14,"turns":2},{"damage":0,"enemies":"Slime Boss","floor":16,"turns":6},{"damage":19,"enemies":"3 Byrds","floor":18,"turns":5},{"damage":0,"enemies":"Chosen","floor":20,"turns":1},{"damage":2,"enemies":"Snecko","floor":24,"turns":3},{"damage":47,"enemies":"Slavers","floor":25,"turns":5},{"damage":23,"enemies":"Centurion and Healer","floor":28,"turns":5},{"damage":14,"enemies":"Book of Stabbing","floor":30,"turns":2},{"damage":12,"enemies":"Snake Plant","floor":31,"turns":2},{"damage":96,"enemies":"Automaton","floor":33,"turns":6}],"seed_played":"-7382392103183671642","potions_obtained":[{"floor":1,"key":"GamblersBrew"},{"floor":11,"key":"SmokeBomb"},{"floor":16,"key":"Ancient Potion"},{"floor":31,"key":"SteroidPotion"}],"is_trial":false,"path_per_floor":["M","?","M","$","M","E","M","R","T","R","M","E","R","M","R","B",null,"M","?","M","$","?","R","M","E","T","?","M","R","E","M","R"],"character_chosen":"IRONCLAD","items_purchased":["Inflame","Perfected Strike","Apotheosis","Flame Barrier","Spot Weakness"],"campfire_rested":4,"item_purchase_floors":[4,4,21,21,21],"current_hp_per_floor":[78,78,84,84,83,45,44,70,70,70,65,46,46,52,52,58,82,72,72,78,78,78,93,95,57,57,57,40,69,61,57,87,0],"gold":62,"neow_bonus":"TEN_PERCENT_HP_BONUS","is_prod":false,"is_daily":false,"chose_seed":false,"campfire_upgraded":3,"win_rate":0,"timestamp":1537050897,"path_taken":["M","?","M","$","M","E","M","R","T","R","M","E","R","M","R","BOSS","M","?","M","$","?","R","M","E","T","?","M","R","E","M","R","BOSS"],"build_version":"2018-09-06","purchased_purges":0,"victory":false,"max_hp_per_floor":[88,88,88,88,88,88,88,88,88,88,90,90,90,90,90,90,90,93,93,93,93,93,93,95,98,98,98,98,98,98,100,100,100],"card_choices":[{"not_picked":["Battle Trance","Rupture"],"picked":"Cleave","floor":1},{"not_picked":["Clash","Anger"],"picked":"Sword Boomerang","floor":3},{"not_picked":["Anger","Shrug It Off"],"picked":"Twin Strike","floor":5},{"not_picked":["Rampage","Headbutt"],"picked":"Heavy Blade","floor":6},{"not_picked":["Havoc","Sentinel"],"picked":"Sword Boomerang","floor":7},{"not_picked":["Twin Strike","Wild Strike","Sword Boomerang"],"picked":"Singing Bowl","floor":11},{"not_picked":["Intimidate","Wild Strike"],"picked":"Twin Strike","floor":12},{"not_picked":["Reckless Charge","Iron Wave"],"picked":"Pommel Strike","floor":14},{"not_picked":["Berserk","Double Tap"],"picked":"Feed","floor":16},{"not_picked":["Reckless Charge+1","Searing Blow"],"picked":"Flame Barrier","floor":18},{"not_picked":["Clothesline","Armaments+1","Blood for Blood+1"],"picked":"Singing Bowl","floor":24},{"not_picked":["Burning Pact","Armaments"],"picked":"Sword Boomerang","floor":25},{"not_picked":["Cleave","Armaments"],"picked":"Perfected Strike","floor":28},{"not_picked":["Wild Strike","Body Slam"],"picked":"Barricade","floor":30},{"not_picked":["Rupture","Headbutt","Anger"],"picked":"Singing Bowl","floor":31}],"player_experience":348329,"relics_obtained":[{"floor":6,"key":"Paper Frog"},{"floor":9,"key":"Singing Bowl"},{"floor":12,"key":"The Courier"},{"floor":25,"key":"Bronze Scales"},{"floor":26,"key":"Ancient Tea Set"},{"floor":30,"key":"Kunai"}],"event_choices":[{"event_name":"Purifier","player_choice":"One Purge","floor":2,"damage_taken":0},{"event_name":"Designer","player_choice":"Upgrade 2 Random Cards","floor":19,"damage_taken":0},{"event_name":"The Library","player_choice":"Read","floor":22,"damage_taken":0},{"event_name":"Masked Bandits","player_choice":"Paid Fearfully","floor":27,"damage_taken":0}],"is_beta":false,"boss_relics":[{"not_picked":["Astrolabe","Snecko Eye"],"picked":"Fusion Hammer"}],"items_purged_floors":[],"is_endless":false,"potions_floor_spawned":[1,11,12,16,20,31],"killed_by":"Automaton","ascension_level":12}