{"gold_per_floor":[114,114,114,128,128,128,147,180,180,180,31,48,110,128,128,230,230,244,244,219,238,238,266,266,266,289,289,289,307,307,325,325,420,420,434,454,454,454,454,454],"floor_reached":41,"playtime":2645,"items_purged":[],"score":690,"play_id":"a4f07e1d-86ca-47e2-b0d7-757953a64b90","local_time":"20181206155204","is_ascension_mode":true,"campfire_choices":[{"data":"Dash","floor":6,"key":"SMITH"},{"floor":10,"key":"REST"},{"floor":15,"key":"REST"},{"floor":25,"key":"REST"},{"data":"RitualDagger","floor":27,"key":"SMITH"},{"data":"Accuracy","floor":32,"key":"SMITH"}],"neow_cost":"NONE","seed_source_timestamp":1037597452120060,"circlet_count":0,"master_deck":["Defend_G","Defend_G","Defend_G","Defend_G","Defend_G","Strike_G","Strike_G","Strike_G","Strike_G","Survivor","Neutralize","Well Laid Plans","Dash+1","Expertise","Escape Plan","Deadly Poison","All Out Attack","Escape Plan","Venomology","Leg Sweep","Dash+1","Blade Dance","RitualDagger+1","Clumsy","Accuracy+1","Blade Dance","Prepared+1","Cloak And Dagger"],"relics":["Ring of the Snake","Lantern","Kunai","Matryoshka","PreservedInsect","Cursed Key","Centennial Puzzle","Pear","Blood Vial","Sundial","Lizard Tail"],"potions_floor_usage":[8,16,20,20,21,23,29,29,29,35,36,40,40,40],"damage_taken":[{"damage":4,"enemies":"Small Slimes","floor":1,"turns":4},{"damage":2,"enemies":"Jaw Worm","floor":4,"turns":4},{"damage":1,"enemies":"Cultist","floor":7,"turns":4},{"damage":47,"enemies":"Lagavulin","floor":8,"turns":10},{"damage":1,"enemies":"Exordium Thugs","floor":12,"turns":6},{"damage":2,"enemies":"3 Louse","floor":14,"turns":4},{"damage":32,"enemies":"Hexaghost","floor":16,"turns":14},{"damage":9,"enemies":"3 Byrds","floor":18,"turns":7},{"damage":0,"enemies":"2 Thieves","floor":20,"turns":5},{"damage":0,"enemies":"Shelled Parasite and Fungi","floor":21,"turns":10},{"damage":1,"enemies":"Book of Stabbing","floor":23,"turns":8},{"damage":0,"enemies":"Chosen and Byrds","floor":29,"turns":6},{"damage":1,"enemies":"Centurion and Healer","floor":31,"turns":11},{"damage":15,"enemies":"Champ","floor":33,"turns":23},{"damage":6,"enemies":"3 Shapes","floor":35,"turns":6},{"damage":0,"enemies":"Orb Walker","floor":36,"turns":3},{"damage":54,"enemies":"Awakened One","floor":40,"turns":40}],"seed_played":"-4841099144693331926","potions_obtained":[{"floor":1,"key":"Ancient Potion"},{"floor":12,"key":"Regen Potion"},{"floor":16,"key":"Weak Potion"},{"floor":21,"key":"GamblersBrew"},{"floor":29,"key":"SmokeBomb"}],"is_trial":false,"path_per_floor":["M","$","?","M","?","R","M","E","T","R","$","M","?","M","R","B",null,"M","?","M","M","?","E","?","R","T","R","?","M","?","M","R","B",null,"M","M","?","?","?","B",null],"character_chosen":"THE_SILENT","items_purchased":["PreservedInsect"],"campfire_rested":3,"item_purchase_floors":[11],"current_hp_per_floor":[66,66,66,64,64,64,63,16,16,37,37,36,36,34,55,38,70,61,61,61,61,48,47,41,63,73,73,73,75,75,76,76,63,85,79,81,81,81,81,44],"gold":454,"neow_bonus":"RANDOM_COMMON_RELIC","is_prod":false,"is_daily":false,"chose_seed":false,"campfire_upgraded":3,"win_rate":0,"timestamp":1544133124,"path_taken":["M","$","?","M","?","R","M","E","T","R","?","M","?","M","R","BOSS","M","?","?","M","?","E","?","R","T","R","?","M","?","?","R","BOSS","M","M","?","?","?","BOSS"],"build_version":"2018-12-06","purchased_purges":0,"victory":true,"max_hp_per_floor":[70,70,70,70,70,70,70,70,70,70,70,70,70,70,70,70,70,70,70,70,70,75,75,75,75,85,85,85,85,85,85,85,85,85,85,85,85,85,85,85],"card_choices":[{"not_picked":["Underhanded Strike","Deflect"],"picked":"Well Laid Plans","floor":1},{"not_picked":["Quick Slash","Dagger Spray"],"picked":"Dash","floor":4},{"not_picked":["Underhanded Strike","Acrobatics"],"picked":"Escape Plan","floor":7},{"not_picked":["Wraith Form v2","Night Terror"],"picked":"Deadly Poison","floor":8},{"not_picked":["Poisoned Stab","Slice"],"picked":"All Out Attack","floor":12},{"not_picked":["Calculated Gamble","Masterful Stab"],"picked":"Escape Plan","floor":14},{"not_picked":["Unload","Envenom"],"picked":"Venomology","floor":16},{"not_picked":["Deadly Poison","Slice"],"picked":"Leg Sweep","floor":18},{"not_picked":["Distraction+1","Reflex","Masterful Stab"],"picked":"SKIP","floor":20},{"not_picked":["PiercingWail","Heel Hook","Dash"],"picked":"SKIP","floor":21},{"not_picked":["Underhanded Strike","Reflex+1"],"picked":"Blade Dance","floor":23},{"not_picked":["Dodge and Roll","Malaise","Skewer"],"picked":"SKIP","floor":29},{"not_picked":["Dagger Spray+1","Reflex+1"],"picked":"Blade Dance","floor":31},{"not_picked":["Dodge and Roll+1","Bane+1"],"picked":"Prepared+1","floor":35},{"not_picked":["Choke+1","Outmaneuver+1"],"picked":"Cloak And Dagger","floor":36}],"player_experience":65074,"relics_obtained":[{"floor":8,"key":"Kunai"},{"floor":9,"key":"Matryoshka"},{"floor":23,"key":"Centennial Puzzle"},{"floor":26,"key":"Pear"},{"floor":26,"key":"Blood Vial"}],"event_choices":[{"damage_healed":0,"gold_gain":0,"player_choice":"Ignored","damage_taken":0,"max_hp_gain":0,"max_hp_loss":0,"event_name":"Liars Game","floor":3,"gold_loss":0},{"damage_healed":0,"gold_gain":0,"cards_transformed":["Strike_G"],"player_choice":"Change","damage_taken":0,"max_hp_gain":0,"max_hp_loss":0,"event_name":"Living Wall","floor":5,"gold_loss":0,"cards_obtained":["Expertise"]},{"damage_healed":0,"gold_gain":62,"player_choice":"Gained Gold","damage_taken":0,"max_hp_gain":0,"max_hp_loss":0,"event_name":"Golden Wing","floor":13,"gold_loss":0},{"damage_healed":0,"gold_gain":0,"player_choice":"Copied","damage_taken":0,"max_hp_gain":0,"max_hp_loss":0,"event_name":"Duplicator","floor":19,"gold_loss":0,"cards_obtained":["Dash"]},{"damage_healed":0,"gold_gain":0,"player_choice":"Shed Blood","damage_taken":18,"max_hp_gain":5,"max_hp_loss":0,"event_name":"Forgotten Altar","floor":22,"gold_loss":0},{"damage_healed":0,"gold_gain":0,"player_choice":"Joined the Cult","damage_taken":6,"max_hp_gain":0,"max_hp_loss":0,"event_name":"Nest","floor":24,"gold_loss":0,"cards_obtained":["RitualDagger"]},{"damage_healed":0,"gold_gain":0,"player_choice":"Opened","damage_taken":0,"relics_obtained":["Sundial"],"max_hp_gain":0,"max_hp_loss":0,"event_name":"The Mausoleum","floor":28,"gold_loss":0},{"damage_healed":0,"gold_gain":0,"player_choice":"Read","damage_taken":0,"max_hp_gain":0,"max_hp_loss":0,"event_name":"The Library","floor":30,"gold_loss":0,"cards_obtained":["Accuracy"]},{"damage_healed":0,"gold_gain":0,"player_choice":"Ignored","damage_taken":0,"max_hp_gain":0,"max_hp_loss":0,"event_name":"Mysterious Sphere","floor":37,"gold_loss":0},{"damage_healed":0,"gold_gain":0,"player_choice":"Ignored","damage_taken":0,"max_hp_gain":0,"max_hp_loss":0,"event_name":"Tomb of Lord Red Mask","floor":38,"gold_loss":0},{"damage_healed":0,"gold_gain":0,"player_choice":"Took Portal","damage_taken":0,"max_hp_gain":0,"max_hp_loss":0,"event_name":"SecretPortal","floor":39,"gold_loss":0}],"is_beta":true,"boss_relics":[{"not_picked":["Fusion Hammer","Velvet Choker"],"picked":"Cursed Key"},{"not_picked":["Eternal Feather","White Beast Statue"],"picked":"Lizard Tail"}],"items_purged_floors":[],"is_endless":false,"potions_floor_spawned":[1,12,16,21,29,33],"ascension_level":2}