{"gold_per_floor":[111,111,36,36,36,36,51,84,84,84,99,16,44,44,44,44],"floor_reached":16,"playtime":199,"items_purged":["Strike_R"],"score":210,"play_id":"ef869cd2-212e-498c-ac2f-62ffc1677f28","local_time":"20181128203534","is_ascension_mode":true,"campfire_choices":[{"data":"Sword Boomerang","floor":6,"key":"SMITH"},{"data":"True Grit","floor":10,"key":"SMITH"},{"data":"Panacea","floor":15,"key":"SMITH"}],"neow_cost":"NONE","seed_source_timestamp":6197924539452,"circlet_count":0,"master_deck":["AscendersBane","Strike_R","Strike_R+1","Strike_R","Defend_R","Defend_R+1","Defend_R","Defend_R","Bash","Sword Boomerang+1","True Grit+1","Thunderclap","Thunderclap","Panacea+1"],"relics":["Burning Blood","NeowsBlessing","Art of War","Shuriken","Matryoshka","Bottled Lightning"],"potions_floor_usage":[16,16],"damage_taken":[{"damage":0,"enemies":"Jaw Worm","floor":1,"turns":1},{"damage":0,"enemies":"2 Louse","floor":7,"turns":1},{"damage":0,"enemies":"3 Sentries","floor":8,"turns":1},{"damage":6,"enemies":"Cultist","floor":11,"turns":3},{"damage":32,"enemies":"Gremlin Nob","floor":13,"turns":4},{"damage":30,"enemies":"The Guardian","floor":16,"turns":8}],"seed_played":"-1581562559701694501","potions_obtained":[{"floor":11,"key":"Energy Potion"},{"floor":13,"key":"AttackPotion"}],"is_trial":false,"path_per_floor":["M","?","$","?","?","R","M","E","T","R","M","$","E","?","R","B"],"character_chosen":"IRONCLAD","items_purchased":["Panacea"],"campfire_rested":0,"item_purchase_floors":[12],"current_hp_per_floor":[78,78,78,60,44,44,50,56,56,56,56,56,30,30,30,0],"gold":44,"neow_bonus":"THREE_ENEMY_KILL","is_prod":false,"is_daily":false,"chose_seed":false,"campfire_upgraded":3,"win_rate":0,"timestamp":1543437334,"path_taken":["M","?","$","?","?","R","M","E","T","R","M","$","E","?","R","BOSS"],"build_version":"2018-11-15","purchased_purges":1,"victory":false,"max_hp_per_floor":[80,80,80,80,80,80,80,80,80,80,80,80,80,80,80,80],"card_choices":[{"not_picked":["True Grit","Havoc"],"picked":"Sword Boomerang","floor":1},{"not_picked":["Heavy Blade","Cleave"],"picked":"True Grit","floor":7},{"not_picked":["Disarm","Rupture"],"picked":"Thunderclap","floor":8},{"not_picked":["Havoc","Impervious"],"picked":"Thunderclap","floor":11},{"not_picked":["Entrench","Bludgeon","Thunderclap"],"picked":"SKIP","floor":13}],"player_experience":217856,"relics_obtained":[{"floor":8,"key":"Shuriken"},{"floor":9,"key":"Matryoshka"},{"floor":13,"key":"Bottled Lightning"}],"event_choices":[{"damage_healed":0,"gold_gain":0,"player_choice":"Ignored","damage_taken":0,"max_hp_gain":0,"max_hp_loss":0,"event_name":"Liars Game","floor":2,"gold_loss":0},{"damage_healed":0,"gold_gain":0,"player_choice":"Success","damage_taken":18,"relics_obtained":["Art of War"],"max_hp_gain":0,"max_hp_loss":0,"event_name":"Scrap Ooze","floor":4,"gold_loss":0},{"damage_healed":0,"gold_gain":0,"player_choice":"Entered Light","damage_taken":16,"max_hp_gain":0,"max_hp_loss":0,"event_name":"Shining Light","floor":5,"gold_loss":0,"cards_upgraded":["Strike_R","Defend_R"]},{"cards_removed":["Strike_R"],"damage_healed":0,"gold_gain":0,"player_choice":"Forget","damage_taken":0,"max_hp_gain":0,"max_hp_loss":0,"event_name":"Living Wall","floor":14,"gold_loss":0}],"is_beta":false,"boss_relics":[],"items_purged_floors":[3],"is_endless":false,"potions_floor_spawned":[11,13],"killed_by":"The Guardian","ascension_level":12}