{"gold_per_floor":[111,127,24,24,24,24,24,24,24,24,36,36,36,36,36,107,107,127,27,42,55,75,75,89,106,106,106,119,44,44,58,58,130,130,149,249,7,53,0,0,29,29,81,100,100,114,114,114,114,114],"floor_reached":51,"playtime":1856,"items_purged":["Strike_G","Dagger Spray"],"score":1287,"play_id":"dc835f5d-c098-4b77-930d-cecdd77f7032","local_time":"20190130213515","is_ascension_mode":true,"campfire_choices":[{"data":"Cloak And Dagger","floor":6,"key":"SMITH"},{"data":"Escape Plan","floor":8,"key":"SMITH"},{"data":"Predator","floor":12,"key":"SMITH"},{"data":"Survivor","floor":15,"key":"SMITH"},{"data":"Footwork","floor":23,"key":"SMITH"},{"data":"Sucker Punch","floor":30,"key":"SMITH"},{"floor":32,"key":"REST"},{"floor":40,"key":"REST"},{"floor":42,"key":"DIG"},{"data":"Tools of the Trade","floor":47,"key":"SMITH"},{"floor":49,"key":"REST"}],"neow_cost":"NONE","seed_source_timestamp":1407179408936,"circlet_count":0,"master_deck":["AscendersBane","Survivor+1","Neutralize+1","Escape Plan+1","Cloak And Dagger+1","Escape Plan+1","Adrenaline+1","Calculated Gamble+1","Tools of the Trade","Tools of the Trade+1","Bouncing Flask+1","Sucker Punch+1","Footwork+1","Deadly Poison+1","Corpse Explosion+1","Backflip+1","Deflect+1","Well Laid Plans+1","Catalyst+1","Flash of Steel","Madness+1"],"relics":["Ring of the Snake","Toxic Egg 2","Pandora\u0027s Box","Vajra","Eternal Feather","Shovel","Snake Skull","Tough Bandages","Blue Candle","Ornamental Fan","Dream Catcher"],"potions_floor_usage":[38,38,50],"damage_taken":[{"damage":1,"enemies":"Cultist","floor":1,"turns":4},{"damage":0,"enemies":"2 Louse","floor":2,"turns":3},{"damage":4,"enemies":"Small Slimes","floor":11,"turns":3},{"damage":18,"enemies":"The Guardian","floor":16,"turns":19},{"damage":0,"enemies":"3 Byrds","floor":18,"turns":5},{"damage":0,"enemies":"Spheric Guardian","floor":20,"turns":2},{"damage":12,"enemies":"Chosen and Byrds","floor":21,"turns":5},{"damage":8,"enemies":"Centurion and Healer","floor":22,"turns":3},{"damage":20,"enemies":"Cultist and Chosen","floor":24,"turns":5},{"damage":0,"enemies":"3 Cultists","floor":25,"turns":3},{"damage":0,"enemies":"Centurion and Healer","floor":28,"turns":7},{"damage":0,"enemies":"Cultist and Chosen","floor":31,"turns":3},{"damage":8,"enemies":"Champ","floor":33,"turns":11},{"damage":6,"enemies":"Orb Walker","floor":35,"turns":4},{"damage":0,"enemies":"Mind Bloom Boss Battle","floor":36,"turns":6},{"damage":22,"enemies":"2 Orb Walkers","floor":38,"turns":5},{"damage":21,"enemies":"Reptomancer","floor":41,"turns":7},{"damage":1,"enemies":"3 Darklings","floor":44,"turns":3},{"damage":3,"enemies":"Jaw Worm Horde","floor":46,"turns":2},{"damage":30,"enemies":"Awakened One","floor":50,"turns":11}],"seed_played":"4786055222738916437","potions_obtained":[{"floor":16,"key":"SteroidPotion"},{"floor":20,"key":"FearPotion"},{"floor":27,"key":"Block Potion"},{"floor":27,"key":"SmokeBomb"},{"floor":44,"key":"Energy Potion"}],"is_trial":false,"path_per_floor":["M","M","$","?","?","R","?","R","T","?","M","R","$","?","R","B",null,"M","$","M","M","M","R","M","M","T","?","M","?","R","M","R","B",null,"M","?","$","?","$","R","E","R","T","M","$","M","R","?","R","B",null],"character_chosen":"THE_SILENT","items_purchased":["Cloak And Dagger","GhostInAJar","Snake Skull","Dexterity Potion"],"campfire_rested":3,"item_purchase_floors":[3,37,37,39],"current_hp_per_floor":[58,58,58,58,63,63,56,56,56,56,52,52,52,52,52,34,62,62,62,62,50,42,42,22,22,22,22,22,22,22,22,43,35,62,56,56,56,34,34,64,43,52,52,51,51,48,57,47,71,41],"gold":114,"neow_bonus":"UPGRADE_CARD","is_prod":false,"is_daily":false,"chose_seed":false,"campfire_upgraded":7,"win_rate":0,"timestamp":1548884115,"path_taken":["M","M","$","?","?","R","?","R","T","?","?","R","$","?","R","BOSS","M","$","?","M","M","R","M","M","T","?","?","?","R","M","R","BOSS","M","?","$","?","$","R","E","R","T","M","?","?","R","?","R","BOSS"],"build_version":"2019-01-23","purchased_purges":2,"victory":true,"max_hp_per_floor":[66,66,66,66,71,71,71,71,71,71,71,71,71,71,71,71,71,71,71,71,71,71,71,71,71,71,71,71,71,71,71,71,71,71,71,71,71,71,71,71,71,71,71,71,71,71,71,71,71,71],"card_choices":[{"not_picked":["Acrobatics","Dagger Throw"],"picked":"Predator","floor":1},{"not_picked":["Deflect","Blade Dance"],"picked":"Escape Plan","floor":2},{"not_picked":["Concentrate+1","Setup+1"],"picked":"Escape Plan+1","floor":11},{"not_picked":["After Image","Venomology+1"],"picked":"Adrenaline+1","floor":16},{"not_picked":["Underhanded Strike","Dodge and Roll+1"],"picked":"Deadly Poison+1","floor":18},{"not_picked":["Underhanded Strike","Deadly Poison+1","Dodge and Roll+1"],"picked":"SKIP","floor":20},{"not_picked":["Prepared+1","Slice"],"picked":"Corpse Explosion+1","floor":21},{"not_picked":["Deadly Poison+1","Expertise+1"],"picked":"Backflip+1","floor":22},{"not_picked":["Backflip+1","Sucker Punch"],"picked":"Deflect+1","floor":24},{"not_picked":["Deadly Poison+1","Deflect+1","Distraction+1"],"picked":"SKIP","floor":25},{"not_picked":["Choke","Riddle With Holes","Setup+1"],"picked":"SKIP","floor":28},{"not_picked":["Skewer","Slice","Outmaneuver+1"],"picked":"SKIP","floor":31},{"not_picked":["Dagger Throw","Choke+1"],"picked":"Well Laid Plans+1","floor":35},{"not_picked":["Deadly Poison+1","Blade Dance+1"],"picked":"Catalyst+1","floor":38},{"not_picked":["Concentrate+1","Backstab","Dagger Throw"],"picked":"SKIP","floor":41},{"not_picked":["Dagger Throw","Blade Dance+1","Masterful Stab"],"picked":"SKIP","floor":44},{"not_picked":["Backflip+1","Poisoned Stab","Concentrate+1"],"picked":"SKIP","floor":46},{"not_picked":["Magnetism","Trip+1"],"picked":"Flash of Steel","floor":48},{"not_picked":["PanicButton+1","Swift Strike"],"picked":"Madness+1","floor":48}],"player_experience":413844,"relics_obtained":[{"floor":9,"key":"Toxic Egg 2"},{"floor":26,"key":"Vajra"},{"floor":36,"key":"Shovel"},{"floor":38,"key":"Tough Bandages"},{"floor":41,"key":"Blue Candle"},{"floor":42,"key":"Ornamental Fan"},{"floor":43,"key":"Dream Catcher"}],"event_choices":[{"damage_healed":0,"gold_gain":0,"player_choice":"Ignored","damage_taken":0,"max_hp_gain":0,"max_hp_loss":0,"event_name":"Liars Game","floor":4,"gold_loss":0},{"damage_healed":0,"gold_gain":0,"player_choice":"Donut","damage_taken":0,"max_hp_gain":5,"max_hp_loss":0,"event_name":"Big Fish","floor":5,"gold_loss":0},{"cards_removed":["Strike_G"],"damage_healed":0,"gold_gain":0,"player_choice":"Card Removal","damage_taken":7,"max_hp_gain":0,"max_hp_loss":0,"event_name":"Golden Wing","floor":7,"gold_loss":0},{"damage_healed":0,"gold_gain":0,"player_choice":"Ignored","damage_taken":0,"max_hp_gain":0,"max_hp_loss":0,"event_name":"WeMeetAgain","floor":10,"gold_loss":0},{"cards_removed":["Strike_G"],"damage_healed":0,"gold_gain":0,"player_choice":"Offered Basic","damage_taken":0,"max_hp_gain":0,"max_hp_loss":0,"event_name":"Bonfire Elementals","floor":14,"gold_loss":0},{"damage_healed":0,"gold_gain":0,"player_choice":"Got Potions","damage_taken":0,"max_hp_gain":0,"max_hp_loss":0,"event_name":"Lab","floor":27,"gold_loss":0},{"cards_removed":["Predator"],"damage_healed":0,"gold_gain":0,"player_choice":"Gave Gold","damage_taken":0,"max_hp_gain":0,"max_hp_loss":0,"event_name":"Beggar","floor":29,"gold_loss":75},{"damage_healed":0,"gold_gain":0,"player_choice":"Fight","damage_taken":0,"max_hp_gain":0,"max_hp_loss":0,"event_name":"MindBloom","floor":36,"gold_loss":0},{"damage_healed":0,"gold_gain":0,"player_choice":"Fight","damage_taken":0,"max_hp_gain":0,"max_hp_loss":0,"event_name":"Mysterious Sphere","floor":38,"gold_loss":0},{"damage_healed":0,"gold_gain":0,"player_choice":"Memory 3","damage_taken":10,"max_hp_gain":0,"max_hp_loss":0,"event_name":"SensoryStone","floor":48,"gold_loss":0}],"is_beta":false,"boss_relics":[{"not_picked":["Lizard Tail","HoveringKite"],"picked":"Pandora\u0027s Box"},{"not_picked":["Calling Bell","Orrery"],"picked":"Eternal Feather"}],"items_purged_floors":[3,19],"is_endless":false,"potions_floor_spawned":[16,20,21,25,35,44],"ascension_level":18}