{"gold_per_floor":[99,99,24,24,24,24,24,24,24,24,24,24,24,24,24,24,24,24,24,24,24,24,24,24,24,24,24,24,24,24,24,24,24],"floor_reached":33,"playtime":1000,"items_purged":[],"score":463,"play_id":"b7a84789-5d7e-4ffc-a06b-644bb3063bcc","local_time":"20190111004247","is_ascension_mode":true,"campfire_choices":[{"data":"Leg Sweep","floor":6,"key":"SMITH"},{"data":"Deadly Poison","floor":10,"key":"SMITH"},{"data":"Neutralize","floor":15,"key":"SMITH"},{"floor":25,"key":"REST"},{"data":"Bite","floor":32,"key":"SMITH"}],"neow_cost":"NONE","seed_source_timestamp":21352424093490,"circlet_count":0,"master_deck":["AscendersBane","Defend_G","Defend_G","Defend_G","Defend_G","Defend_G","Survivor","Neutralize+1","Sucker Punch+1","Leg Sweep+1","Deadly Poison+1","Noxious Fumes+1","Adrenaline","Bite+1","Bite","Bite","Bite","Bite","Crippling Poison","Escape Plan","Deflect","Footwork"],"relics":["Ectoplasm","Oddly Smooth Stone","Lizard Tail","Boot"],"potions_floor_usage":[33],"damage_taken":[{"damage":0,"enemies":"Small Slimes","floor":1,"turns":4},{"damage":0,"enemies":"Cultist","floor":5,"turns":4},{"damage":0,"enemies":"Jaw Worm","floor":7,"turns":4},{"damage":13,"enemies":"Gremlin Gang","floor":12,"turns":7},{"damage":3,"enemies":"The Guardian","floor":16,"turns":9},{"damage":13,"enemies":"Shell Parasite","floor":18,"turns":6},{"damage":0,"enemies":"3 Byrds","floor":19,"turns":5},{"damage":24,"enemies":"Shelled Parasite and Fungi","floor":23,"turns":6},{"damage":74,"enemies":"Chosen and Byrds","floor":24,"turns":8},{"damage":21,"enemies":"Centurion and Healer","floor":27,"turns":10},{"damage":11,"enemies":"Snake Plant","floor":28,"turns":5},{"damage":3,"enemies":"Snecko","floor":29,"turns":9},{"damage":59,"enemies":"Collector","floor":33,"turns":8}],"seed_played":"-6063081025611966859","potions_obtained":[{"floor":7,"key":"EssenceOfSteel"},{"floor":18,"key":"SpeedPotion"}],"is_trial":false,"path_per_floor":["M","?","?","?","M","R","M","$","T","R","?","M","$","?","R","B",null,"M","M","?","?","$","M","M","R","T","M","M","M","$","?","R","B"],"character_chosen":"THE_SILENT","items_purchased":[],"campfire_rested":1,"item_purchase_floors":[],"current_hp_per_floor":[59,48,48,48,48,48,48,48,48,48,48,35,35,35,35,32,58,45,45,45,45,45,34,4,17,17,22,23,38,38,38,38,0],"gold":24,"neow_bonus":"BOSS_RELIC","is_prod":false,"is_daily":false,"chose_seed":false,"campfire_upgraded":4,"win_rate":0,"timestamp":1547167367,"path_taken":["M","?","?","?","M","R","?","$","T","R","?","?","?","?","R","BOSS","M","?","?","?","$","M","M","R","T","M","M","M","$","?","R","BOSS"],"build_version":"2019-01-03v4","purchased_purges":0,"victory":false,"max_hp_per_floor":[66,66,66,66,66,66,66,66,66,66,66,66,66,66,66,66,66,66,66,46,46,46,46,46,46,46,46,46,46,46,46,46,46],"card_choices":[{"not_picked":["Underhanded Strike","Backstab"],"picked":"Sucker Punch","floor":1},{"not_picked":["Expertise","Backstab"],"picked":"Leg Sweep","floor":5},{"not_picked":["Sucker Punch","Leg Sweep"],"picked":"Deadly Poison","floor":7},{"not_picked":["Sucker Punch","Die Die Die"],"picked":"Noxious Fumes","floor":12},{"not_picked":["Tools of the Trade","Envenom"],"picked":"Adrenaline","floor":16},{"not_picked":["Concentrate","Blade Dance","Prepared"],"picked":"SKIP","floor":18},{"not_picked":["PiercingWail","Dagger Throw","Skewer"],"picked":"SKIP","floor":19},{"not_picked":["Bane","Grand Finale","Slice"],"picked":"SKIP","floor":23},{"not_picked":["Concentrate","Dodge and Roll"],"picked":"Escape Plan","floor":24},{"not_picked":["Riddle With Holes","Dagger Throw"],"picked":"Deflect","floor":27},{"not_picked":["Slice","Underhanded Strike"],"picked":"Footwork","floor":28},{"not_picked":["Underhanded Strike","Deflect","Flying Knee"],"picked":"SKIP","floor":29}],"player_experience":365767,"relics_obtained":[{"floor":9,"key":"Oddly Smooth Stone"},{"floor":26,"key":"Boot"}],"event_choices":[{"damage_healed":0,"gold_gain":75,"player_choice":"Gather Gold","damage_taken":11,"max_hp_gain":0,"max_hp_loss":0,"event_name":"World of Goop","floor":2,"gold_loss":0},{"cards_removed":["Strike_G"],"damage_healed":0,"gold_gain":0,"player_choice":"Card Removal","damage_taken":0,"max_hp_gain":0,"max_hp_loss":0,"event_name":"The Cleric","floor":3,"gold_loss":75},{"damage_healed":0,"gold_gain":0,"player_choice":"Upgraded","damage_taken":0,"max_hp_gain":0,"max_hp_loss":0,"event_name":"Upgrade Shrine","floor":4,"gold_loss":0,"cards_upgraded":["Sucker Punch"]},{"damage_healed":0,"gold_gain":0,"player_choice":"0 cards matched","damage_taken":0,"max_hp_gain":0,"max_hp_loss":0,"event_name":"Match and Keep!","floor":11,"gold_loss":0,"cards_obtained":[]},{"damage_healed":0,"gold_gain":0,"player_choice":"Forge","damage_taken":0,"max_hp_gain":0,"max_hp_loss":0,"event_name":"Accursed Blacksmith","floor":14,"gold_loss":0,"cards_upgraded":["Noxious Fumes"]},{"damage_healed":0,"gold_gain":0,"player_choice":"Became a vampire","damage_taken":0,"max_hp_gain":0,"max_hp_loss":20,"event_name":"Vampires","floor":20,"gold_loss":0,"cards_obtained":["Bite","Bite","Bite","Bite","Bite"]},{"damage_healed":0,"gold_gain":0,"player_choice":"Read","damage_taken":0,"max_hp_gain":0,"max_hp_loss":0,"event_name":"The Library","floor":21,"gold_loss":0,"cards_obtained":["Crippling Poison"]},{"damage_healed":0,"gold_gain":0,"player_choice":"Ignored","damage_taken":0,"max_hp_gain":0,"max_hp_loss":0,"event_name":"The Mausoleum","floor":31,"gold_loss":0}],"is_beta":false,"boss_relics":[{"not_picked":["Runic Pyramid","Busted Crown"],"picked":"Lizard Tail"}],"items_purged_floors":[],"is_endless":false,"potions_floor_spawned":[7,18,23,24,29],"killed_by":"Collector","ascension_level":17}