{"gold_per_floor":[114,64,11,11,11,11,24,34,107,135,60,86,86,135,135,233,233,247,247],"floor_reached":19,"playtime":404,"items_purged":["Strike_R"],"score":234,"play_id":"e587e23c-afa7-4ee7-aa07-e0a30a08b8c0","local_time":"20181109012212","is_ascension_mode":true,"campfire_choices":[{"data":"Panacea","floor":6,"key":"SMITH"},{"data":"Uppercut","floor":15,"key":"SMITH"}],"neow_cost":"NONE","seed_source_timestamp":9212964171540,"circlet_count":0,"master_deck":["Bash+1","Panacea+1","Clash","Iron Wave","Cleave","Uppercut+1","Brutality","Warcry","Havoc","Anger","Clothesline","Shockwave","Perfected Strike","Wild Strike","Sword Boomerang+1"],"relics":["Burning Blood","Mummified Hand","Lantern","Paper Frog","Anchor","Pandora\u0027s Box"],"potions_floor_usage":[10,16],"damage_taken":[{"damage":11,"enemies":"Jaw Worm","floor":1,"turns":7},{"damage":2,"enemies":"Small Slimes","floor":7,"turns":3},{"damage":0,"enemies":"Cultist","floor":8,"turns":3},{"damage":6,"enemies":"Gremlin Nob","floor":10,"turns":3},{"damage":30,"enemies":"3 Sentries","floor":12,"turns":7},{"damage":22,"enemies":"Hexaghost","floor":16,"turns":9},{"damage":15,"enemies":"Shell Parasite","floor":18,"turns":4},{"damage":33,"enemies":"Colosseum Slavers","floor":19,"turns":4},{"damage":30,"enemies":"Colosseum Nobs","floor":19,"turns":2}],"seed_played":"3632052538490916867","potions_obtained":[{"floor":1,"key":"Fire Potion"},{"floor":12,"key":"PowerPotion"}],"is_trial":false,"path_per_floor":["M","?","$","?","$","R","M","M","T","E","$","E","?","T","R","B",null,"M","?"],"character_chosen":"IRONCLAD","items_purchased":["Iron Wave"],"campfire_rested":0,"item_purchase_floors":[3],"current_hp_per_floor":[67,67,67,51,51,51,55,61,61,61,61,37,37,37,37,21,65,56,0],"gold":247,"neow_bonus":"RANDOM_COLORLESS","is_prod":false,"is_daily":false,"chose_seed":false,"campfire_upgraded":2,"win_rate":0,"timestamp":1541726532,"path_taken":["M","?","$","?","?","R","?","M","T","E","$","E","?","?","R","BOSS","M","?"],"build_version":"2018-11-01","purchased_purges":1,"victory":false,"max_hp_per_floor":[80,80,80,80,80,80,80,80,80,80,80,80,80,80,80,80,80,80,80],"card_choices":[{"not_picked":["Pummel","Fire Breathing"],"picked":"Clash","floor":1},{"not_picked":["Twin Strike","Perfected Strike"],"picked":"Cleave","floor":7},{"not_picked":["True Grit","Power Through"],"picked":"Uppercut","floor":8},{"not_picked":["Hemokinesis","Juggernaut","Warcry"],"picked":"SKIP","floor":10},{"not_picked":["Pummel","Havoc","Searing Blow"],"picked":"SKIP","floor":12},{"not_picked":["Fiend Fire","Barricade"],"picked":"Brutality","floor":16},{"not_picked":["Anger","Iron Wave"],"picked":"Sword Boomerang+1","floor":18}],"player_experience":123276,"relics_obtained":[{"floor":9,"key":"Mummified Hand"},{"floor":10,"key":"Lantern"},{"floor":12,"key":"Paper Frog"},{"floor":14,"key":"Anchor"}],"event_choices":[{"cards_removed":["Strike_R"],"damage_healed":0,"gold_gain":0,"player_choice":"Card Removal","damage_taken":0,"max_hp_gain":0,"max_hp_loss":0,"event_name":"The Cleric","floor":2,"gold_loss":50},{"damage_healed":0,"gold_gain":0,"player_choice":"Entered Light","damage_taken":16,"max_hp_gain":0,"max_hp_loss":0,"event_name":"Shining Light","floor":4,"gold_loss":0,"cards_upgraded":["Strike_R","Bash"]},{"damage_healed":0,"gold_gain":0,"player_choice":"Ignored","damage_taken":0,"max_hp_gain":0,"max_hp_loss":0,"event_name":"Liars Game","floor":13,"gold_loss":0},{"damage_healed":0,"gold_gain":0,"player_choice":"Fight","damage_taken":0,"max_hp_gain":0,"max_hp_loss":0,"event_name":"Colosseum","floor":19,"gold_loss":0},{"damage_healed":0,"gold_gain":0,"player_choice":"Fought Nobs","damage_taken":0,"max_hp_gain":0,"max_hp_loss":0,"event_name":"Colosseum","floor":19,"gold_loss":0}],"is_beta":false,"boss_relics":[{"not_picked":["Black Blood","Empty Cage"],"picked":"Pandora\u0027s Box"}],"items_purged_floors":[11],"is_endless":false,"potions_floor_spawned":[1,12,19],"killed_by":"Colosseum Nobs","ascension_level":7}