{"gold_per_floor":[115,125,125,95,108,138,138,167,167,167,48,60,91,110,110,185,185,198,210,107,119,119,119,129,129,154,154,173,173],"floor_reached":29,"playtime":2037,"items_purged":["Strike_G"],"score":453,"play_id":"eb654f08-026a-4252-a02b-4127e294c231","local_time":"20190128181912","is_ascension_mode":true,"campfire_choices":[{"floor":7,"key":"REST"},{"floor":10,"key":"REST"},{"floor":15,"key":"DIG"},{"floor":23,"key":"DIG"},{"floor":25,"key":"REST"},{"data":"Envenom","floor":27,"key":"SMITH"}],"neow_cost":"NONE","seed_source_timestamp":520229928541283,"circlet_count":0,"master_deck":["AscendersBane","Defend_G","Defend_G","Defend_G","Defend_G","Defend_G","Strike_G","Strike_G","Strike_G","Survivor","Neutralize","Poisoned Stab","Dagger Spray","Sucker Punch","Dash","Deflect","Footwork","Leg Sweep","Deadly Poison","Deadly Poison","Blur","Adrenaline","Caltrops","Blur","Terror","Endless Agony","PiercingWail","Well Laid Plans+1","Cloak And Dagger","Backflip","Envenom+1","PiercingWail"],"relics":["Lizard Tail","Shovel","Ice Cream","Ginger","Lantern","Dodecahedron","Orrery","Regal Pillow"],"potions_floor_usage":[6,16,21,21,22,28],"damage_taken":[{"damage":11,"enemies":"Jaw Worm","floor":1,"turns":7},{"damage":0,"enemies":"2 Louse","floor":2,"turns":3},{"damage":6,"enemies":"Cultist","floor":5,"turns":4},{"damage":20,"enemies":"3 Sentries","floor":6,"turns":7},{"damage":28,"enemies":"Gremlin Nob","floor":8,"turns":5},{"damage":0,"enemies":"Red Slaver","floor":12,"turns":4},{"damage":16,"enemies":"3 Sentries","floor":13,"turns":13},{"damage":0,"enemies":"Looter","floor":14,"turns":4},{"damage":5,"enemies":"Hexaghost","floor":16,"turns":12},{"damage":22,"enemies":"Chosen","floor":18,"turns":4},{"damage":13,"enemies":"Spheric Guardian","floor":19,"turns":8},{"damage":15,"enemies":"Snake Plant","floor":21,"turns":6},{"damage":6,"enemies":"Colosseum Slavers","floor":22,"turns":6},{"damage":14,"enemies":"Snecko","floor":24,"turns":7},{"damage":28,"enemies":"Centurion and Healer","floor":28,"turns":14},{"damage":12,"enemies":"Gremlin Leader","floor":29,"turns":2}],"seed_played":"-2934385533014921048","potions_obtained":[{"floor":4,"key":"SpeedPotion"},{"floor":4,"key":"Fire Potion"},{"floor":12,"key":"Explosive Potion"},{"floor":14,"key":"Regen Potion"},{"floor":16,"key":"Weak Potion"},{"floor":18,"key":"Ancient Potion"},{"floor":21,"key":"AttackPotion"},{"floor":24,"key":"SteroidPotion"}],"is_trial":false,"path_per_floor":["M","M","?","?","M","E","R","E","T","R","$","M","E","M","R","B",null,"M","M","$","M","?","R","M","R","T","R","M","E"],"character_chosen":"THE_SILENT","items_purchased":["Footwork","Leg Sweep","Cloak And Dagger"],"campfire_rested":3,"item_purchase_floors":[11,11,20],"current_hp_per_floor":[48,48,41,41,35,15,34,6,6,25,25,25,9,9,9,19,54,32,19,19,4,33,33,19,38,38,38,10,0],"gold":173,"neow_bonus":"BOSS_RELIC","is_prod":false,"is_daily":false,"chose_seed":false,"campfire_upgraded":1,"win_rate":0,"timestamp":1548721152,"path_taken":["M","M","?","?","M","E","R","E","T","R","$","?","E","M","R","BOSS","M","M","?","M","?","R","M","R","T","R","M","E"],"build_version":"2019-01-23","purchased_purges":1,"victory":false,"max_hp_per_floor":[66,66,66,66,66,66,66,66,66,66,66,66,66,66,66,66,66,66,66,66,66,66,66,66,66,66,66,66,66],"card_choices":[{"not_picked":["Choke","Backflip"],"picked":"Poisoned Stab","floor":1},{"not_picked":["Cloak And Dagger","Bouncing Flask"],"picked":"Dagger Spray","floor":2},{"not_picked":["Heel Hook","Blade Dance"],"picked":"Sucker Punch","floor":5},{"not_picked":["Backstab","Night Terror"],"picked":"Dash","floor":6},{"not_picked":["Distraction","Skewer"],"picked":"Deflect","floor":8},{"not_picked":["Flechettes","Distraction"],"picked":"Deadly Poison","floor":12},{"not_picked":["Sucker Punch","Eviscerate"],"picked":"Deadly Poison","floor":13},{"not_picked":["All Out Attack","Outmaneuver"],"picked":"Blur","floor":14},{"not_picked":["Glass Knife","Unload"],"picked":"Adrenaline","floor":16},{"not_picked":["Concentrate","Dagger Spray"],"picked":"Caltrops","floor":17},{"not_picked":["Terror","Cloak And Dagger"],"picked":"Blur","floor":17},{"not_picked":["Dagger Throw","Cloak And Dagger"],"picked":"Terror","floor":17},{"not_picked":["Dagger Throw","Acrobatics"],"picked":"Endless Agony","floor":17},{"not_picked":["Flying Knee","Cloak And Dagger+1"],"picked":"PiercingWail","floor":18},{"not_picked":["Eviscerate","Prepared"],"picked":"Well Laid Plans+1","floor":19},{"not_picked":["Outmaneuver","Escape Plan"],"picked":"Backflip","floor":21},{"not_picked":["Backflip","Outmaneuver+1"],"picked":"Envenom","floor":24},{"not_picked":["Reflex","Quick Slash"],"picked":"PiercingWail","floor":28}],"player_experience":609965,"relics_obtained":[{"floor":6,"key":"Shovel"},{"floor":8,"key":"Ice Cream"},{"floor":9,"key":"Ginger"},{"floor":13,"key":"Lantern"},{"floor":15,"key":"Dodecahedron"},{"floor":26,"key":"Regal Pillow"}],"event_choices":[{"cards_removed":["Strike_G"],"damage_healed":0,"gold_gain":0,"player_choice":"Card Removal","damage_taken":7,"max_hp_gain":0,"max_hp_loss":0,"event_name":"Golden Wing","floor":3,"gold_loss":0},{"damage_healed":0,"gold_gain":0,"player_choice":"Bought 2 Potions","damage_taken":0,"max_hp_gain":0,"max_hp_loss":0,"event_name":"The Woman in Blue","floor":4,"gold_loss":0},{"damage_healed":0,"gold_gain":0,"player_choice":"Fight","damage_taken":0,"max_hp_gain":0,"max_hp_loss":0,"event_name":"Colosseum","floor":22,"gold_loss":0},{"damage_healed":0,"gold_gain":0,"player_choice":"Fled From Nobs","damage_taken":0,"max_hp_gain":0,"max_hp_loss":0,"event_name":"Colosseum","floor":22,"gold_loss":0}],"is_beta":false,"boss_relics":[{"not_picked":["Tiny House","Ectoplasm"],"picked":"Orrery"}],"items_purged_floors":[20],"is_endless":false,"potions_floor_spawned":[12,14,16,18,21,24],"killed_by":"Gremlin Leader","ascension_level":17}