{"gold_per_floor":[113,113,124,299,299,328,341,370,370,424,424,197,215,229,229,330,330,344,344,444,444,462,462],"floor_reached":23,"playtime":3047,"items_purged":["Strike_G"],"score":235,"play_id":"1cff24a3-79d8-45c5-826d-28d7be379b36","local_time":"20190121172436","is_ascension_mode":true,"campfire_choices":[{"floor":15.0,"key":"RECALL"}],"neow_cost":"NONE","seed_source_timestamp":0,"circlet_count":0,"master_deck":["Defend_G","Defend_G","Defend_G","Defend_G","Defend_G","Strike_G","Strike_G","Strike_G","Strike_G","Survivor","Neutralize","Cloak And Dagger","Leg Sweep","Well Laid Plans","Backstab","A Thousand Cuts","Leg Sweep","Blur","Backflip"],"special_seed":0,"relics":["Ring of the Snake","NeowsBlessing","WarpedTongs","Bird Faced Urn","Sundial","Dodecahedron","Omamori","Pen Nib","Snecko Eye","Meat on the Bone","Shovel","MutagenicStrength"],"potions_floor_usage":[20],"damage_taken":[{"damage":0.0,"enemies":"2 Louse","floor":1.0,"turns":1.0},{"damage":0.0,"enemies":"Cultist","floor":3.0,"turns":1.0},{"damage":1.0,"enemies":"3 Sentries","floor":6.0,"turns":2.0},{"damage":2.0,"enemies":"Jaw Worm","floor":7.0,"turns":4.0},{"damage":40.0,"enemies":"Gremlin Nob","floor":8.0,"turns":7.0},{"damage":0.0,"enemies":"2 Fungi Beasts","floor":13.0,"turns":4.0},{"damage":0.0,"enemies":"Blue Slaver","floor":14.0,"turns":4.0},{"damage":10.0,"enemies":"Hexaghost","floor":16.0,"turns":16.0},{"damage":0.0,"enemies":"Chosen","floor":18.0,"turns":6.0},{"damage":2,"enemies":"Colosseum Slavers","floor":20,"turns":6},{"damage":21,"enemies":"Colosseum Nobs","floor":20,"turns":8},{"damage":0,"enemies":"3 Byrds","floor":22,"turns":5},{"damage":57,"enemies":"Gremlin Leader","floor":23,"turns":12}],"seed_played":"-3273268956189651905","potions_obtained":[{"floor":6.0,"key":"EntropicBrew"},{"floor":7.0,"key":"Poison Potion"},{"floor":16.0,"key":"Explosive Potion"},{"floor":18.0,"key":"FearPotion"}],"is_trial":false,"path_per_floor":["M","?","M","?","?","E","M","E","T","T","?","$","M","M","R","B",null,"M","?","?","?","M","E"],"character_chosen":"THE_SILENT","items_purchased":["Pen Nib"],"campfire_rested":0,"item_purchase_floors":[12],"current_hp_per_floor":[70,70,70,70,67,66,66,28,28,28,28,28,30,32,32,24,70,70,57,42,42,46,0],"gold":462,"neow_bonus":"THREE_ENEMY_KILL","is_prod":false,"is_daily":false,"chose_seed":false,"campfire_upgraded":0,"win_rate":0,"timestamp":1548109476,"path_taken":["M","?","?","?","?","E","M","E","T","?","?","$","?","M","R","BOSS","M","?","?","?","M","E"],"build_version":"2019-01-17v2","purchased_purges":1,"victory":false,"max_hp_per_floor":[70,70,70,70,70,70,70,70,70,70,70,70,70,70,70,70,70,70,75,75,75,75,75],"card_choices":[{"not_picked":["Bane","Backflip"],"picked":"Cloak And Dagger","floor":1.0},{"not_picked":["Predator","Bullet Time"],"picked":"Leg Sweep","floor":3.0},{"not_picked":["Dagger Spray","Deadly Poison"],"picked":"Well Laid Plans","floor":6.0},{"not_picked":["Skewer","Eviscerate","Poisoned Stab"],"picked":"SKIP","floor":7.0},{"not_picked":["Bane","Dagger Spray","Outmaneuver"],"picked":"SKIP","floor":8.0},{"not_picked":["Unload","Slice","Riddle With Holes"],"picked":"SKIP","floor":13.0},{"not_picked":["Caltrops","Skewer"],"picked":"Backstab","floor":14.0},{"not_picked":["Envenom","Corpse Explosion"],"picked":"A Thousand Cuts","floor":16.0},{"not_picked":["Poisoned Stab","Prepared"],"picked":"Leg Sweep","floor":18.0},{"not_picked":["Leg Sweep","Flechettes"],"picked":"Blur","floor":20},{"not_picked":["Quick Slash","Bouncing Flask"],"picked":"Backflip","floor":22}],"player_experience":71674,"relics_obtained":[{"floor":6.0,"key":"Sundial"},{"floor":8.0,"key":"Dodecahedron"},{"floor":10.0,"key":"Omamori"},{"floor":20,"key":"Meat on the Bone"},{"floor":20,"key":"Shovel"}],"event_choices":[{"damage_healed":0.0,"max_hp_gain":0.0,"max_hp_loss":0.0,"gold_gain":0.0,"event_name":"Accursed Blacksmith","player_choice":"Rummage","floor":2.0,"gold_loss":0.0,"damage_taken":0.0,"relics_obtained":["WarpedTongs"],"cards_obtained":["Pain"]},{"damage_healed":0.0,"max_hp_gain":0.0,"max_hp_loss":0.0,"gold_gain":175.0,"event_name":"Liars Game","player_choice":"AGREE","floor":4.0,"gold_loss":0.0,"damage_taken":0.0,"cards_obtained":["Doubt"]},{"damage_healed":0.0,"max_hp_gain":0.0,"max_hp_loss":0.0,"gold_gain":0.0,"event_name":"Scrap Ooze","player_choice":"Success","floor":5.0,"gold_loss":0.0,"damage_taken":3.0,"relics_obtained":["Bird Faced Urn"]},{"cards_removed":["Doubt","Pain"],"damage_healed":0.0,"max_hp_gain":0.0,"max_hp_loss":0.0,"gold_gain":0.0,"event_name":"Fountain of Cleansing","player_choice":"Removed Curses","floor":11.0,"gold_loss":0.0,"damage_taken":0.0},{"damage_healed":0.0,"max_hp_gain":5.0,"max_hp_loss":0.0,"gold_gain":0.0,"event_name":"Forgotten Altar","player_choice":"Shed Blood","floor":19.0,"gold_loss":0.0,"damage_taken":18.0},{"damage_healed":0,"gold_gain":0,"player_choice":"Fight","damage_taken":0,"max_hp_gain":0,"max_hp_loss":0,"event_name":"Colosseum","floor":20,"gold_loss":0},{"damage_healed":0,"gold_gain":0,"player_choice":"Fought Nobs","damage_taken":0,"max_hp_gain":0,"max_hp_loss":0,"event_name":"Colosseum","floor":20,"gold_loss":0},{"damage_healed":0,"gold_gain":0,"player_choice":"Inject Mutagens","damage_taken":0,"relics_obtained":["MutagenicStrength"],"max_hp_gain":0,"max_hp_loss":0,"event_name":"Drug Dealer","floor":21,"gold_loss":0}],"is_beta":false,"boss_relics":[{"not_picked":["Philosopher\u0027s Stone","White Beast Statue"],"picked":"Snecko Eye"}],"items_purged_floors":[12],"is_endless":false,"potions_floor_spawned":[6,7,16,18,20],"killed_by":"Gremlin Leader","ascension_level":1}