{"gold_per_floor":[111,130,149,224,224,224,237,237,309,339,339,369,369,382,382,382],"floor_reached":16,"playtime":511,"items_purged":[],"score":149,"play_id":"f2ae669b-a226-4a2c-8ac3-829148bec999","local_time":"20180826224032","is_ascension_mode":true,"campfire_choices":[{"data":"Whirlwind","floor":6,"key":"SMITH"},{"data":"Perfected Strike","floor":8,"key":"SMITH"},{"floor":11,"key":"REST"},{"data":"Flex","floor":13,"key":"SMITH"},{"data":"Perfected Strike","floor":15,"key":"SMITH"}],"neow_cost":"NONE","seed_source_timestamp":421709993352043,"circlet_count":0,"master_deck":["Strike_R","Strike_R","Strike_R","Strike_R","Strike_R","Defend_R","Defend_R","Defend_R","Defend_R","Bash","Double Tap","Perfected Strike+1","Whirlwind+1","Cleave","Flex+1","Perfected Strike+1","Thunderclap"],"relics":["Burning Blood","Matryoshka","Red Skull","Smiling Mask"],"potions_floor_usage":[16,16],"damage_taken":[{"damage":11,"enemies":"Cultist","floor":1,"turns":4},{"damage":7,"enemies":"Jaw Worm","floor":2,"turns":3},{"damage":7,"enemies":"Small Slimes","floor":3,"turns":3},{"damage":5,"enemies":"3 Louse","floor":7,"turns":2},{"damage":25,"enemies":"Lagavulin","floor":10,"turns":5},{"damage":24,"enemies":"Gremlin Nob","floor":12,"turns":4},{"damage":8,"enemies":"Blue Slaver","floor":14,"turns":2},{"damage":41,"enemies":"The Guardian","floor":16,"turns":6}],"seed_played":"3276725024833954214","potions_obtained":[{"floor":7,"key":"SmokeBomb"},{"floor":12,"key":"Dexterity Potion"},{"floor":14,"key":"Explosive Potion"}],"is_trial":false,"path_per_floor":["M","M","M","?","?","R","M","R","T","E","R","E","R","M","R"],"character_chosen":"IRONCLAD","items_purchased":[],"campfire_rested":1,"item_purchase_floors":[],"current_hp_per_floor":[67,66,65,54,54,54,55,55,55,36,60,42,42,40,40,0],"gold":382,"neow_bonus":"ONE_RANDOM_RARE_CARD","is_prod":false,"is_daily":false,"chose_seed":false,"campfire_upgraded":4,"win_rate":0,"timestamp":1535341232,"path_taken":["M","?","M","?","?","R","M","R","T","E","R","E","R","M","R","BOSS"],"build_version":"2018-08-23v2","purchased_purges":0,"victory":false,"max_hp_per_floor":[80,80,80,80,80,80,80,80,80,80,80,80,80,80,80,80],"card_choices":[{"not_picked":["Sword Boomerang","Twin Strike"],"picked":"Perfected Strike","floor":1},{"not_picked":["Burning Pact","Flex"],"picked":"Whirlwind","floor":2},{"not_picked":["Spot Weakness","Thunderclap"],"picked":"Cleave","floor":3},{"not_picked":["Anger","Body Slam"],"picked":"Flex","floor":7},{"not_picked":["Clash","Armaments"],"picked":"Perfected Strike","floor":10},{"not_picked":["Entrench","Thunderclap","Searing Blow"],"picked":"SKIP","floor":12},{"not_picked":["Rupture","Clothesline"],"picked":"Thunderclap","floor":14}],"player_experience":255807,"relics_obtained":[{"floor":9,"key":"Matryoshka"},{"floor":10,"key":"Red Skull"},{"floor":12,"key":"Smiling Mask"}],"event_choices":[{"event_name":"World of Goop","player_choice":"Gather Gold","floor":4,"damage_taken":0},{"event_name":"Liars Game","player_choice":"disagreed","floor":5,"damage_taken":0}],"is_beta":false,"boss_relics":[],"items_purged_floors":[],"is_endless":false,"potions_floor_spawned":[7,12,14],"killed_by":"The Guardian","ascension_level":7}