{"gold_per_floor":[111,126,56,231,248,248,271,271,271,271,283,78,78,91,91,91],"floor_reached":16,"playtime":529,"items_purged":[],"score":104,"play_id":"bcc27c63-b2b4-43e6-9e52-7b2ce90abb07","local_time":"20190204013225","is_ascension_mode":true,"campfire_choices":[{"data":"Neutralize","floor":6,"key":"SMITH"},{"data":"Cloak And Dagger","floor":8,"key":"SMITH"},{"data":"Doubt","floor":10,"key":"PURGE"},{"floor":15,"key":"REST"}],"neow_cost":"NONE","seed_source_timestamp":1984521041233399,"circlet_count":0,"master_deck":["Defend_G","Defend_G","Defend_G","Defend_G","Defend_G","Strike_G","Strike_G","Strike_G","Strike_G","Strike_G","Survivor","Neutralize+1","Backflip","Terror","Accuracy+1","Well Laid Plans","Cloak And Dagger","Cloak And Dagger+1","Cloak And Dagger"],"relics":["Ring of the Snake","Odd Mushroom","Peace Pipe","MealTicket"],"potions_floor_usage":[7],"damage_taken":[{"damage":5,"enemies":"Small Slimes","floor":1,"turns":5},{"damage":2,"enemies":"Jaw Worm","floor":2,"turns":6},{"damage":1,"enemies":"Cultist","floor":5,"turns":5},{"damage":20,"enemies":"The Mushroom Lair","floor":7,"turns":5},{"damage":12,"enemies":"Exordium Thugs","floor":11,"turns":6},{"damage":9,"enemies":"3 Louse","floor":14,"turns":2},{"damage":47,"enemies":"Slime Boss","floor":16,"turns":7}],"seed_played":"1402005610494939902","potions_obtained":[{"floor":1,"key":"Explosive Potion"}],"is_trial":false,"path_per_floor":["M","M","$","?","M","R","?","R","T","R","M","$","?","M","R","B"],"character_chosen":"THE_SILENT","items_purchased":["Well Laid Plans","MealTicket"],"campfire_rested":1,"item_purchase_floors":[3,12],"current_hp_per_floor":[65,63,63,63,62,62,42,42,42,42,30,30,30,21,42,0],"gold":91,"neow_bonus":"THREE_CARDS","is_prod":false,"is_daily":false,"chose_seed":false,"campfire_upgraded":2,"win_rate":0,"timestamp":1549265545,"path_taken":["M","M","$","?","M","R","?","R","T","R","M","$","?","M","R","BOSS"],"build_version":"2019-01-23","purchased_purges":0,"victory":false,"max_hp_per_floor":[70,70,70,70,70,70,70,70,70,70,70,70,70,70,70,70],"card_choices":[{"not_picked":["Poisoned Stab","Dodge and Roll"],"picked":"Backflip","floor":0},{"not_picked":["Blade Dance","Deadly Poison"],"picked":"Terror","floor":1},{"not_picked":["Dodge and Roll","Sucker Punch"],"picked":"Accuracy","floor":2},{"not_picked":["Dagger Throw","Poisoned Stab"],"picked":"Cloak And Dagger","floor":5},{"not_picked":["PiercingWail","Choke"],"picked":"Cloak And Dagger","floor":7},{"not_picked":["Predator","Flechettes"],"picked":"Cloak And Dagger","floor":11},{"not_picked":["Outmaneuver","Sucker Punch","Bane"],"picked":"SKIP","floor":14}],"player_experience":78119,"relics_obtained":[{"floor":7,"key":"Odd Mushroom"},{"floor":9,"key":"Peace Pipe"}],"event_choices":[{"damage_healed":0,"gold_gain":175,"player_choice":"AGREE","damage_taken":0,"max_hp_gain":0,"max_hp_loss":0,"event_name":"Liars Game","floor":4,"gold_loss":0,"cards_obtained":["Doubt"]},{"damage_healed":0,"gold_gain":0,"player_choice":"Fought Mushrooms","damage_taken":0,"max_hp_gain":0,"max_hp_loss":0,"event_name":"Mushrooms","floor":7,"gold_loss":0},{"damage_healed":0,"gold_gain":0,"player_choice":"Forge","damage_taken":0,"max_hp_gain":0,"max_hp_loss":0,"event_name":"Accursed Blacksmith","floor":13,"gold_loss":0,"cards_upgraded":["Accuracy"]}],"is_beta":true,"boss_relics":[],"items_purged_floors":[],"is_endless":false,"potions_floor_spawned":[1],"killed_by":"Slime Boss","ascension_level":3}