{"gold_per_floor":[118,118,43,43,61,61,78,78,78,78,54,54,54,72,72,151,151,170,170,170,28,28,28,28],"floor_reached":24,"playtime":550,"items_purged":["Strike_G","Strike_G"],"score":351,"play_id":"a9fef450-130f-439d-8036-93f8ffe26bbb","local_time":"20190202221405","is_ascension_mode":true,"campfire_choices":[{"data":"Heel Hook","floor":6,"key":"SMITH"},{"data":"Heel Hook","floor":8,"key":"SMITH"},{"data":"Backflip","floor":13,"key":"SMITH"},{"data":"Backflip","floor":15,"key":"SMITH"},{"floor":23,"key":"REST"}],"neow_cost":"NONE","seed_source_timestamp":19308993550939,"circlet_count":0,"master_deck":["AscendersBane","Defend_G","Defend_G","Defend_G","Defend_G+1","Defend_G+1","Strike_G","Strike_G","Strike_G","Survivor","Neutralize+1","Heel Hook+1","Heel Hook+1","Sucker Punch","Backflip+1","Backflip+1","Die Die Die","Backstab","Heel Hook","Footwork"],"relics":["Ring of the Snake","Vajra","Meat on the Bone","Dream Catcher","Fusion Hammer"],"potions_floor_usage":[18],"damage_taken":[{"damage":0,"enemies":"2 Louse","floor":1,"turns":3},{"damage":1,"enemies":"Jaw Worm","floor":5,"turns":4},{"damage":0,"enemies":"Cultist","floor":7,"turns":3},{"damage":3,"enemies":"Exordium Thugs","floor":14,"turns":5},{"damage":9,"enemies":"The Guardian","floor":16,"turns":19},{"damage":3,"enemies":"Spheric Guardian","floor":18,"turns":5},{"damage":61,"enemies":"Book of Stabbing","floor":24,"turns":7}],"seed_played":"4038874971464110879","potions_obtained":[{"floor":1,"key":"Explosive Potion"},{"floor":7,"key":"GhostInAJar"}],"is_trial":false,"path_per_floor":["M","?","$","?","M","R","M","R","T","T","$","$","R","M","R","B",null,"M","?","?","$","?","R","E"],"character_chosen":"THE_SILENT","items_purchased":["Backflip","Footwork"],"campfire_rested":1,"item_purchase_floors":[11,21],"current_hp_per_floor":[59,39,39,39,38,38,38,38,38,38,38,38,38,35,35,38,59,56,56,38,38,38,59,0],"gold":28,"neow_bonus":"RANDOM_COMMON_RELIC","is_prod":false,"is_daily":false,"chose_seed":false,"campfire_upgraded":4,"win_rate":0,"timestamp":1549145645,"path_taken":["M","?","$","?","M","R","?","R","T","?","?","$","R","M","R","BOSS","M","?","?","$","?","R","E"],"build_version":"2019-01-23","purchased_purges":2,"victory":false,"max_hp_per_floor":[66,66,66,66,66,66,66,66,66,66,66,66,66,66,66,66,66,66,66,71,71,71,71,71],"card_choices":[{"not_picked":["Setup","Deflect"],"picked":"Heel Hook","floor":1},{"not_picked":["Cloak And Dagger","Backstab"],"picked":"Heel Hook","floor":5},{"not_picked":["Endless Agony","Blur"],"picked":"Sucker Punch","floor":7},{"not_picked":["Leg Sweep","Well Laid Plans"],"picked":"Backflip","floor":14},{"not_picked":["Burst","Bullet Time"],"picked":"Die Die Die","floor":16},{"not_picked":["Prepared","Bouncing Flask"],"picked":"Backstab","floor":18}],"player_experience":416376,"relics_obtained":[{"floor":9,"key":"Meat on the Bone"},{"floor":10,"key":"Dream Catcher"}],"event_choices":[{"damage_healed":0,"gold_gain":0,"player_choice":"Entered Light","damage_taken":20,"max_hp_gain":0,"max_hp_loss":0,"event_name":"Shining Light","floor":2,"gold_loss":0,"cards_upgraded":["Defend_G","Defend_G"]},{"damage_healed":0,"gold_gain":0,"player_choice":"Forge","damage_taken":0,"max_hp_gain":0,"max_hp_loss":0,"event_name":"Accursed Blacksmith","floor":4,"gold_loss":0,"cards_upgraded":["Neutralize"]},{"damage_healed":0,"gold_gain":0,"player_choice":"Read","damage_taken":0,"max_hp_gain":0,"max_hp_loss":0,"event_name":"The Library","floor":19,"gold_loss":0,"cards_obtained":["Heel Hook"]},{"damage_healed":0,"gold_gain":0,"player_choice":"Shed Blood","damage_taken":23,"max_hp_gain":5,"max_hp_loss":0,"event_name":"Forgotten Altar","floor":20,"gold_loss":0},{"damage_healed":0,"gold_gain":0,"player_choice":"Ignored","damage_taken":0,"max_hp_gain":0,"max_hp_loss":0,"event_name":"Beggar","floor":22,"gold_loss":0}],"is_beta":false,"boss_relics":[{"not_picked":["Orrery","Busted Crown"],"picked":"Fusion Hammer"}],"items_purged_floors":[3,21],"is_endless":false,"potions_floor_spawned":[1,7,14],"killed_by":"Book of Stabbing","ascension_level":19}