{"gold_per_floor":[112,37,57,72,72,72,86,96,122,133,133,208,229,3,3,122,122,138,156,9,33,33],"floor_reached":22,"playtime":1108,"items_purged":["Strike_R"],"score":180,"play_id":"b0df73aa-0cfe-469f-9a3e-331031a73b1b","local_time":"20180908224026","is_ascension_mode":false,"campfire_choices":[{"data":"True Grit","floor":6,"key":"SMITH"},{"data":"Limit Break","floor":15,"key":"SMITH"}],"neow_cost":"PERCENT_DAMAGE","seed_source_timestamp":30322380838014,"circlet_count":0,"master_deck":["Strike_R","Strike_R","Strike_R","Defend_R","Defend_R","Defend_R","Defend_R","Bash","Disarm","Hemokinesis","Immolate","True Grit+1","Inflame","Limit Break+1","Burning Pact","Whirlwind","Battle Trance"],"relics":["Burning Blood","Gambling Chip","Boot","Golden Idol","Orrery","Vajra"],"potions_floor_usage":[16,18,18],"damage_taken":[{"damage":1,"enemies":"2 Louse","floor":1,"turns":3},{"damage":9,"enemies":"Small Slimes","floor":3,"turns":4},{"damage":0,"enemies":"Cultist","floor":4,"turns":3},{"damage":3,"enemies":"Blue Slaver","floor":7,"turns":5},{"damage":11,"enemies":"Exordium Thugs","floor":8,"turns":3},{"damage":0,"enemies":"2 Fungi Beasts","floor":10,"turns":2},{"damage":0,"enemies":"3 Louse","floor":13,"turns":1},{"damage":54,"enemies":"Slime Boss","floor":16,"turns":10},{"damage":28,"enemies":"Spheric Guardian","floor":18,"turns":5},{"damage":3,"enemies":"3 Byrds","floor":19,"turns":4},{"damage":58,"enemies":"Sentry and Sphere","floor":21,"turns":6},{"damage":14,"enemies":"Centurion and Healer","floor":22,"turns":3}],"seed_played":"550564331121891075","potions_obtained":[{"floor":3,"key":"BloodPotion"},{"floor":7,"key":"SneckoOil"},{"floor":8,"key":"Swift Potion"},{"floor":18,"key":"LiquidBronze"}],"is_trial":false,"path_per_floor":["M","$","M","M","?","R","M","M","T","M","?","?","M","$","R","B",null,"M","M","$","M"],"character_chosen":"IRONCLAD","items_purchased":["Hemokinesis","Limit Break","Vajra"],"campfire_rested":0,"item_purchase_floors":[2,14,20],"current_hp_per_floor":[61,61,58,64,64,64,67,62,62,68,68,57,63,63,63,15,74,59,62,62,10,0],"gold":33,"neow_bonus":"ONE_RARE_RELIC","is_prod":false,"is_daily":false,"chose_seed":false,"campfire_upgraded":2,"win_rate":0,"timestamp":1536442826,"path_taken":["M","$","M","M","?","R","M","M","T","?","?","?","?","$","R","BOSS","M","M","$","M","M"],"build_version":"2018-09-06","purchased_purges":1,"victory":false,"max_hp_per_floor":[80,80,80,80,80,80,80,80,80,80,74,74,74,74,74,74,74,74,74,74,74,74],"card_choices":[{"not_picked":["Flex","Body Slam"],"picked":"Disarm","floor":1},{"not_picked":["Armaments","Sever Soul"],"picked":"Immolate","floor":3},{"not_picked":["Iron Wave","Sword Boomerang"],"picked":"True Grit","floor":4},{"not_picked":["Headbutt","Armaments"],"picked":"Inflame","floor":7},{"not_picked":["Reckless Charge","Intimidate","Cleave"],"picked":"SKIP","floor":8},{"not_picked":["Clash","Wild Strike","Armaments"],"picked":"SKIP","floor":10},{"not_picked":["Anger","Sword Boomerang","Reckless Charge"],"picked":"SKIP","floor":13},{"not_picked":["Armaments","Rampage"],"picked":"Burning Pact","floor":17},{"not_picked":["Iron Wave","Perfected Strike"],"picked":"Whirlwind","floor":17},{"not_picked":["Pummel","Anger"],"picked":"Battle Trance","floor":17},{"not_picked":["Perfected Strike","Anger+1","Clothesline"],"picked":"SKIP","floor":18},{"not_picked":["Armaments","Power Through","Cleave"],"picked":"SKIP","floor":19},{"not_picked":["Pummel","Spot Weakness+1","Rupture"],"picked":"SKIP","floor":21}],"player_experience":27023,"relics_obtained":[{"floor":9,"key":"Boot"}],"event_choices":[{"event_name":"Living Wall","player_choice":"Forget","floor":5,"damage_taken":0},{"event_name":"Golden Idol","player_choice":"Lose Max HP","floor":11,"damage_taken":0},{"event_name":"World of Goop","player_choice":"Gather Gold","floor":12,"damage_taken":0}],"is_beta":false,"boss_relics":[{"not_picked":["Calling Bell","Philosopher\u0027s Stone"],"picked":"Orrery"}],"items_purged_floors":[14],"is_endless":false,"potions_floor_spawned":[3,7,8,18],"killed_by":"Centurion and Healer","ascension_level":0}