{"gold_per_floor":[119,138,88,88,105,140,140,103,103,103,114,189,216,230,230,333,383,399,415,7,106,123,123,448,448,448,448,464,480,496,496,496,592,592,611,611,208,221,36,36,46,46,127,127,179,43,70,83,83,83],"floor_reached":50,"playtime":3862,"items_purged":[],"score":552,"play_id":"d1d3c060-4bfb-4482-8905-80e514dfa626","local_time":"20190113143809","is_ascension_mode":false,"campfire_choices":[{"floor":7,"key":"REST"},{"data":"Bash","floor":10,"key":"SMITH"},{"data":"Clothesline","floor":15,"key":"SMITH"},{"floor":23,"key":"REST"},{"floor":25,"key":"REST"},{"data":"Flame Barrier","floor":32,"key":"SMITH"},{"data":"Pommel Strike","floor":40,"key":"SMITH"},{"data":"Demon Form","floor":49,"key":"SMITH"}],"neow_cost":"NONE","seed_source_timestamp":355182318680600,"circlet_count":0,"master_deck":["Strike_R+1","Strike_R+1","Strike_R+1","Strike_R+1","Defend_R+1","Defend_R+1","Defend_R+1","Defend_R+1","Bash+1","Shrug It Off+1","Cleave","Iron Wave","Ghostly Armor","Clothesline+1","Demon Form+1","Spot Weakness","Impervious","Armaments+1","Metallicize","Cleave+1","Flame Barrier+1","Spot Weakness","Barricade","Heavy Blade+1","Flex","Pommel Strike+1","Master of Strategy","Flash of Steel","Pummel","Enlightenment","Sword Boomerang+1","Headbutt+1"],"relics":["Burning Blood","NeowsBlessing","Mercury Hourglass","Kunai","Vajra","Tiny House","Ornamental Fan","Old Coin","Matryoshka","MutagenicStrength","Eternal Feather","Brimstone","Anchor","Question Card","Bag of Preparation","Happy Flower","Magic Flower"],"potions_floor_usage":[6,13,14,16,19,22,28,33,35,42,47,50],"damage_taken":[{"damage":0,"enemies":"2 Louse","floor":1,"turns":1},{"damage":0,"enemies":"Small Slimes","floor":2,"turns":1},{"damage":0,"enemies":"Cultist","floor":5,"turns":1},{"damage":63,"enemies":"Lagavulin","floor":6,"turns":7},{"damage":2,"enemies":"Large Slime","floor":11,"turns":6},{"damage":8,"enemies":"3 Sentries","floor":13,"turns":7},{"damage":2,"enemies":"Looter","floor":14,"turns":3},{"damage":47,"enemies":"Slime Boss","floor":16,"turns":11},{"damage":26,"enemies":"3 Byrds","floor":18,"turns":6},{"damage":17,"enemies":"2 Thieves","floor":19,"turns":4},{"damage":16,"enemies":"Snecko","floor":22,"turns":5},{"damage":42,"enemies":"Slavers","floor":24,"turns":6},{"damage":13,"enemies":"Snake Plant","floor":28,"turns":7},{"damage":1,"enemies":"Cultist and Chosen","floor":29,"turns":8},{"damage":0,"enemies":"Snecko","floor":30,"turns":5},{"damage":45,"enemies":"Automaton","floor":33,"turns":11},{"damage":26,"enemies":"3 Darklings","floor":35,"turns":6},{"damage":1,"enemies":"3 Shapes","floor":38,"turns":4},{"damage":11,"enemies":"Sphere and 2 Shapes","floor":41,"turns":3},{"damage":0,"enemies":"Maw","floor":42,"turns":2},{"damage":17,"enemies":"Reptomancer","floor":47,"turns":5},{"damage":1,"enemies":"3 Darklings","floor":48,"turns":2},{"damage":86,"enemies":"Time Eater","floor":50,"turns":4}],"seed_played":"-8958927388105806958","potions_obtained":[{"floor":2,"key":"Swift Potion"},{"floor":5,"key":"Regen Potion"},{"floor":6,"key":"Weak Potion"},{"floor":14,"key":"Strength Potion"},{"floor":17,"key":"FearPotion"},{"floor":19,"key":"Poison Potion"},{"floor":24,"key":"Block Potion"},{"floor":28,"key":"Block Potion"},{"floor":33,"key":"SteroidPotion"},{"floor":35,"key":"GamblersBrew"}],"is_trial":false,"path_per_floor":["M","M","?","?","M","E","R","?","T","R","M","?","E","M","R","B",null,"M","M","$","?","M","R","E","R","T","?","M","M","M","?","R","B",null,"M","?","$","M","$","R","M","M","T","?","T","$","E","M","R","B"],"character_chosen":"IRONCLAD","items_purchased":["Impervious","Ornamental Fan","Brimstone","SmokeBomb","AttackPotion","Flex","Master of Strategy","Pummel","Enlightenment"],"campfire_rested":3,"item_purchase_floors":[20,20,37,37,37,37,39,46,46],"current_hp_per_floor":[80,80,80,80,80,37,61,61,61,61,65,65,63,67,67,26,85,65,54,54,54,44,69,33,58,58,58,51,56,62,62,62,23,85,65,65,65,70,70,85,80,85,85,85,85,85,74,82,85,0],"gold":83,"neow_bonus":"THREE_ENEMY_KILL","is_prod":false,"is_daily":false,"chose_seed":false,"campfire_upgraded":5,"win_rate":0.0,"timestamp":1547408289,"path_taken":["M","M","?","?","M","E","R","?","T","R","M","?","E","M","R","BOSS","M","M","$","?","M","R","E","R","T","?","M","M","M","?","R","BOSS","M","?","$","M","?","R","M","M","T","?","?","$","E","M","R","BOSS"],"build_version":"2019-01-10","purchased_purges":0,"victory":false,"max_hp_per_floor":[80,80,80,80,80,80,80,80,80,80,80,80,80,80,80,80,85,85,85,85,85,85,85,85,85,85,85,85,85,85,85,85,85,85,85,85,85,85,85,85,85,85,85,85,85,85,85,85,85,85],"card_choices":[{"not_picked":["Battle Trance","Thunderclap"],"picked":"Shrug It Off","floor":1},{"not_picked":["Clothesline","Rage"],"picked":"Cleave","floor":2},{"not_picked":["Cleave","Bloodletting","Warcry"],"picked":"SKIP","floor":5},{"not_picked":["Pummel","Combust"],"picked":"Iron Wave","floor":6},{"not_picked":["Shrug It Off","Combust"],"picked":"Ghostly Armor","floor":11},{"not_picked":["Dropkick","Bloodletting","Thunderclap"],"picked":"SKIP","floor":13},{"not_picked":["Twin Strike","Dropkick"],"picked":"Clothesline","floor":14},{"not_picked":["Brutality","Berserk"],"picked":"Demon Form","floor":16},{"not_picked":["Bloodletting","Warcry"],"picked":"Armaments","floor":17},{"not_picked":["Reckless Charge","Anger"],"picked":"Spot Weakness","floor":18},{"not_picked":["Reckless Charge","Warcry","Cleave"],"picked":"SKIP","floor":19},{"not_picked":["Clothesline","Iron Wave"],"picked":"Armaments+1","floor":22},{"not_picked":["Clothesline","Sever Soul"],"picked":"Metallicize","floor":24},{"not_picked":["Warcry+1","Thunderclap"],"picked":"Cleave+1","floor":28},{"not_picked":["Cleave+1","Fire Breathing+1"],"picked":"Flame Barrier","floor":29},{"not_picked":["Intimidate","Clothesline"],"picked":"Spot Weakness","floor":30},{"not_picked":["Brutality","Bludgeon"],"picked":"Barricade","floor":33},{"not_picked":["Thunderclap","Blood for Blood"],"picked":"Heavy Blade+1","floor":35},{"not_picked":["Dropkick+1","Barricade"],"picked":"Pommel Strike","floor":38},{"not_picked":["Reckless Charge+1","Armaments+1","Burning Pact"],"picked":"SKIP","floor":41},{"not_picked":["Secret Weapon","Finesse","Violence"],"picked":"Flash of Steel","floor":44},{"not_picked":["Rage+1","Pommel Strike+1","Searing Blow"],"picked":"Sword Boomerang+1","floor":47},{"not_picked":["Clash","Clothesline","Shrug It Off"],"picked":"Headbutt+1","floor":48}],"player_experience":17415,"relics_obtained":[{"floor":6,"key":"Mercury Hourglass"},{"floor":9,"key":"Kunai"},{"floor":13,"key":"Vajra"},{"floor":24,"key":"Old Coin"},{"floor":26,"key":"Matryoshka"},{"floor":43,"key":"Anchor"},{"floor":43,"key":"Question Card"},{"floor":45,"key":"Bag of Preparation"},{"floor":45,"key":"Happy Flower"},{"floor":47,"key":"Magic Flower"}],"event_choices":[{"cards_removed":["Strike_R"],"damage_healed":0,"gold_gain":0,"player_choice":"Card Removal","damage_taken":0,"max_hp_gain":0,"max_hp_loss":0,"event_name":"The Cleric","floor":3,"gold_loss":50},{"damage_healed":0,"gold_gain":0,"player_choice":"Ignored","damage_taken":0,"max_hp_gain":0,"max_hp_loss":0,"event_name":"Liars Game","floor":4,"gold_loss":0},{"damage_healed":0,"gold_gain":0,"player_choice":"Left Gold","damage_taken":0,"max_hp_gain":0,"max_hp_loss":0,"event_name":"World of Goop","floor":8,"gold_loss":37},{"damage_healed":0,"gold_gain":75,"player_choice":"Gained Gold","damage_taken":0,"max_hp_gain":0,"max_hp_loss":0,"event_name":"Golden Wing","floor":12,"gold_loss":0},{"damage_healed":0,"gold_gain":99,"player_choice":"Stole From Cult","damage_taken":0,"max_hp_gain":0,"max_hp_loss":0,"event_name":"Nest","floor":21,"gold_loss":0},{"damage_healed":0,"gold_gain":0,"player_choice":"Simplicity","damage_taken":0,"max_hp_gain":0,"max_hp_loss":0,"event_name":"Back to Basics","floor":27,"gold_loss":0,"cards_upgraded":["Strike_R","Strike_R","Strike_R","Strike_R","Defend_R","Defend_R","Defend_R","Defend_R"]},{"damage_healed":0,"gold_gain":0,"player_choice":"Inject Mutagens","damage_taken":0,"relics_obtained":["MutagenicStrength"],"max_hp_gain":0,"max_hp_loss":0,"event_name":"Drug Dealer","floor":31,"gold_loss":0},{"cards_removed":["Armaments"],"damage_healed":0,"gold_gain":0,"player_choice":"Purged","damage_taken":0,"max_hp_gain":0,"max_hp_loss":0,"event_name":"Purifier","floor":36,"gold_loss":0},{"damage_healed":0,"gold_gain":0,"player_choice":"Memory 1","damage_taken":0,"max_hp_gain":0,"max_hp_loss":0,"event_name":"SensoryStone","floor":44,"gold_loss":0}],"is_beta":false,"boss_relics":[{"not_picked":["Runic Dome","Fusion Hammer"],"picked":"Tiny House"},{"not_picked":["Empty Cage","Snecko Eye"],"picked":"Eternal Feather"}],"items_purged_floors":[],"is_endless":false,"potions_floor_spawned":[2,5,6,14,19,24,28,33,35],"killed_by":"Time Eater","ascension_level":0}