{"gold_per_floor":[117,192,212,212,15,15,50,50,50,75,75,100,100,110,110,186,186,205,220,220,237,25,25,44,44,70,98,110,135,95,42,42,118,118,138,60,74,74,74,74,84,84,84,84,84,84],"floor_reached":46,"playtime":1212,"items_purged":["Defend_R","Strike_R"],"score":931,"play_id":"0a76b0d1-d724-489c-9ad5-68d195fba9cb","local_time":"20190119200028","is_ascension_mode":true,"campfire_choices":[{"data":"Inflame","floor":6,"key":"SMITH"},{"floor":8,"key":"REST"},{"data":"Uppercut","floor":11,"key":"SMITH"},{"data":"Ghostly Armor","floor":13,"key":"SMITH"},{"data":"Bash","floor":15,"key":"SMITH"},{"data":"Pommel Strike","floor":23,"key":"SMITH"},{"data":"Heavy Blade","floor":28,"key":"SMITH"},{"data":"Panacea","floor":32,"key":"SMITH"},{"floor":40,"key":"REST"},{"floor":42,"key":"REST"},{"floor":45,"key":"REST"}],"neow_cost":"NONE","seed_source_timestamp":31673837294731,"circlet_count":0,"master_deck":["AscendersBane","Strike_R+1","Strike_R+1","Strike_R+1","Defend_R+1","Defend_R+1","Defend_R+1","Bash+1","Panacea+1","Feel No Pain+1","Warcry+1","Inflame+1","Ghostly Armor+1","Reaper+1","Uppercut+1","Shrug It Off+1","True Grit+1","Feed+1","Reckless Charge+1","Flame Barrier+1","Disarm+1","Pommel Strike+1","Inflame+1","Heavy Blade+1","Flex+1","Warcry+1","Reaper+1","Disarm+1","Metallicize+1","Infernal Blade+1"],"relics":["Burning Blood","Vajra","Mercury Hourglass","Toxic Egg 2","Happy Flower","Busted Crown","Omamori","MawBank","Velvet Choker","Mark of the Bloom","Lantern"],"potions_floor_usage":[27,33,46],"damage_taken":[{"damage":7,"enemies":"Cultist","floor":1,"turns":4},{"damage":6,"enemies":"2 Louse","floor":3,"turns":4},{"damage":45,"enemies":"Lagavulin","floor":7,"turns":10},{"damage":25,"enemies":"3 Sentries","floor":10,"turns":8},{"damage":20,"enemies":"Lagavulin","floor":12,"turns":6},{"damage":10,"enemies":"Small Slimes","floor":14,"turns":3},{"damage":27,"enemies":"The Guardian","floor":16,"turns":11},{"damage":0,"enemies":"Chosen","floor":18,"turns":3},{"damage":6,"enemies":"3 Byrds","floor":19,"turns":4},{"damage":0,"enemies":"Snecko","floor":21,"turns":5},{"damage":3,"enemies":"Chosen and Byrds","floor":24,"turns":4},{"damage":38,"enemies":"Slavers","floor":27,"turns":4},{"damage":10,"enemies":"3 Cultists","floor":29,"turns":5},{"damage":27,"enemies":"Champ","floor":33,"turns":9},{"damage":27,"enemies":"3 Darklings","floor":35,"turns":6},{"damage":6,"enemies":"3 Shapes","floor":37,"turns":4},{"damage":55,"enemies":"Jaw Worm Horde","floor":41,"turns":6},{"damage":44,"enemies":"Giant Head","floor":46,"turns":5}],"seed_played":"4952273355409073571","potions_obtained":[{"floor":1,"key":"SpeedPotion"},{"floor":12,"key":"AttackPotion"},{"floor":16,"key":"PowerPotion"},{"floor":29,"key":"SteroidPotion"},{"floor":41,"key":"AttackPotion"}],"is_trial":false,"path_per_floor":["M","?","M","?","$","R","E","R","T","E","R","E","R","M","R","B",null,"M","M","?","M","$","R","M","?","T","E","R","M","$","$","R","B",null,"M","$","M","$","?","R","M","R","T","?","R","E"],"character_chosen":"IRONCLAD","items_purchased":["Inflame","Ghostly Armor","Pommel Strike","Inflame","Flex+1","Warcry+1","Disarm+1"],"campfire_rested":4,"item_purchase_floors":[5,5,22,22,30,31,36],"current_hp_per_floor":[67,56,56,56,56,56,17,39,39,44,44,42,42,48,48,39,66,75,81,81,84,84,84,87,87,87,67,67,86,86,86,86,73,86,90,90,93,93,93,93,38,38,38,38,38,0],"gold":84,"neow_bonus":"RANDOM_COLORLESS","is_prod":false,"is_daily":false,"chose_seed":false,"campfire_upgraded":7,"win_rate":0,"timestamp":1547928028,"path_taken":["M","?","M","?","$","R","E","R","T","E","R","E","R","?","R","BOSS","M","?","?","M","$","R","M","?","T","E","R","M","?","$","R","BOSS","M","$","M","$","?","R","M","R","T","?","R","E"],"build_version":"2019-01-17v2","purchased_purges":2,"victory":false,"max_hp_per_floor":[75,75,75,75,75,75,75,75,75,75,75,75,75,75,75,75,75,78,81,81,84,84,84,87,87,87,87,87,90,90,90,90,90,90,90,90,93,93,93,93,97,97,97,97,97,97],"card_choices":[{"not_picked":["Warcry","Fire Breathing"],"picked":"Feel No Pain","floor":1},{"not_picked":["Perfected Strike","Havoc"],"picked":"Warcry","floor":3},{"not_picked":["Warcry","Clash"],"picked":"Reaper","floor":7},{"not_picked":["Armaments","Double Tap"],"picked":"Uppercut","floor":10},{"not_picked":["Sword Boomerang","Metallicize"],"picked":"Shrug It Off+1","floor":12},{"not_picked":["Clothesline","Seeing Red+1"],"picked":"True Grit+1","floor":14},{"not_picked":["Juggernaut","Fiend Fire"],"picked":"Feed","floor":16},{"not_picked":[],"picked":"Reckless Charge+1","floor":18},{"not_picked":[],"picked":"Flame Barrier+1","floor":19},{"not_picked":[],"picked":"Disarm+1","floor":21},{"not_picked":[],"picked":"Heavy Blade","floor":24},{"not_picked":["Rampage"],"picked":"SKIP","floor":27},{"not_picked":["Burning Pact+1"],"picked":"SKIP","floor":29},{"not_picked":[],"picked":"Reaper","floor":33},{"not_picked":["Entrench+1"],"picked":"SKIP","floor":35},{"not_picked":[],"picked":"Metallicize+1","floor":37},{"not_picked":[],"picked":"Infernal Blade+1","floor":41}],"player_experience":403843,"relics_obtained":[{"floor":7,"key":"Vajra"},{"floor":9,"key":"Mercury Hourglass"},{"floor":10,"key":"Toxic Egg 2"},{"floor":12,"key":"Happy Flower"},{"floor":26,"key":"Omamori"},{"floor":27,"key":"MawBank"},{"floor":43,"key":"Lantern"}],"event_choices":[{"damage_healed":0,"gold_gain":75,"player_choice":"Gather Gold","damage_taken":11,"max_hp_gain":0,"max_hp_loss":0,"event_name":"World of Goop","floor":2,"gold_loss":0},{"cards_removed":["Strike_R"],"damage_healed":0,"gold_gain":0,"player_choice":"Card Removal","damage_taken":0,"max_hp_gain":0,"max_hp_loss":0,"event_name":"Wheel of Change","floor":4,"gold_loss":0},{"damage_healed":0,"gold_gain":0,"player_choice":"Ignored","damage_taken":0,"max_hp_gain":0,"max_hp_loss":0,"event_name":"Ghosts","floor":20,"gold_loss":0},{"damage_healed":0,"gold_gain":0,"player_choice":"Ignored","damage_taken":0,"max_hp_gain":0,"max_hp_loss":0,"event_name":"Beggar","floor":25,"gold_loss":0},{"damage_healed":0,"gold_gain":0,"player_choice":"Upgrade","damage_taken":0,"relics_obtained":["Mark of the Bloom"],"max_hp_gain":0,"max_hp_loss":0,"event_name":"MindBloom","floor":39,"gold_loss":0,"cards_upgraded":["Strike_R","Strike_R","Strike_R","Defend_R","Defend_R","Defend_R","Feel No Pain","Warcry","Reaper","Feed","Inflame","Reaper"]},{"damage_healed":0,"gold_gain":0,"player_choice":"Ignored","damage_taken":0,"max_hp_gain":0,"max_hp_loss":0,"event_name":"Mysterious Sphere","floor":44,"gold_loss":0}],"is_beta":false,"boss_relics":[{"not_picked":["Lizard Tail","Mark of Pain"],"picked":"Busted Crown"},{"not_picked":["Tiny House","Fusion Hammer"],"picked":"Velvet Choker"}],"items_purged_floors":[5,22],"is_endless":false,"potions_floor_spawned":[1,12,16,21,29,41],"killed_by":"Giant Head","ascension_level":18}