{"gold_per_floor":[114,128,148,163,175,175,186,219,246,246,246,246,17,31,31,133,133,145,162,162,24,35,35,45,45],"floor_reached":25,"playtime":1483,"items_purged":[],"score":321,"play_id":"633ece17-a44b-41c7-b9e7-af72700666da","local_time":"20181023224154","is_ascension_mode":true,"campfire_choices":[{"floor":6,"key":"REST"},{"floor":10,"key":"REST"},{"data":"Cloak And Dagger","floor":12,"key":"SMITH"},{"floor":15,"key":"REST"},{"floor":23,"key":"REST"}],"neow_cost":"PERCENT_DAMAGE","seed_source_timestamp":2726913227285000,"circlet_count":0,"master_deck":["Defend_G","Defend_G","Defend_G+1","Defend_G","Defend_G","Strike_G","Strike_G","Strike_G","Strike_G+1","Strike_G","Survivor","Neutralize","AscendersBane","Leg Sweep","Sucker Punch","Cloak And Dagger+1","Blade Dance+1","Sucker Punch+1","Noxious Fumes","Infinite Blades","Apotheosis","Blade Dance","Deflect","After Image","Accuracy","Slice","RitualDagger","A Thousand Cuts","Blade Dance"],"relics":["Ring of the Snake","Tough Bandages","Peace Pipe","Whetstone","Cursed Key"],"potions_floor_usage":[4,8,8,22,24,25],"damage_taken":[{"damage":4,"enemies":"Small Slimes","floor":1,"turns":4},{"damage":0,"enemies":"Cultist","floor":2,"turns":6},{"damage":2,"enemies":"Jaw Worm","floor":3,"turns":4},{"damage":0,"enemies":"Looter","floor":4,"turns":4},{"damage":2,"enemies":"2 Fungi Beasts","floor":5,"turns":4},{"damage":0,"enemies":"Large Slime","floor":7,"turns":6},{"damage":36,"enemies":"Gremlin Nob","floor":8,"turns":6},{"damage":7,"enemies":"Blue Slaver","floor":14,"turns":5},{"damage":18,"enemies":"Slime Boss","floor":16,"turns":9},{"damage":0,"enemies":"Shell Parasite","floor":18,"turns":6},{"damage":1,"enemies":"3 Byrds","floor":19,"turns":6},{"damage":20,"enemies":"Snake Plant","floor":22,"turns":5},{"damage":27,"enemies":"Cultist and Chosen","floor":24,"turns":8},{"damage":27,"enemies":"Slavers","floor":25,"turns":3}],"seed_played":"4930703375589202643","potions_obtained":[{"floor":1,"key":"SteroidPotion"},{"floor":5,"key":"Swift Potion"},{"floor":7,"key":"Block Potion"},{"floor":16,"key":"Block Potion"},{"floor":19,"key":"Weak Potion"},{"floor":22,"key":"Energy Potion"},{"floor":24,"key":"FearPotion"}],"is_trial":false,"path_per_floor":["M","M","M","M","M","R","M","E","T","R","?","R","$","M","R","B",null,"M","M","?","$","M","R","M"],"character_chosen":"THE_SILENT","items_purchased":["Apotheosis","Blade Dance","A Thousand Cuts"],"campfire_rested":4,"item_purchase_floors":[13,13,21],"current_hp_per_floor":[41,41,39,39,37,58,58,22,22,43,29,29,29,22,43,25,59,59,58,52,52,32,53,26,0],"gold":45,"neow_bonus":"ONE_RARE_RELIC","is_prod":false,"is_daily":false,"chose_seed":false,"campfire_upgraded":1,"win_rate":0,"timestamp":1540352514,"path_taken":["M","M","M","M","M","R","M","E","T","R","?","R","$","M","R","BOSS","M","M","?","$","M","R","M","E"],"build_version":"2018-10-18","purchased_purges":0,"victory":false,"max_hp_per_floor":[70,70,70,70,70,70,70,70,70,70,70,70,70,70,70,70,70,70,70,70,70,70,70,70,70],"card_choices":[{"not_picked":["Expertise","Quick Slash"],"picked":"Leg Sweep","floor":1},{"not_picked":["Flechettes","Poisoned Stab"],"picked":"Sucker Punch","floor":2},{"not_picked":["Storm of Steel","Dodge and Roll"],"picked":"Cloak And Dagger","floor":3},{"not_picked":["Riddle With Holes","Underhanded Strike"],"picked":"Blade Dance","floor":4},{"not_picked":["Acrobatics","Outmaneuver"],"picked":"Sucker Punch","floor":5},{"not_picked":["Expertise","Finisher"],"picked":"Noxious Fumes","floor":7},{"not_picked":["Blade Dance","Leg Sweep"],"picked":"Infinite Blades","floor":8},{"not_picked":["Flying Knee","Bouncing Flask"],"picked":"Deflect","floor":14},{"not_picked":["Venomology","A Thousand Cuts"],"picked":"After Image","floor":16},{"not_picked":["Deadly Poison","Cloak And Dagger"],"picked":"Accuracy","floor":18},{"not_picked":["Dodge and Roll","Dagger Throw"],"picked":"Slice","floor":19},{"not_picked":["Dagger Throw+1","Choke","Eviscerate+1"],"picked":"SKIP","floor":22},{"not_picked":["Unload","Underhanded Strike"],"picked":"Blade Dance","floor":24}],"player_experience":400393,"relics_obtained":[{"floor":8,"key":"Peace Pipe"},{"floor":9,"key":"Whetstone"}],"event_choices":[{"damage_healed":0,"gold_gain":0,"player_choice":"Entered Light","damage_taken":14,"max_hp_gain":0,"max_hp_loss":0,"event_name":"Shining Light","floor":11,"gold_loss":0,"cards_upgraded":["Blade Dance","Defend_G"]},{"damage_healed":0,"gold_gain":0,"player_choice":"Joined the Cult","damage_taken":6,"max_hp_gain":0,"max_hp_loss":0,"event_name":"Nest","floor":20,"gold_loss":0,"cards_obtained":["RitualDagger"]}],"is_beta":false,"boss_relics":[{"not_picked":["Tiny House","Calling Bell"],"picked":"Cursed Key"}],"items_purged_floors":[],"is_endless":false,"potions_floor_spawned":[1,5,7,16,19,22,24],"killed_by":"Slavers","ascension_level":11}