{"gold_per_floor":[16,29,29,29,39,39,71,41,41,51,51,79,79,79,79,182,182,202,202,213,138,138,171,171,188,214,228,228,248,248,261,261,365,365,384,24,43,43,55,55,55,87,114,114,139,157,157,0,0,0],"floor_reached":50,"playtime":4306,"items_purged":["Strike_B","Strike_B"],"score":870,"play_id":"4988d07a-f756-4a35-ab66-93ec49a4eed7","local_time":"20190201071507","is_ascension_mode":true,"campfire_choices":[{"data":"Zap","floor":6,"key":"SMITH"},{"data":"White Noise","floor":13,"key":"SMITH"},{"data":"Dualcast","floor":15,"key":"SMITH"},{"data":"Storm","floor":24,"key":"SMITH"},{"data":"Loop","floor":28,"key":"SMITH"},{"data":"Loop","floor":32,"key":"SMITH"},{"data":"Creative AI","floor":41,"key":"SMITH"},{"data":"Capacitor","floor":44,"key":"SMITH"},{"data":"Biased Cognition","floor":47,"key":"SMITH"},{"floor":49,"key":"REST"}],"neow_cost":"NO_GOLD","seed_source_timestamp":1860043580197903,"circlet_count":0,"master_deck":["AscendersBane","Strike_B","Strike_B","Defend_B","Defend_B","Defend_B","Defend_B","Zap+1","Dualcast+1","Madness+1","Glacier","Loop+1","Impatience","Conserve Battery","White Noise+1","Self Repair","Tempest","The Bomb+1","Storm+1","Biased Cognition+1","Capacitor+1","Loop+1","FTL","Stack","Creative AI+1","Double Energy","Stack+1","Parasite","Skim+1"],"relics":["Cracked Core","Meat on the Bone","Pear","Blood Vial","Sozu","Dream Catcher","Juzu Bracelet","Cables","Busted Crown","Symbiotic Virus","Oddly Smooth Stone","Strawberry","Darkstone Periapt","Red Mask"],"potions_floor_usage":[7,16,16,23],"damage_taken":[{"damage":8,"enemies":"2 Louse","floor":1,"turns":2},{"damage":1,"enemies":"Cultist","floor":2,"turns":4},{"damage":1,"enemies":"Jaw Worm","floor":5,"turns":5},{"damage":29,"enemies":"Lagavulin","floor":7,"turns":6},{"damage":6,"enemies":"Looter","floor":8,"turns":4},{"damage":8,"enemies":"3 Louse","floor":10,"turns":5},{"damage":20,"enemies":"Gremlin Nob","floor":12,"turns":3},{"damage":20,"enemies":"Hexaghost","floor":16,"turns":9},{"damage":29,"enemies":"2 Thieves","floor":18,"turns":3},{"damage":7,"enemies":"Shell Parasite","floor":20,"turns":4},{"damage":32,"enemies":"Book of Stabbing","floor":23,"turns":5},{"damage":0,"enemies":"Snecko","floor":25,"turns":2},{"damage":24,"enemies":"Snake Plant","floor":27,"turns":3},{"damage":12,"enemies":"Cultist and Chosen","floor":29,"turns":4},{"damage":24,"enemies":"Centurion and Healer","floor":31,"turns":4},{"damage":48,"enemies":"Automaton","floor":33,"turns":9},{"damage":2,"enemies":"Orb Walker","floor":35,"turns":3},{"damage":6,"enemies":"3 Shapes","floor":37,"turns":4},{"damage":45,"enemies":"3 Darklings","floor":39,"turns":4},{"damage":32,"enemies":"Giant Head","floor":42,"turns":7},{"damage":25,"enemies":"Nemesis","floor":45,"turns":5},{"damage":23,"enemies":"Writhing Mass","floor":46,"turns":6},{"damage":97,"enemies":"Awakened One","floor":50,"turns":5}],"seed_played":"-13881496726147133","potions_obtained":[{"floor":1,"key":"Energy Potion"},{"floor":5,"key":"PowerPotion"},{"floor":10,"key":"SpeedPotion"},{"floor":12,"key":"Energy Potion"},{"floor":16,"key":"Energy Potion"}],"is_trial":false,"path_per_floor":["M","M","$","?","M","R","E","M","T","M","?","E","R","?","R","B",null,"M","?","M","$","?","E","R","M","T","M","R","M","T","M","R","B",null,"M","$","M","?","M","?","R","E","T","R","E","M","R","?","R","B"],"character_chosen":"DEFECT","items_purchased":["Symbiotic Virus"],"campfire_rested":1,"item_purchase_floors":[36],"current_hp_per_floor":[60,59,59,59,58,58,29,35,45,49,49,41,41,24,24,25,70,50,50,52,52,80,57,57,59,59,56,56,53,53,50,50,23,70,77,77,80,80,63,63,63,52,59,59,55,59,59,59,87,0],"gold":0,"neow_bonus":"RANDOM_COLORLESS_2","is_prod":false,"is_daily":false,"chose_seed":false,"campfire_upgraded":9,"win_rate":0,"timestamp":1549034107,"path_taken":["M","M","$","?","M","R","E","M","T","?","?","E","R","?","R","BOSS","M","?","M","$","?","E","R","M","T","M","R","M","?","M","R","BOSS","M","$","M","?","M","?","R","E","T","R","E","M","R","?","R","BOSS"],"build_version":"2019-01-23","purchased_purges":2,"victory":false,"max_hp_per_floor":[75,75,75,75,75,75,75,75,85,85,85,85,85,85,85,85,85,85,85,85,85,85,85,85,85,85,85,85,85,85,85,85,85,85,85,85,85,85,85,81,81,81,88,88,88,94,94,94,94,94],"card_choices":[{"not_picked":["BootSequence","Blizzard"],"picked":"Glacier","floor":1},{"not_picked":["Gash","Leap"],"picked":"Loop","floor":2},{"not_picked":["Beam Cell","Double Energy","Go for the Eyes"],"picked":"SKIP","floor":5},{"not_picked":["Fusion","Consume"],"picked":"White Noise","floor":7},{"not_picked":["Scrape","Hologram"],"picked":"Self Repair","floor":8},{"not_picked":["Chaos","Fusion"],"picked":"Tempest","floor":10},{"not_picked":["Turbo","Compile Driver"],"picked":"Storm","floor":12},{"not_picked":["Thunder Strike","Rainbow"],"picked":"Biased Cognition","floor":16},{"not_picked":["Compile Driver","Ball Lightning"],"picked":"Capacitor","floor":18},{"not_picked":["Gash+1","Leap","Lockon"],"picked":"SKIP","floor":20},{"not_picked":["Recycle","Sweeping Beam","Skim"],"picked":"SKIP","floor":23},{"not_picked":["Compile Driver+1","Gash"],"picked":"Loop","floor":25},{"not_picked":["Rip and Tear","Reprogram+1","Coolheaded"],"picked":"SKIP","floor":27},{"not_picked":["Compile Driver","Leap"],"picked":"FTL","floor":29},{"not_picked":["Cold Snap","Scrape"],"picked":"Stack","floor":31},{"not_picked":["Machine Learning","Amplify"],"picked":"Creative AI","floor":33},{"not_picked":["Scrape"],"picked":"SKIP","floor":35},{"not_picked":["Go for the Eyes"],"picked":"SKIP","floor":37},{"not_picked":["Rebound"],"picked":"SKIP","floor":39},{"not_picked":["Compile Driver"],"picked":"SKIP","floor":42},{"not_picked":[],"picked":"Stack+1","floor":45},{"not_picked":["Barrage"],"picked":"SKIP","floor":46},{"not_picked":[],"picked":"Skim+1","floor":49}],"player_experience":574489,"relics_obtained":[{"floor":7,"key":"Meat on the Bone"},{"floor":9,"key":"Pear"},{"floor":12,"key":"Blood Vial"},{"floor":23,"key":"Dream Catcher"},{"floor":26,"key":"Juzu Bracelet"},{"floor":30,"key":"Cables"},{"floor":42,"key":"Oddly Smooth Stone"},{"floor":43,"key":"Strawberry"},{"floor":45,"key":"Darkstone Periapt"}],"event_choices":[{"damage_healed":0,"gold_gain":0,"player_choice":"2 cards matched","damage_taken":0,"max_hp_gain":0,"max_hp_loss":0,"event_name":"Match and Keep!","floor":4,"gold_loss":0,"cards_obtained":["Impatience","Conserve Battery"]},{"damage_healed":0,"gold_gain":0,"cards_transformed":["Purity"],"player_choice":"Change","damage_taken":0,"max_hp_gain":0,"max_hp_loss":0,"event_name":"Living Wall","floor":11,"gold_loss":0,"cards_obtained":["The Bomb"]},{"damage_healed":0,"gold_gain":0,"player_choice":"Entered Light","damage_taken":17,"max_hp_gain":0,"max_hp_loss":0,"event_name":"Shining Light","floor":14,"gold_loss":0,"cards_upgraded":["Madness","The Bomb"]},{"damage_healed":0,"gold_gain":0,"player_choice":"Ignored","damage_taken":0,"max_hp_gain":0,"max_hp_loss":0,"event_name":"Ghosts","floor":19,"gold_loss":0},{"damage_healed":28,"gold_gain":0,"player_choice":"Heal","damage_taken":0,"max_hp_gain":0,"max_hp_loss":0,"event_name":"The Library","floor":22,"gold_loss":0},{"damage_healed":0,"gold_gain":0,"player_choice":"1 cards matched","damage_taken":0,"max_hp_gain":0,"max_hp_loss":0,"event_name":"Match and Keep!","floor":38,"gold_loss":0,"cards_obtained":["Double Energy"]},{"damage_healed":0,"gold_gain":0,"player_choice":"Max HP","damage_taken":0,"max_hp_gain":0,"max_hp_loss":4,"event_name":"Winding Halls","floor":40,"gold_loss":0},{"damage_healed":0,"gold_gain":0,"player_choice":"Paid","damage_taken":0,"relics_obtained":["Red Mask"],"max_hp_gain":0,"max_hp_loss":0,"event_name":"Tomb of Lord Red Mask","floor":48,"gold_loss":157}],"is_beta":false,"boss_relics":[{"not_picked":["Astrolabe","Calling Bell"],"picked":"Sozu"},{"not_picked":["Snecko Eye","Fusion Hammer"],"picked":"Busted Crown"}],"items_purged_floors":[21,36],"is_endless":false,"potions_floor_spawned":[1,5,10,12,16,20,23,29,39,42,46],"killed_by":"Awakened One","ascension_level":12}