{"gold_per_floor":[114,39,50,61,77,106,106,106,132,160,160,10,22,48,60,174,186,208,143,155,177,206,218,261,289,325,337,349,361,393,415,427,537,549,572,584,616,312,329,329,358,358,382,401,411,61,71,83,83,83],"floor_reached":51,"playtime":4306,"items_purged":["Writhe","Defend_R"],"score":755,"play_id":"26854d96-d284-4ebe-b665-432c70c26d29","local_time":"20180816015600","is_ascension_mode":true,"campfire_choices":[{"data":"Demon Form","floor":7,"key":"SMITH"},{"data":"Shockwave","floor":11,"key":"SMITH"},{"data":"Iron Wave","floor":13,"key":"SMITH"},{"floor":15,"key":"REST"},{"floor":23,"key":"REST"},{"floor":32,"key":"REST"},{"data":"Heavy Blade","floor":40,"key":"SMITH"},{"floor":49,"key":"REST"}],"neow_cost":"CURSE","seed_source_timestamp":869841208333709,"circlet_count":0,"master_deck":["Strike_R","Strike_R","Strike_R","Strike_R","Defend_R","Bash","Perfected Strike","Inflame","Iron Wave+1","Pommel Strike","Demon Form+1","Shockwave+1","Headbutt","Immolate","Perfected Strike","J.A.X.","Heavy Blade","Pommel Strike+1","Shrug It Off","Impervious","Heavy Blade+1","Power Through+1","Impervious","Headbutt","Perfected Strike+1","Iron Wave+1","Pummel","Uppercut+1","Carnage+1","Clothesline+1","Armaments+1","Shockwave+1"],"relics":["Burning Blood","Torii","Red Skull","Anchor","Bag of Marbles","MawBank","Runic Pyramid","Mercury Hourglass","Blood Vial","Snecko Eye","Incense Burner","Happy Flower","Bag of Preparation","Centennial Puzzle","Ancient Tea Set","OrangePellets"],"potions_floor_usage":[6,21,24,24,50,50],"damage_taken":[{"damage":1,"enemies":"Cultist","floor":1,"turns":5},{"damage":7,"enemies":"Jaw Worm","floor":3,"turns":4},{"damage":1,"enemies":"Small Slimes","floor":4,"turns":3},{"damage":11,"enemies":"Exordium Wildlife","floor":5,"turns":3},{"damage":22,"enemies":"Gremlin Nob","floor":6,"turns":4},{"damage":20,"enemies":"3 Sentries","floor":10,"turns":6},{"damage":7,"enemies":"Large Slime","floor":14,"turns":5},{"damage":24,"enemies":"The Guardian","floor":16,"turns":7},{"damage":6,"enemies":"Chosen","floor":18,"turns":5},{"damage":12,"enemies":"2 Thieves","floor":21,"turns":4},{"damage":19,"enemies":"Centurion and Healer","floor":22,"turns":6},{"damage":22,"enemies":"Gremlin Leader","floor":24,"turns":7},{"damage":27,"enemies":"Snake Plant","floor":25,"turns":3},{"damage":1,"enemies":"Snecko","floor":30,"turns":3},{"damage":17,"enemies":"Sentry and Sphere","floor":31,"turns":4},{"damage":38,"enemies":"Collector","floor":33,"turns":6},{"damage":7,"enemies":"Flame Bruiser 1 Orb","floor":35,"turns":4},{"damage":15,"floor":36,"turns":5},{"damage":0,"enemies":"Orb Walker","floor":37,"turns":2},{"damage":6,"enemies":"Transient","floor":39,"turns":5},{"damage":38,"enemies":"Nemesis","floor":41,"turns":7},{"damage":0,"enemies":"3 Darklings","floor":44,"turns":2},{"damage":9,"enemies":"Sphere and 2 Shapes","floor":45,"turns":3},{"damage":0,"enemies":"Flame Bruiser 2 Orb","floor":47,"turns":1},{"damage":28,"enemies":"Spire Growth","floor":48,"turns":3},{"damage":58,"enemies":"Donu and Deca","floor":50,"turns":8}],"seed_played":"3529106002408772176","potions_obtained":[{"floor":4,"key":"Explosive Potion"},{"floor":5,"key":"Swift Potion"},{"floor":6,"key":"Explosive Potion"},{"floor":10,"key":"Weak Potion"},{"floor":14,"key":"Explosive Potion"},{"floor":18,"key":"Explosive Potion"},{"floor":21,"key":"Swift Potion"},{"floor":22,"key":"BloodPotion"},{"floor":31,"key":"SteroidPotion"},{"floor":35,"key":"GamblersBrew"}],"is_trial":false,"path_per_floor":["M","$","M","M","M","E","R","?","T","E","R","$","R","M","R","B",null,"M","?","?","M","M","R","E","M","T","?","?","$","M","M","R","B",null,"M","?","M","$","M","R","E","?","T","M","M","$","M","M","R","B"],"character_chosen":"IRONCLAD","items_purchased":["MawBank","Happy Flower","Pummel","Ancient Tea Set","OrangePellets"],"campfire_rested":4,"item_purchase_floors":[12,38,38,46,46],"current_hp_per_floor":[80,80,79,80,75,59,59,59,59,45,45,45,45,44,68,50,80,80,80,65,59,46,71,55,34,34,34,34,34,41,32,57,27,85,84,76,84,84,85,85,53,53,53,61,60,60,68,48,73,31],"gold":83,"neow_bonus":"ONE_RARE_RELIC","is_prod":false,"is_daily":false,"chose_seed":false,"campfire_upgraded":4,"win_rate":0,"timestamp":1534402560,"path_taken":["M","$","M","M","?","E","R","?","T","E","R","$","R","M","R","BOSS","M","?","?","M","M","R","E","M","T","?","?","$","?","M","R","BOSS","M","?","M","$","?","R","E","?","T","M","M","$","M","M","R","BOSS"],"build_version":"2018-08-09","purchased_purges":2,"victory":true,"max_hp_per_floor":[80,80,80,80,80,80,80,80,80,80,80,80,80,80,80,80,80,80,80,85,85,85,85,85,85,85,85,85,85,85,85,85,85,85,85,85,85,85,85,85,85,85,85,85,85,85,85,85,85,85],"card_choices":[{"not_picked":["Cleave","Whirlwind"],"picked":"Perfected Strike","floor":1},{"not_picked":["Disarm","Anger"],"picked":"Inflame","floor":3},{"not_picked":["Thunderclap","Inflame"],"picked":"Iron Wave","floor":4},{"not_picked":["Body Slam","Warcry"],"picked":"Pommel Strike","floor":5},{"not_picked":["Body Slam","Cleave"],"picked":"Demon Form","floor":6},{"not_picked":["Clash","Inflame"],"picked":"Shockwave","floor":10},{"not_picked":["Fire Breathing","Twin Strike"],"picked":"Headbutt","floor":14},{"not_picked":["Dark Embrace","Brutality"],"picked":"Immolate","floor":16},{"not_picked":["Cleave","Armaments"],"picked":"Perfected Strike","floor":18},{"not_picked":["Carnage","Blood for Blood"],"picked":"Heavy Blade","floor":21},{"not_picked":["Intimidate","Combust","Sword Boomerang+1"],"picked":"SKIP","floor":22},{"not_picked":["Thunderclap","True Grit+1"],"picked":"Pommel Strike+1","floor":24},{"not_picked":["Flex+1","Combust"],"picked":"Shrug It Off","floor":25},{"not_picked":["Headbutt","Twin Strike"],"picked":"Heavy Blade","floor":30},{"not_picked":["Reckless Charge","Intimidate"],"picked":"Power Through+1","floor":31},{"not_picked":["Offering","Bludgeon"],"picked":"Impervious","floor":33},{"not_picked":["Pommel Strike+1","Seeing Red"],"picked":"Headbutt","floor":35},{"not_picked":["Entrench+1","Cleave"],"picked":"Perfected Strike+1","floor":36},{"not_picked":["Combust+1","Anger+1"],"picked":"Iron Wave+1","floor":37},{"not_picked":["Anger+1","Rupture+1"],"picked":"Uppercut+1","floor":39},{"not_picked":["Power Through+1","Feed"],"picked":"Carnage+1","floor":41},{"not_picked":["Bloodletting","Flex"],"picked":"Clothesline+1","floor":44},{"not_picked":["Burning Pact","Power Through"],"picked":"Armaments+1","floor":45},{"not_picked":["Headbutt+1","Iron Wave","Whirlwind+1"],"picked":"SKIP","floor":47},{"not_picked":["Evolve","Inflame"],"picked":"Shockwave+1","floor":48}],"player_experience":84664,"relics_obtained":[{"floor":6,"key":"Red Skull"},{"floor":9,"key":"Anchor"},{"floor":10,"key":"Bag of Marbles"},{"floor":24,"key":"Mercury Hourglass"},{"floor":26,"key":"Blood Vial"},{"floor":36,"key":"Incense Burner"},{"floor":41,"key":"Bag of Preparation"},{"floor":43,"key":"Centennial Puzzle"}],"event_choices":[{"event_name":"Liars Game","player_choice":"disagreed","floor":8,"damage_taken":0},{"event_name":"Drug Dealer","player_choice":"Got JAXXED","floor":19,"damage_taken":0},{"event_name":"Forgotten Altar","player_choice":"Shed Blood","floor":20,"damage_taken":0},{"event_name":"Transmorgrifier","player_choice":"Transform","floor":27,"damage_taken":0},{"event_name":"Purifier","player_choice":"One Purge","floor":28,"damage_taken":0},{"event_name":"MindBloom","player_choice":"Fight","floor":36,"damage_taken":0},{"event_name":"Falling","player_choice":"Removed Skill","floor":42,"damage_taken":0}],"is_beta":false,"boss_relics":[{"not_picked":["Empty Cage","Runic Cube"],"picked":"Runic Pyramid"},{"not_picked":["Astrolabe","Black Blood"],"picked":"Snecko Eye"}],"items_purged_floors":[2,38],"is_endless":false,"potions_floor_spawned":[4,5,6,10,14,18,21,22,31,35,37,41,48],"ascension_level":2}