{"gold_per_floor":[118,118,134,147,147,182,56,85,134,145,18,33,33,44,44,44],"floor_reached":16,"playtime":348,"items_purged":["Strike_G","Strike_G"],"score":146,"play_id":"205bb941-37db-469b-b702-6e36a0111409","local_time":"20181116214652","is_ascension_mode":true,"campfire_choices":[{"floor":15,"key":"REST"}],"neow_cost":"NONE","seed_source_timestamp":11950067161941,"circlet_count":0,"master_deck":["Defend_G","Defend_G","Defend_G","Defend_G","Defend_G","Strike_G","Strike_G","Survivor","Neutralize","Dramatic Entrance","Finisher","Poisoned Stab","Choke","Blade Dance","Masterful Stab","Blade Dance","Infinite Blades","Blade Dance","Slice","Backflip","Cloak And Dagger"],"relics":["Ring of the Snake","Sundial","Oddly Smooth Stone","Snake Skull"],"potions_floor_usage":[8],"damage_taken":[{"damage":0,"enemies":"2 Louse","floor":1,"turns":3},{"damage":5,"enemies":"Cultist","floor":3,"turns":5},{"damage":0,"enemies":"Small Slimes","floor":4,"turns":3},{"damage":25,"enemies":"Lagavulin","floor":6,"turns":5},{"damage":4,"enemies":"Gremlin Nob","floor":8,"turns":3},{"damage":0,"enemies":"Exordium Wildlife","floor":10,"turns":2},{"damage":0,"enemies":"Gremlin Gang","floor":12,"turns":2},{"damage":4,"enemies":"Lots of Slimes","floor":14,"turns":2},{"damage":40,"enemies":"The Guardian","floor":16,"turns":8}],"seed_played":"-7868281686745689160","potions_obtained":[{"floor":1,"key":"Dexterity Potion"},{"floor":4,"key":"Block Potion"},{"floor":8,"key":"EntropicBrew"},{"floor":10,"key":"EssenceOfSteel"}],"is_trial":false,"path_per_floor":["M","?","M","M","?","E","$","E","T","M","$","M","$","M","R","B"],"character_chosen":"THE_SILENT","items_purchased":["Blade Dance","Slice"],"campfire_rested":1,"item_purchase_floors":[7,11],"current_hp_per_floor":[63,56,51,51,51,26,26,22,22,22,22,22,22,18,39,0],"gold":44,"neow_bonus":"RANDOM_COLORLESS","is_prod":false,"is_daily":false,"chose_seed":false,"campfire_upgraded":0,"win_rate":0,"timestamp":1542404812,"path_taken":["M","?","?","?","?","E","?","E","T","M","$","?","$","M","R","BOSS"],"build_version":"2018-11-15","purchased_purges":2,"victory":false,"max_hp_per_floor":[70,70,70,70,70,70,70,70,70,70,70,70,70,70,70,70],"card_choices":[{"not_picked":["Well Laid Plans","Cloak And Dagger"],"picked":"Finisher","floor":1},{"not_picked":["Underhanded Strike","Catalyst"],"picked":"Poisoned Stab","floor":3},{"not_picked":["Prepared","Blur"],"picked":"Choke","floor":4},{"not_picked":["Quick Slash","Poisoned Stab"],"picked":"Masterful Stab","floor":6},{"not_picked":["Prepared","Reflex"],"picked":"Infinite Blades","floor":8},{"not_picked":["Underhanded Strike","Quick Slash"],"picked":"Blade Dance","floor":10},{"not_picked":["Acrobatics","Bane"],"picked":"Backflip","floor":12},{"not_picked":["Wraith Form v2","Dagger Spray"],"picked":"Cloak And Dagger","floor":14}],"player_experience":175985,"relics_obtained":[{"floor":6,"key":"Sundial"},{"floor":8,"key":"Oddly Smooth Stone"},{"floor":9,"key":"Snake Skull"}],"event_choices":[{"damage_healed":0,"gold_gain":0,"player_choice":"Damaged","damage_taken":7,"max_hp_gain":0,"max_hp_loss":0,"event_name":"Wheel of Change","floor":2,"gold_loss":0},{"damage_healed":0,"gold_gain":0,"cards_transformed":["Strike_G"],"player_choice":"Transformed","damage_taken":0,"max_hp_gain":0,"max_hp_loss":0,"event_name":"Transmorgrifier","floor":5,"gold_loss":0,"cards_obtained":["Blade Dance"]}],"is_beta":false,"boss_relics":[],"items_purged_floors":[7,11],"is_endless":false,"potions_floor_spawned":[1,4,8,10],"killed_by":"The Guardian","ascension_level":6}