{"gold_per_floor":[114,125,125,51,75,75,106,106,188,204,204,379,344,357,357,483,483,504,414,339,339,357,357,380,380,380,161,195,219,134,134,134,134],"floor_reached":33,"playtime":1209,"items_purged":[],"score":302,"play_id":"4351a35b-bbcb-4aab-ba40-9d70bf34e610","local_time":"20190204015245","is_ascension_mode":true,"campfire_choices":[{"data":"Footwork","floor":6,"key":"SMITH"},{"floor":8,"key":"REST"},{"data":"Neutralize","floor":15,"key":"SMITH"},{"data":"Bouncing Flask","floor":23,"key":"SMITH"},{"data":"Cloak And Dagger","floor":25,"key":"SMITH"},{"floor":32,"key":"REST"}],"neow_cost":"NONE","seed_source_timestamp":1985060951511289,"circlet_count":0,"master_deck":["Defend_G","Defend_G","Defend_G+1","Defend_G","Defend_G","Strike_G","Strike_G","Strike_G","Strike_G","Strike_G","Survivor+1","Neutralize+1","Sucker Punch","Outmaneuver","Footwork+1","Bouncing Flask+1","Cloak And Dagger+1","Prepared","Backflip+1","Terror","Footwork"],"relics":["Ring of the Snake","Juzu Bracelet","Bloody Idol","Strawberry","Mummified Hand","PreservedInsect","War Paint","Nunchaku","Pantograph"],"potions_floor_usage":[7,18,24,33],"damage_taken":[{"damage":4,"enemies":"2 Louse","floor":1,"turns":3},{"damage":0,"enemies":"Small Slimes","floor":2,"turns":5},{"damage":3,"enemies":"Cultist","floor":5,"turns":4},{"damage":33,"enemies":"Lagavulin","floor":7,"turns":15},{"damage":5,"enemies":"3 Louse","floor":10,"turns":5},{"damage":1,"enemies":"Blue Slaver","floor":14,"turns":5},{"damage":23,"enemies":"The Guardian","floor":16,"turns":12},{"damage":4,"enemies":"3 Byrds","floor":18,"turns":10},{"damage":6,"enemies":"2 Thieves","floor":19,"turns":5},{"damage":5,"enemies":"Snake Plant","floor":22,"turns":6},{"damage":16,"enemies":"Centurion and Healer","floor":24,"turns":18},{"damage":20,"enemies":"Book of Stabbing","floor":28,"turns":6},{"damage":15,"enemies":"Snecko","floor":29,"turns":7},{"damage":91,"enemies":"Champ","floor":33,"turns":19}],"seed_played":"711417889254216368","potions_obtained":[{"floor":2,"key":"Block Potion"},{"floor":10,"key":"EssenceOfSteel"},{"floor":11,"key":"GamblersBrew"},{"floor":11,"key":"FearPotion"},{"floor":11,"key":"FairyPotion"},{"floor":22,"key":"Swift Potion"},{"floor":28,"key":"Ancient Potion"}],"is_trial":false,"path_per_floor":["M","M","?","$","M","R","E","R","T","M","?","?","?","M","R","B",null,"M","M","?","?","M","R","M","R","T","$","E","M","?","?","R","B"],"character_chosen":"THE_SILENT","items_purchased":["Footwork","Footwork","War Paint"],"campfire_rested":2,"item_purchase_floors":[4,27,27],"current_hp_per_floor":[66,66,49,49,46,46,20,43,43,38,38,38,57,56,56,33,77,73,67,67,67,62,62,46,46,46,46,26,11,11,11,34,0],"gold":134,"neow_bonus":"RANDOM_COMMON_RELIC","is_prod":false,"is_daily":false,"chose_seed":false,"campfire_upgraded":4,"win_rate":0,"timestamp":1549266765,"path_taken":["M","M","?","$","M","R","E","R","T","M","?","?","?","M","R","BOSS","M","M","?","?","M","R","M","R","T","$","E","M","?","?","R","BOSS"],"build_version":"2019-01-23","purchased_purges":0,"victory":false,"max_hp_per_floor":[70,70,70,70,70,70,77,77,77,77,77,77,77,77,77,77,77,77,77,77,77,77,77,77,77,77,77,77,77,77,77,77,77],"card_choices":[{"not_picked":["Crippling Poison","Quick Slash"],"picked":"Sucker Punch","floor":1},{"not_picked":["Flechettes","Dagger Throw"],"picked":"Outmaneuver","floor":2},{"not_picked":["Underhanded Strike","Outmaneuver","Dagger Spray"],"picked":"SKIP","floor":5},{"not_picked":["Skewer","Deadly Poison"],"picked":"Bouncing Flask","floor":7},{"not_picked":["Poisoned Stab","Dagger Spray","Phantasmal Killer"],"picked":"SKIP","floor":10},{"not_picked":["Accuracy","Poisoned Stab"],"picked":"Cloak And Dagger","floor":14},{"not_picked":["Deflect","PiercingWail"],"picked":"Prepared","floor":18},{"not_picked":["Deadly Poison","Acrobatics"],"picked":"Backflip+1","floor":19},{"not_picked":["Grand Finale","Slice","Dash"],"picked":"SKIP","floor":22},{"not_picked":["PiercingWail","Underhanded Strike"],"picked":"Terror","floor":24},{"not_picked":["Outmaneuver","Quick Slash+1","Dodge and Roll"],"picked":"SKIP","floor":28},{"not_picked":["Poisoned Stab","Distraction","Flying Knee"],"picked":"SKIP","floor":29}],"player_experience":78648,"relics_obtained":[{"floor":7,"key":"Strawberry"},{"floor":9,"key":"Mummified Hand"},{"floor":26,"key":"PreservedInsect"},{"floor":28,"key":"Nunchaku"}],"event_choices":[{"damage_healed":0,"gold_gain":0,"player_choice":"Take Damage","damage_taken":17,"relics_obtained":["Golden Idol"],"max_hp_gain":0,"max_hp_loss":0,"event_name":"Golden Idol","floor":3,"gold_loss":0},{"damage_healed":0,"gold_gain":0,"player_choice":"Got Potions","damage_taken":0,"max_hp_gain":0,"max_hp_loss":0,"event_name":"Lab","floor":11,"gold_loss":0},{"damage_healed":0,"gold_gain":175,"player_choice":"AGREE","damage_taken":0,"max_hp_gain":0,"max_hp_loss":0,"event_name":"Liars Game","floor":12,"gold_loss":0,"cards_obtained":["Doubt"]},{"damage_healed":19,"gold_gain":0,"player_choice":"Healed","damage_taken":0,"max_hp_gain":0,"max_hp_loss":0,"event_name":"The Cleric","floor":13,"gold_loss":35},{"cards_removed":["Doubt"],"damage_healed":0,"gold_gain":0,"player_choice":"Gave Gold","damage_taken":0,"max_hp_gain":0,"max_hp_loss":0,"event_name":"Beggar","floor":20,"gold_loss":75},{"damage_healed":0,"gold_gain":0,"player_choice":"Ignored","damage_taken":0,"max_hp_gain":0,"max_hp_loss":0,"event_name":"Vampires","floor":21,"gold_loss":0},{"damage_healed":0,"gold_gain":0,"player_choice":"Obtained Relic","damage_taken":0,"relics_obtained":["Pantograph"],"max_hp_gain":0,"max_hp_loss":0,"event_name":"Addict","floor":30,"gold_loss":85},{"damage_healed":0,"gold_gain":0,"player_choice":"Gave Idol","damage_taken":0,"relics_obtained":["Bloody Idol"],"max_hp_gain":0,"max_hp_loss":0,"event_name":"Forgotten Altar","floor":31,"relics_lost":["Golden Idol"],"gold_loss":0}],"is_beta":true,"boss_relics":[{"not_picked":["Velvet Choker","Snecko Eye","Pandora\u0027s Box"]}],"items_purged_floors":[],"is_endless":false,"potions_floor_spawned":[2,10,14,22,28],"killed_by":"Champ","ascension_level":3}