{"gold_per_floor":[117,117,3,21,21,21,54,66,102,13,31,62,72,87,87,166,166,143,143,154,170,36,36],"floor_reached":23,"playtime":715,"items_purged":["Strike_G"],"score":418,"play_id":"023383a2-f49d-433c-9f4a-49c2fbfbca0c","local_time":"20190109215241","is_ascension_mode":true,"campfire_choices":[{"data":"Neutralize","floor":6,"key":"SMITH"},{"data":"Acrobatics","floor":8,"key":"SMITH"},{"data":"Flechettes","floor":15,"key":"SMITH"}],"neow_cost":"NONE","seed_source_timestamp":12301702603000,"circlet_count":0,"master_deck":["AscendersBane","Defend_G","Defend_G","Defend_G","Defend_G","Defend_G","Strike_G","Strike_G","Strike_G","Strike_G","Survivor","Neutralize+1","Footwork+1","Escape Plan","Flechettes+1","Acrobatics+1","Dodge and Roll","Impatience","Cloak And Dagger","Cloak And Dagger","Dagger Throw","Backstab","Malaise","Cloak And Dagger+1","Noxious Fumes","PiercingWail"],"relics":["Ring of the Snake","NeowsBlessing","CultistMask","MawBank","Happy Flower","Bottled Lightning","Fusion Hammer"],"potions_floor_usage":[11,12,13,14],"damage_taken":[{"damage":0,"enemies":"Jaw Worm","floor":1,"turns":1},{"damage":0,"enemies":"Cultist","floor":4,"turns":1},{"damage":0,"enemies":"3 Sentries","floor":7,"turns":1},{"damage":0,"enemies":"2 Louse","floor":11,"turns":2},{"damage":13,"enemies":"Lagavulin","floor":12,"turns":8},{"damage":3,"enemies":"Exordium Thugs","floor":13,"turns":5},{"damage":12,"enemies":"Exordium Wildlife","floor":14,"turns":2},{"damage":6,"enemies":"The Guardian","floor":16,"turns":15},{"damage":15,"enemies":"2 Thieves","floor":18,"turns":4},{"damage":20,"enemies":"Chosen","floor":20,"turns":8},{"damage":12,"enemies":"Snecko","floor":21,"turns":7},{"damage":30,"enemies":"Slavers","floor":23,"turns":3}],"seed_played":"-211964053320829845","potions_obtained":[{"floor":4,"key":"Fire Potion"},{"floor":7,"key":"Explosive Potion"},{"floor":11,"key":"Strength Potion"},{"floor":12,"key":"AttackPotion"}],"is_trial":false,"path_per_floor":["M","?","$","M","?","R","E","R","T","$","M","E","M","M","R","B",null,"M","?","M","M","$","E"],"character_chosen":"THE_SILENT","items_purchased":["Escape Plan","Flechettes","Impatience","PiercingWail"],"campfire_rested":0,"item_purchase_floors":[3,3,10,22],"current_hp_per_floor":[59,59,59,59,59,59,59,59,59,59,59,46,43,31,31,25,56,41,54,34,22,22,0],"gold":36,"neow_bonus":"THREE_ENEMY_KILL","is_prod":false,"is_daily":false,"chose_seed":false,"campfire_upgraded":3,"win_rate":0,"timestamp":1547070761,"path_taken":["M","?","$","?","?","R","E","R","T","?","M","E","M","?","R","BOSS","M","?","M","M","$","E"],"build_version":"2019-01-03v4","purchased_purges":1,"victory":false,"max_hp_per_floor":[66,66,66,66,66,66,66,66,66,66,66,66,66,66,66,66,66,66,66,66,66,66,66],"card_choices":[{"not_picked":["Dodge and Roll","Blur"],"picked":"Footwork","floor":1},{"not_picked":["Distraction","Poisoned Stab"],"picked":"Acrobatics","floor":4},{"not_picked":["Poisoned Stab","Masterful Stab"],"picked":"Dodge and Roll","floor":7},{"not_picked":["Blade Dance","Outmaneuver"],"picked":"Cloak And Dagger","floor":11},{"not_picked":["Poisoned Stab","Tactician"],"picked":"Cloak And Dagger","floor":12},{"not_picked":["Quick Slash","Bouncing Flask"],"picked":"Dagger Throw","floor":13},{"not_picked":["Slice","Dodge and Roll"],"picked":"Backstab","floor":14},{"not_picked":["Corpse Explosion","Unload"],"picked":"Malaise","floor":16},{"not_picked":["Slice","Bane"],"picked":"Cloak And Dagger+1","floor":18},{"not_picked":["Dodge and Roll","Prepared"],"picked":"Noxious Fumes","floor":20},{"not_picked":["Dodge and Roll","Setup","Flying Knee"],"picked":"SKIP","floor":21}],"player_experience":361238,"relics_obtained":[{"floor":7,"key":"MawBank"},{"floor":9,"key":"Happy Flower"},{"floor":12,"key":"Bottled Lightning"}],"event_choices":[{"damage_healed":0,"gold_gain":0,"player_choice":"Upgraded","damage_taken":0,"max_hp_gain":0,"max_hp_loss":0,"event_name":"Upgrade Shrine","floor":2,"gold_loss":0,"cards_upgraded":["Footwork"]},{"damage_healed":0,"gold_gain":0,"player_choice":"Trade","damage_taken":0,"relics_obtained":["CultistMask"],"max_hp_gain":0,"max_hp_loss":0,"event_name":"FaceTrader","floor":5,"gold_loss":0},{"damage_healed":13,"gold_gain":0,"player_choice":"Heal","damage_taken":0,"max_hp_gain":0,"max_hp_loss":0,"event_name":"The Library","floor":19,"gold_loss":0}],"is_beta":false,"boss_relics":[{"not_picked":["Eternal Feather","Lizard Tail"],"picked":"Fusion Hammer"}],"items_purged_floors":[22],"is_endless":false,"potions_floor_spawned":[4,7,11,12],"killed_by":"Slavers","ascension_level":17}