{"gold_per_floor":[13,13,30,40,55,55,82,98,144,144,154,171,197,207,207,310,310,310,310,329,343,125,125],"floor_reached":23,"playtime":1080,"items_purged":[],"score":279,"play_id":"f9f350d7-63fd-4c91-a9aa-9c413bcf3173","local_time":"20190201011038","is_ascension_mode":true,"campfire_choices":[{"data":"Dualcast","floor":6,"key":"SMITH"},{"data":"Defragment","floor":10,"key":"SMITH"},{"floor":15,"key":"REST"}],"neow_cost":"NO_GOLD","seed_source_timestamp":2851187795185,"circlet_count":0,"master_deck":["Strike_B","Strike_B","Strike_B","Strike_B","Defend_B","Defend_B","Defend_B","Defend_B","Zap+1","Dualcast+1","Ball Lightning","Sweeping Beam","Defragment+1","Conserve Battery+1","Cold Snap","Undo","Defragment","Streamline","Skim","BootSequence","Creative AI","Hologram","Doom and Gloom"],"relics":["Cracked Core","Vajra","War Paint","Question Card","Snecko Eye","NlothsMask","Oddly Smooth Stone"],"potions_floor_usage":[7,7,13,16,18],"damage_taken":[{"damage":0,"enemies":"2 Louse","floor":1,"turns":2},{"damage":1,"enemies":"Cultist","floor":3,"turns":3},{"damage":0,"enemies":"Small Slimes","floor":4,"turns":2},{"damage":7,"enemies":"Looter","floor":5,"turns":3},{"damage":21,"enemies":"Lagavulin","floor":7,"turns":5},{"damage":0,"enemies":"Large Slime","floor":8,"turns":4},{"damage":0,"enemies":"3 Louse","floor":11,"turns":3},{"damage":0,"enemies":"Blue Slaver","floor":12,"turns":3},{"damage":10,"enemies":"3 Sentries","floor":13,"turns":4},{"damage":14,"enemies":"Lots of Slimes","floor":14,"turns":2},{"damage":12,"enemies":"Hexaghost","floor":16,"turns":7},{"damage":0,"enemies":"3 Byrds","floor":18,"turns":4},{"damage":9,"enemies":"Spheric Guardian","floor":20,"turns":5},{"damage":56,"enemies":"Snake Plant","floor":21,"turns":7},{"damage":15,"enemies":"Gremlin Leader","floor":23,"turns":3}],"seed_played":"4741569772653113644","potions_obtained":[{"floor":4,"key":"PowerPotion"},{"floor":5,"key":"SkillPotion"},{"floor":8,"key":"PowerPotion"},{"floor":12,"key":"PowerPotion"},{"floor":14,"key":"SmokeBomb"}],"is_trial":false,"path_per_floor":["M","?","M","M","M","R","E","M","T","R","M","M","E","M","R","B",null,"M","?","M","M","$","E"],"character_chosen":"DEFECT","items_purchased":["Oddly Smooth Stone","Doom and Gloom"],"campfire_rested":1,"item_purchase_floors":[22,22],"current_hp_per_floor":[82,82,81,81,74,74,53,53,53,53,53,53,43,29,55,43,78,78,78,69,13,13,0],"gold":125,"neow_bonus":"TWENTY_PERCENT_HP_BONUS","is_prod":false,"is_daily":false,"chose_seed":false,"campfire_upgraded":2,"win_rate":0,"timestamp":1549001438,"path_taken":["M","?","M","M","M","R","E","M","T","R","M","M","E","M","R","BOSS","M","?","M","?","$","E"],"build_version":"2019-01-23","purchased_purges":0,"victory":false,"max_hp_per_floor":[89,89,89,89,89,89,89,89,89,89,89,89,89,89,89,89,89,89,89,89,89,89,89],"card_choices":[{"not_picked":["Darkness","Sweeping Beam"],"picked":"Ball Lightning","floor":1},{"not_picked":["Storm","Fusion"],"picked":"Sweeping Beam","floor":3},{"not_picked":["Turbo","Steam"],"picked":"Defragment","floor":4},{"not_picked":["Rip and Tear","Static Discharge"],"picked":"Conserve Battery","floor":5},{"not_picked":["Fission","Fusion"],"picked":"Cold Snap","floor":7},{"not_picked":["Barrage","FTL"],"picked":"Undo","floor":8},{"not_picked":["Barrage","Coolheaded"],"picked":"Defragment","floor":11},{"not_picked":["Rebound","Aggregate"],"picked":"Streamline","floor":12},{"not_picked":["Conserve Battery","Streamline"],"picked":"Skim","floor":13},{"not_picked":["Beam Cell","Go for the Eyes","Compile Driver"],"picked":"BootSequence","floor":14},{"not_picked":["Meteor Strike","Core Surge","Reboot"],"picked":"Creative AI","floor":16},{"not_picked":["Gash+1","Lockon","Scrape+1"],"picked":"Hologram","floor":20},{"not_picked":["Redo+1","Beam Cell+1","Hologram","Barrage"],"picked":"SKIP","floor":21}],"player_experience":423970,"relics_obtained":[{"floor":7,"key":"Vajra"},{"floor":9,"key":"War Paint"},{"floor":13,"key":"Question Card"}],"event_choices":[{"damage_healed":0,"gold_gain":0,"player_choice":"0 cards matched","damage_taken":0,"max_hp_gain":0,"max_hp_loss":0,"event_name":"Match and Keep!","floor":2,"gold_loss":0,"cards_obtained":[]},{"damage_healed":0,"gold_gain":0,"player_choice":"Trade","damage_taken":0,"relics_obtained":["NlothsMask"],"max_hp_gain":0,"max_hp_loss":0,"event_name":"FaceTrader","floor":19,"gold_loss":0}],"is_beta":false,"boss_relics":[{"not_picked":["Cursed Key","Black Star"],"picked":"Snecko Eye"}],"items_purged_floors":[],"is_endless":false,"potions_floor_spawned":[4,5,8,12,14,18],"killed_by":"Gremlin Leader","ascension_level":7}