{"gold_per_floor":[218,233,243,257,182,182,209,220,244,244,279,297,146,146,146,243,243,256,276,276,276,21,38,65,16,16,16,50,0,18,33,33,129,129,148,163,62,75,75,75,100,100,147,159,184,214,226,248,260,272],"floor_reached":50,"playtime":4414,"items_purged":["Defend_R"],"score":549,"play_id":"c66ebd63-e503-404c-b6c4-1192f25dcdd5","local_time":"20190112200649","is_ascension_mode":false,"campfire_choices":[{"data":"Bash","floor":6,"key":"SMITH"},{"floor":10,"key":"REST"},{"data":"Armaments","floor":15,"key":"SMITH"},{"data":"Uppercut","floor":27,"key":"SMITH"},{"data":"Flame Barrier","floor":32,"key":"SMITH"},{"data":"Demon Form","floor":40,"key":"SMITH"},{"data":"Metallicize","floor":44,"key":"SMITH"},{"floor":49,"key":"REST"}],"neow_cost":"NONE","seed_source_timestamp":287952537137900,"circlet_count":0,"master_deck":["Strike_R","Strike_R","Strike_R","Strike_R","Defend_R","Defend_R","Bash+1","Armaments+1","Shrug It Off","Power Through","Spot Weakness","Metallicize+1","Sword Boomerang","Flame Barrier+1","Whirlwind+1","Rage+1","Spot Weakness+1","Pommel Strike","Anger+1","Uppercut+1","Feed","Pummel","Heavy Blade+1","Demon Form+1","Headbutt","Battle Trance+1","Shrug It Off+1","Decay","Doubt","True Grit","Battle Trance+1","Parasite"],"relics":["Burning Blood","Juzu Bracelet","Potion Belt","PreservedInsect","Lantern","Astrolabe","Mummified Hand","Matryoshka","Boot","Oddly Smooth Stone","Bottled Flame","Bag of Marbles","White Beast Statue","Calipers","Anchor","MawBank"],"potions_floor_usage":[7,11,16,16,19,24,30,33,33,38,41,41,46,48,48,50,50,50],"damage_taken":[{"damage":10,"enemies":"Small Slimes","floor":1,"turns":4},{"damage":1,"enemies":"Cultist","floor":2,"turns":3},{"damage":5,"enemies":"Jaw Worm","floor":3,"turns":4},{"damage":7,"enemies":"Blue Slaver","floor":4,"turns":6},{"damage":32,"enemies":"Lagavulin","floor":7,"turns":10},{"damage":9,"enemies":"Large Slime","floor":8,"turns":7},{"damage":19,"enemies":"Gremlin Nob","floor":11,"turns":4},{"damage":3,"enemies":"Red Slaver","floor":12,"turns":4},{"damage":29,"enemies":"Hexaghost","floor":16,"turns":12},{"damage":3,"enemies":"3 Byrds","floor":18,"turns":3},{"damage":5,"enemies":"Chosen","floor":19,"turns":4},{"damage":8,"enemies":"Snecko","floor":23,"turns":5},{"damage":15,"enemies":"Book of Stabbing","floor":24,"turns":4},{"damage":26,"enemies":"Slavers","floor":28,"turns":4},{"damage":0,"enemies":"Cultist and Chosen","floor":30,"turns":5},{"damage":0,"enemies":"Snake Plant","floor":31,"turns":3},{"damage":58,"enemies":"Champ","floor":33,"turns":8},{"damage":27,"enemies":"3 Darklings","floor":35,"turns":4},{"damage":19,"enemies":"3 Shapes","floor":36,"turns":8},{"damage":0,"enemies":"Writhing Mass","floor":38,"turns":5},{"damage":47,"enemies":"Nemesis","floor":41,"turns":5},{"damage":39,"enemies":"Sphere and 2 Shapes","floor":45,"turns":8},{"damage":38,"enemies":"Maw","floor":46,"turns":7},{"damage":13,"enemies":"Writhing Mass","floor":48,"turns":7},{"damage":56,"enemies":"Awakened One","floor":50,"turns":5}],"seed_played":"-1908311902246414271","potions_obtained":[{"floor":1,"key":"Dexterity Potion"},{"floor":3,"key":"Energy Potion"},{"floor":8,"key":"AttackPotion"},{"floor":12,"key":"EssenceOfSteel"},{"floor":18,"key":"AttackPotion"},{"floor":23,"key":"EssenceOfSteel"},{"floor":28,"key":"Weak Potion"},{"floor":31,"key":"FearPotion"},{"floor":35,"key":"Ancient Potion"},{"floor":36,"key":"GamblersBrew"},{"floor":38,"key":"BloodPotion"},{"floor":41,"key":"Strength Potion"},{"floor":45,"key":"Poison Potion"},{"floor":46,"key":"AttackPotion"},{"floor":48,"key":"FearPotion"}],"is_trial":false,"path_per_floor":["M","M","M","M","$","R","E","M","T","R","E","M","$","?","R","B",null,"M","M","?","T","$","M","E","$","T","R","E","?","M","M","R","B",null,"M","M","$","M","?","R","E","?","T","R","M","M","?","M","R","B"],"character_chosen":"IRONCLAD","items_purchased":["Lantern","Matryoshka","Swift Potion","PowerPotion","SteroidPotion"],"campfire_rested":2,"item_purchase_floors":[13,22,25,37,37],"current_hp_per_floor":[76,80,80,79,79,79,53,50,50,74,61,64,64,64,64,41,80,80,80,80,80,80,78,69,69,69,69,52,52,61,70,70,18,89,68,55,55,61,61,61,28,89,89,89,59,27,27,20,47,0],"gold":272,"neow_bonus":"HUNDRED_GOLD","is_prod":false,"is_daily":false,"chose_seed":false,"campfire_upgraded":6,"win_rate":0.0,"timestamp":1547341609,"path_taken":["M","M","M","M","$","R","E","M","T","R","E","M","$","?","R","BOSS","M","M","?","?","$","M","E","$","T","R","E","?","M","M","R","BOSS","M","M","$","M","?","R","E","?","T","R","M","M","?","M","R","BOSS"],"build_version":"2019-01-10","purchased_purges":1,"victory":false,"max_hp_per_floor":[80,80,80,80,80,80,80,80,80,80,80,80,80,80,80,80,80,80,80,80,80,80,80,80,80,80,80,83,83,86,89,89,89,89,89,89,89,89,89,89,89,89,89,89,92,92,92,92,92,92],"card_choices":[{"not_picked":["Rage","Pummel"],"picked":"Armaments","floor":1},{"not_picked":["Combust","Intimidate"],"picked":"Shrug It Off","floor":2},{"not_picked":["Flex","Armaments","Barricade"],"picked":"SKIP","floor":3},{"not_picked":["Clash","Rupture"],"picked":"Power Through","floor":4},{"not_picked":["Blood for Blood","Carnage"],"picked":"Spot Weakness","floor":7},{"not_picked":["Feel No Pain","Corruption"],"picked":"Metallicize","floor":8},{"not_picked":["Anger","Armaments"],"picked":"Sword Boomerang","floor":11},{"not_picked":["Headbutt","Burning Pact"],"picked":"Flame Barrier","floor":12},{"not_picked":["Barricade","Fiend Fire"],"picked":"Dark Embrace","floor":16},{"not_picked":["Clothesline","Seeing Red"],"picked":"Pommel Strike","floor":18},{"not_picked":["Perfected Strike+1","Clash"],"picked":"Anger+1","floor":19},{"not_picked":["Shrug It Off","Burning Pact","Reckless Charge+1"],"picked":"SKIP","floor":23},{"not_picked":["Rampage","Fire Breathing"],"picked":"Feed","floor":24},{"not_picked":["Bloodletting","Anger","Sword Boomerang"],"picked":"SKIP","floor":28},{"not_picked":["True Grit","Burning Pact"],"picked":"Pummel","floor":30},{"not_picked":["Sword Boomerang","Clash"],"picked":"Heavy Blade+1","floor":31},{"not_picked":["Barricade","Double Tap"],"picked":"Demon Form","floor":33},{"not_picked":["Ghostly Armor+1","Heavy Blade+1"],"picked":"Headbutt","floor":35},{"not_picked":["Blood for Blood+1","Metallicize"],"picked":"Battle Trance+1","floor":36},{"not_picked":["Clash+1","Dropkick+1"],"picked":"Shrug It Off+1","floor":38},{"not_picked":["Anger+1","Body Slam","Berserk"],"picked":"SKIP","floor":41},{"not_picked":["Whirlwind","Twin Strike"],"picked":"True Grit","floor":45},{"not_picked":["Iron Wave","Uppercut+1"],"picked":"Battle Trance+1","floor":46},{"not_picked":["Dual Wield+1","Corruption+1","Whirlwind"],"picked":"SKIP","floor":48}],"player_experience":2309,"relics_obtained":[{"floor":7,"key":"Juzu Bracelet"},{"floor":9,"key":"Potion Belt"},{"floor":11,"key":"PreservedInsect"},{"floor":21,"key":"Mummified Hand"},{"floor":24,"key":"Boot"},{"floor":26,"key":"Oddly Smooth Stone"},{"floor":26,"key":"Bottled Flame"},{"floor":28,"key":"Bag of Marbles"},{"floor":41,"key":"Calipers"},{"floor":43,"key":"Anchor"},{"floor":43,"key":"MawBank"}],"event_choices":[{"damage_healed":0,"gold_gain":0,"cards_transformed":["Strike_R"],"player_choice":"Transformed","damage_taken":0,"max_hp_gain":0,"max_hp_loss":0,"event_name":"Transmorgrifier","floor":14,"gold_loss":0,"cards_obtained":["Fire Breathing"]},{"damage_healed":0,"gold_gain":0,"player_choice":"Read","damage_taken":0,"max_hp_gain":0,"max_hp_loss":0,"event_name":"The Library","floor":20,"gold_loss":0,"cards_obtained":["Uppercut"]},{"damage_healed":0,"gold_gain":0,"player_choice":"Paid Fearfully","damage_taken":0,"max_hp_gain":0,"max_hp_loss":0,"event_name":"Masked Bandits","floor":29,"gold_loss":50},{"damage_healed":0,"gold_gain":0,"player_choice":"Cursed","damage_taken":0,"max_hp_gain":0,"max_hp_loss":0,"event_name":"Wheel of Change","floor":39,"gold_loss":0,"cards_obtained":["Decay"]},{"damage_healed":61,"gold_gain":0,"player_choice":"Heal","damage_taken":0,"max_hp_gain":0,"max_hp_loss":0,"event_name":"MindBloom","floor":42,"gold_loss":0,"cards_obtained":["Doubt"]},{"damage_healed":0,"gold_gain":0,"player_choice":"Ignored","damage_taken":0,"max_hp_gain":0,"max_hp_loss":0,"event_name":"Mysterious Sphere","floor":47,"gold_loss":0}],"is_beta":false,"boss_relics":[{"not_picked":["Snecko Eye","Philosopher\u0027s Stone"],"picked":"Astrolabe"},{"not_picked":["Orrery","Runic Dome"],"picked":"White Beast Statue"}],"items_purged_floors":[5],"is_endless":false,"potions_floor_spawned":[1,3,8,12,18,23,28,31,35,36,38,41,45,46,48],"killed_by":"Awakened One","ascension_level":0}