{"gold_per_floor":[361,361,50,15,15,15,34,67,67,67,105,105,125,138,138,234,234,249,249,249,266,291,291,324,324,373,403,328,328,342,21,21,95,95,107,107,7,24,39,67,67,67,67,67,82,94,113,130,130,130],"floor_reached":50,"playtime":5352,"items_purged":["Injury","Pain"],"score":1003,"play_id":"04068649-609b-4774-874c-b143de1edeaf","local_time":"20190127032024","is_ascension_mode":true,"campfire_choices":[{"data":"Terror","floor":6,"key":"SMITH"},{"data":"Neutralize","floor":10,"key":"SMITH"},{"floor":12,"key":"REST"},{"data":"Footwork","floor":15,"key":"SMITH"},{"data":"Infinite Blades","floor":23,"key":"SMITH"},{"data":"Malaise","floor":25,"key":"SMITH"},{"data":"Die Die Die","floor":29,"key":"SMITH"},{"data":"Blur","floor":32,"key":"SMITH"},{"data":"Phantasmal Killer","floor":41,"key":"SMITH"},{"data":"Cloak And Dagger","floor":42,"key":"SMITH"},{"data":"Backflip","floor":44,"key":"SMITH"},{"data":"Noxious Fumes","floor":49,"key":"SMITH"}],"neow_cost":"PERCENT_DAMAGE","seed_source_timestamp":1412903435085579,"circlet_count":0,"master_deck":["AscendersBane","Defend_G","Defend_G","Defend_G","Defend_G","Survivor","Neutralize+1","Masterful Stab","Terror+1","Deadly Poison","Footwork+1","Infinite Blades+1","Die Die Die+1","Bane+1","Bite","Bite","Bite","Bite","Bite","Blur+1","Malaise+1","Blur+1","Phantasmal Killer+1","Cloak And Dagger+1","Backflip+1","Heel Hook+1","Unload","Cloak And Dagger+1","Predator+1","Crippling Poison+1","Noxious Fumes+1","Leg Sweep+1"],"relics":["Ring of the Snake","Bloody Idol","Toy Ornithopter","Shuriken","Mummified Hand","Bag of Preparation","White Beast Statue","Potion Belt","Pen Nib","Dream Catcher","Boot","Gremlin Horn","Orrery","WarpedTongs","WingedGreaves","Singing Bowl"],"potions_floor_usage":[11,13,14,16,24,27,27,30,33,33,40,40,40,45,45,46,47,48],"damage_taken":[{"damage":1,"enemies":"Small Slimes","floor":1,"turns":4},{"damage":0,"enemies":"2 Louse","floor":7,"turns":3},{"damage":35,"enemies":"Gremlin Nob","floor":8,"turns":5},{"damage":31,"enemies":"3 Sentries","floor":11,"turns":12},{"damage":0,"enemies":"Jaw Worm","floor":13,"turns":2},{"damage":0,"enemies":"2 Fungi Beasts","floor":14,"turns":2},{"damage":0,"enemies":"The Guardian","floor":16,"turns":9},{"damage":15,"enemies":"3 Byrds","floor":18,"turns":4},{"damage":0,"enemies":"Chosen","floor":21,"turns":4},{"damage":17,"enemies":"Gremlin Leader","floor":24,"turns":7},{"damage":58,"enemies":"Slavers","floor":27,"turns":7},{"damage":16,"enemies":"Centurion and Healer","floor":30,"turns":4},{"damage":18,"enemies":"Automaton","floor":33,"turns":15},{"damage":13,"enemies":"Orb Walker","floor":35,"turns":3},{"damage":8,"enemies":"3 Darklings","floor":38,"turns":3},{"damage":8,"enemies":"Maw","floor":39,"turns":6},{"damage":41,"enemies":"Giant Head","floor":40,"turns":7},{"damage":18,"enemies":"Spire Growth","floor":45,"turns":4},{"damage":27,"enemies":"Writhing Mass","floor":46,"turns":8},{"damage":6,"enemies":"3 Darklings","floor":47,"turns":4},{"damage":6,"enemies":"Maw","floor":48,"turns":6},{"damage":38,"enemies":"Donu and Deca","floor":50,"turns":3}],"seed_played":"-2665288105129758003","potions_obtained":[{"floor":1,"key":"LiquidBronze"},{"floor":8,"key":"Swift Potion"},{"floor":11,"key":"SpeedPotion"},{"floor":13,"key":"Fire Potion"},{"floor":18,"key":"GhostInAJar"},{"floor":21,"key":"FearPotion"},{"floor":24,"key":"SpeedPotion"},{"floor":27,"key":"FearPotion"},{"floor":30,"key":"GhostInAJar"},{"floor":33,"key":"SkillPotion"},{"floor":35,"key":"Poison Potion"},{"floor":38,"key":"Weak Potion"},{"floor":39,"key":"Block Potion"},{"floor":40,"key":"SkillPotion"},{"floor":45,"key":"SpeedPotion"},{"floor":46,"key":"Block Potion"},{"floor":47,"key":"Block Potion"},{"floor":48,"key":"GamblersBrew"}],"is_trial":false,"path_per_floor":["M","?","$","?","?","R","M","E","T","R","E","R","M","M","R","B",null,"M","?","?","M","T","R","E","R","T","E","?","R","M","$","R","B",null,"M","?","$","M","M","E","R","R","T","R","M","M","M","M","R","B"],"character_chosen":"THE_SILENT","items_purchased":["Toy Ornithopter","Terror","Gremlin Horn","Regen Potion"],"campfire_rested":1,"item_purchase_floors":[3,3,31,31],"current_hp_per_floor":[44,44,44,61,66,66,66,31,31,31,5,27,32,37,37,42,67,52,52,52,52,52,52,44,44,49,20,20,20,22,22,22,52,52,46,46,46,47,52,22,22,22,22,22,26,14,23,33,33,0],"gold":130,"neow_bonus":"TWO_FIFTY_GOLD","is_prod":false,"is_daily":false,"chose_seed":false,"campfire_upgraded":11,"win_rate":0,"timestamp":1548588024,"path_taken":["M","?","$","?","?","R","M","E","T","R","E","R","M","M","R","BOSS","M","?","?","M","?","R","E","R","T","E","?","R","?","$","R","BOSS","M","?","$","M","M","E","R","R","T","R","M","?","M","M","R","BOSS"],"build_version":"2019-01-23","purchased_purges":2,"victory":false,"max_hp_per_floor":[70,70,70,70,75,75,75,75,75,75,75,75,75,75,75,75,75,75,75,52,52,52,52,52,52,52,52,52,52,52,52,52,52,52,52,52,52,52,52,52,52,52,52,52,54,54,54,54,54,54],"card_choices":[{"not_picked":["Poisoned Stab","Acrobatics"],"picked":"Masterful Stab","floor":1},{"not_picked":["Concentrate","Quick Slash","Slice"],"picked":"SKIP","floor":7},{"not_picked":["Catalyst","Distraction","Reflex"],"picked":"SKIP","floor":8},{"not_picked":["Prepared","Eviscerate"],"picked":"Deadly Poison","floor":11},{"not_picked":["Slice","Deflect"],"picked":"Footwork","floor":13},{"not_picked":["PiercingWail","Caltrops"],"picked":"Infinite Blades","floor":14},{"not_picked":["Storm of Steel","Bullet Time"],"picked":"Die Die Die","floor":16},{"not_picked":["Terror","Backstab"],"picked":"Bane+1","floor":18},{"not_picked":["Sucker Punch","Acrobatics"],"picked":"Blur+1","floor":21},{"not_picked":["Underhanded Strike","Bouncing Flask"],"picked":"Malaise","floor":24},{"not_picked":["Acrobatics","Blade Dance"],"picked":"Blur","floor":27},{"not_picked":["Masterful Stab","Setup","Blade Dance"],"picked":"SKIP","floor":30},{"not_picked":["Unload","Wraith Form v2"],"picked":"Phantasmal Killer","floor":33},{"not_picked":["Dagger Throw","Bane"],"picked":"Cloak And Dagger","floor":34},{"not_picked":["Deadly Poison","Quick Slash"],"picked":"Backflip","floor":34},{"not_picked":["Expertise","Sucker Punch+1"],"picked":"Heel Hook+1","floor":34},{"not_picked":["Terror","Bane"],"picked":"Unload","floor":35},{"not_picked":["Bane","Masterful Stab"],"picked":"Cloak And Dagger+1","floor":38},{"not_picked":["Flechettes+1","Bane"],"picked":"Predator+1","floor":39},{"not_picked":["Deadly Poison+1","Calculated Gamble","Flying Knee"],"picked":"SKIP","floor":40},{"not_picked":["Distraction","Bane+1","Backflip"],"picked":"Singing Bowl","floor":45},{"not_picked":["Deadly Poison","Acrobatics"],"picked":"Crippling Poison+1","floor":46},{"not_picked":["Underhanded Strike","Finisher+1"],"picked":"Noxious Fumes","floor":47},{"not_picked":["Deflect","Deadly Poison"],"picked":"Leg Sweep+1","floor":48}],"player_experience":501278,"relics_obtained":[{"floor":8,"key":"Shuriken"},{"floor":9,"key":"Mummified Hand"},{"floor":11,"key":"Bag of Preparation"},{"floor":22,"key":"Potion Belt"},{"floor":24,"key":"Pen Nib"},{"floor":26,"key":"Dream Catcher"},{"floor":27,"key":"Boot"},{"floor":40,"key":"WingedGreaves"},{"floor":43,"key":"Singing Bowl"}],"event_choices":[{"damage_healed":0,"gold_gain":0,"player_choice":"Take Wound","damage_taken":0,"relics_obtained":["Golden Idol"],"max_hp_gain":0,"max_hp_loss":0,"event_name":"Golden Idol","floor":2,"gold_loss":0,"cards_obtained":["Injury"]},{"damage_healed":17,"gold_gain":0,"player_choice":"Healed","damage_taken":0,"max_hp_gain":0,"max_hp_loss":0,"event_name":"The Cleric","floor":4,"gold_loss":35},{"damage_healed":0,"gold_gain":0,"player_choice":"Donut","damage_taken":0,"max_hp_gain":5,"max_hp_loss":0,"event_name":"Big Fish","floor":5,"gold_loss":0},{"damage_healed":0,"gold_gain":0,"player_choice":"Gave Idol","damage_taken":0,"relics_obtained":["Bloody Idol"],"max_hp_gain":0,"max_hp_loss":0,"event_name":"Forgotten Altar","floor":19,"relics_lost":["Golden Idol"],"gold_loss":0},{"damage_healed":0,"gold_gain":0,"player_choice":"Became a vampire","damage_taken":0,"max_hp_gain":0,"max_hp_loss":23,"event_name":"Vampires","floor":20,"gold_loss":0,"cards_obtained":["Bite","Bite","Bite","Bite","Bite"]},{"cards_removed":["Defend_G"],"damage_healed":0,"gold_gain":0,"player_choice":"Gave Gold","damage_taken":0,"max_hp_gain":0,"max_hp_loss":0,"event_name":"Beggar","floor":28,"gold_loss":75},{"damage_healed":0,"gold_gain":0,"player_choice":"Rummage","damage_taken":0,"relics_obtained":["WarpedTongs"],"max_hp_gain":0,"max_hp_loss":0,"event_name":"Accursed Blacksmith","floor":36,"gold_loss":0,"cards_obtained":["Pain"]}],"is_beta":false,"boss_relics":[{"not_picked":["Sozu","Fusion Hammer"],"picked":"White Beast Statue"},{"not_picked":["Snecko Eye","Eternal Feather"],"picked":"Orrery"}],"items_purged_floors":[3,37],"is_endless":false,"potions_floor_spawned":[1,8,11,13,18,21,24,27,30,33,35,38,39,40,45,46,47,48],"killed_by":"Donu and Deca","ascension_level":13}