{"gold_per_floor":[112,128,53,53,69,69,96,114,141,141,316,181,181,197,197,297,297,281,294,99,99,113,113,131,141,141,159,159,159,159,159,159,261,311,323,323,323],"floor_reached":37,"playtime":3065,"items_purged":["Strike_R","Doubt"],"score":688,"play_id":"e3f5adc0-7e6d-4342-a8cd-3856dc38e885","local_time":"20180913230514","is_ascension_mode":true,"campfire_choices":[{"data":"Strike_R","floor":6,"key":"PURGE"},{"data":"Strike_R","floor":10,"key":"PURGE"},{"data":"Bash","floor":13,"key":"PURGE"},{"data":"Entrench","floor":15,"key":"SMITH"},{"data":"Strike_R","floor":23,"key":"PURGE"},{"floor":30,"key":"REST"},{"data":"Fiend Fire","floor":32,"key":"SMITH"}],"neow_cost":"TEN_PERCENT_HP_LOSS","seed_source_timestamp":1293433997648092,"circlet_count":0,"master_deck":["Defend_R+1","Defend_R","Defend_R","Defend_R","Bash","AscendersBane","Rampage","Shrug It Off","Immolate","Barricade","Body Slam","Entrench+1","Fiend Fire+1","True Grit+1","Shrug It Off+1"],"relics":["Burning Blood","Peace Pipe","Centennial Puzzle","Potion Belt","Velvet Choker","TheAbacus","Kunai","Tiny House"],"potions_floor_usage":[22,24,25,35,37],"damage_taken":[{"damage":3,"enemies":"2 Louse","floor":1,"turns":4},{"damage":6,"enemies":"Cultist","floor":2,"turns":3},{"damage":7,"enemies":"Small Slimes","floor":5,"turns":2},{"damage":24,"enemies":"Gremlin Nob","floor":7,"turns":4},{"damage":7,"enemies":"2 Fungi Beasts","floor":8,"turns":3},{"damage":19,"enemies":"Large Slime","floor":14,"turns":7},{"damage":0,"enemies":"Slime Boss","floor":16,"turns":12},{"damage":17,"enemies":"2 Thieves","floor":18,"turns":4},{"damage":39,"enemies":"Shell Parasite","floor":19,"turns":7},{"damage":18,"enemies":"Centurion and Healer","floor":22,"turns":8},{"damage":24,"enemies":"3 Cultists","floor":24,"turns":5},{"damage":8,"enemies":"Snake Plant","floor":25,"turns":5},{"damage":15,"enemies":"Centurion and Healer","floor":27,"turns":6},{"damage":19,"enemies":"Automaton","floor":33,"turns":8},{"damage":13,"enemies":"Orb Walker","floor":35,"turns":5},{"damage":15,"enemies":"3 Darklings","floor":37,"turns":36}],"seed_played":"5344314465850791440","potions_obtained":[{"floor":1,"key":"SteroidPotion"},{"floor":2,"key":"SpeedPotion"},{"floor":18,"key":"SkillPotion"},{"floor":19,"key":"BloodPotion"},{"floor":24,"key":"FearPotion"},{"floor":25,"key":"Explosive Potion"},{"floor":34,"key":"Strength Potion"},{"floor":35,"key":"FearPotion"}],"is_trial":false,"path_per_floor":["M","M","$","?","M","R","E","M","T","R","?","$","R","M","R","B",null,"M","M","$","?","M","R","M","M","T","M","?","?","R","?","R","B",null,"M","?"],"character_chosen":"IRONCLAD","items_purchased":["Entrench","TheAbacus"],"campfire_rested":1,"item_purchase_floors":[12,20],"current_hp_per_floor":[72,72,72,72,71,71,53,52,52,52,52,52,52,39,39,45,65,54,21,21,45,40,40,22,20,20,11,11,11,32,72,72,59,74,67,67,52],"gold":323,"neow_bonus":"ONE_RARE_RELIC","is_prod":false,"is_daily":false,"chose_seed":false,"campfire_upgraded":2,"win_rate":0,"timestamp":1536897914,"path_taken":["M","M","$","?","M","R","E","M","T","R","?","$","R","M","R","BOSS","M","M","$","?","M","R","M","M","T","?","?","?","R","?","R","BOSS","M","?","M"],"build_version":"2018-09-06","purchased_purges":2,"victory":false,"max_hp_per_floor":[72,72,72,72,72,72,72,72,72,72,72,72,72,72,72,72,72,72,72,72,72,72,72,72,72,72,72,72,72,72,72,72,72,77,77,77,77],"card_choices":[{"not_picked":["Battle Trance","Inflame"],"picked":"Rampage","floor":1},{"not_picked":["Fire Breathing","Perfected Strike"],"picked":"Shrug It Off","floor":2},{"not_picked":["Intimidate","Headbutt","Sentinel"],"picked":"SKIP","floor":5},{"not_picked":["Warcry","Juggernaut"],"picked":"Barricade","floor":7},{"not_picked":["Anger","Headbutt"],"picked":"Body Slam","floor":8},{"not_picked":["Pommel Strike","Headbutt","Body Slam"],"picked":"SKIP","floor":14},{"not_picked":["Demon Form","Bludgeon"],"picked":"Fiend Fire","floor":16},{"not_picked":["Inflame","Sentinel","Flex"],"picked":"SKIP","floor":18},{"not_picked":["Clothesline+1","Pommel Strike+1"],"picked":"True Grit+1","floor":19},{"not_picked":["Warcry","Iron Wave","Flex"],"picked":"SKIP","floor":22},{"not_picked":["Pommel Strike+1","Inflame+1"],"picked":"Shrug It Off+1","floor":24},{"not_picked":["Rage","Heavy Blade+1","Anger"],"picked":"SKIP","floor":25},{"not_picked":["Anger","Exhume","Sever Soul"],"picked":"SKIP","floor":27},{"not_picked":["Limit Break","Havoc+1","Rampage"],"picked":"SKIP","floor":35}],"player_experience":325224,"relics_obtained":[{"floor":7,"key":"Centennial Puzzle"},{"floor":9,"key":"Potion Belt"},{"floor":26,"key":"Kunai"}],"event_choices":[{"event_name":"Match and Keep!","player_choice":"2 cards matched","floor":4,"damage_taken":0},{"event_name":"Liars Game","player_choice":"agreed","floor":11,"damage_taken":0},{"event_name":"The Library","player_choice":"Heal","floor":21,"damage_taken":0},{"event_name":"Transmorgrifier","player_choice":"Transform","floor":28,"damage_taken":0},{"event_name":"Vampires","player_choice":"Ignored","floor":29,"damage_taken":0},{"event_name":"Bonfire Elementals","player_choice":"UNCOMMON","floor":31,"damage_taken":0},{"event_name":"SensoryStone","player_choice":"Memory 1","floor":36,"damage_taken":0}],"is_beta":false,"boss_relics":[{"not_picked":["Runic Cube","Philosopher\u0027s Stone"],"picked":"Velvet Choker"},{"not_picked":["Fusion Hammer","Eternal Feather"],"picked":"Tiny House"}],"items_purged_floors":[3,12],"is_endless":false,"potions_floor_spawned":[1,2,18,19,24,25,35],"killed_by":"3 Darklings","ascension_level":11}