{"gold_per_floor":[112,37,37,49,68,98,98,116,116,116,149,149,149,159,159,159],"floor_reached":16,"playtime":482,"items_purged":["Shame"],"score":201,"play_id":"12646573-4d1f-429b-9630-322aa38978b3","local_time":"20181024001150","is_ascension_mode":true,"campfire_choices":[{"data":"1","floor":7,"key":"LIFT"},{"floor":10,"key":"REST"},{"data":"2","floor":12,"key":"LIFT"},{"floor":15,"key":"REST"}],"neow_cost":"CURSE","seed_source_timestamp":2733312271638364,"circlet_count":0,"master_deck":["Strike_R","Strike_R","Strike_R","Strike_R","Strike_R","Defend_R","Defend_R+1","Defend_R","Defend_R","Bash","AscendersBane","Thunderclap","Impervious+1","Cleave","Shockwave","Shockwave","Juggernaut","Headbutt"],"relics":["Burning Blood","Girya","Dodecahedron","Pear","The Courier"],"potions_floor_usage":[6,11],"damage_taken":[{"damage":6,"enemies":"Small Slimes","floor":1,"turns":6},{"damage":8,"enemies":"Jaw Worm","floor":4,"turns":4},{"damage":1,"enemies":"2 Louse","floor":5,"turns":3},{"damage":58,"enemies":"Lagavulin","floor":6,"turns":12},{"damage":9,"enemies":"2 Fungi Beasts","floor":8,"turns":2},{"damage":24,"enemies":"Gremlin Nob","floor":11,"turns":4},{"damage":0,"enemies":"Lots of Slimes","floor":14,"turns":1},{"damage":66,"enemies":"Hexaghost","floor":16,"turns":11}],"seed_played":"-354261833181572150","potions_obtained":[{"floor":5,"key":"Dexterity Potion"},{"floor":8,"key":"Poison Potion"},{"floor":11,"key":"Explosive Potion"}],"is_trial":false,"path_per_floor":["M","$","?","M","M","E","R","M","T","R","E","R","?","M","R"],"character_chosen":"IRONCLAD","items_purchased":[],"campfire_rested":2,"item_purchase_floors":[],"current_hp_per_floor":[72,72,77,75,80,28,28,25,35,63,45,45,26,32,60,0],"gold":159,"neow_bonus":"ONE_RARE_RELIC","is_prod":false,"is_daily":false,"chose_seed":false,"campfire_upgraded":0,"win_rate":0,"timestamp":1540357910,"path_taken":["M","$","?","M","M","E","R","M","T","R","E","R","?","?","R","BOSS"],"build_version":"2018-10-18","purchased_purges":1,"victory":false,"max_hp_per_floor":[80,80,85,85,85,85,85,85,95,95,95,95,95,95,95,95],"card_choices":[{"not_picked":["Metallicize","Anger"],"picked":"Thunderclap","floor":1},{"not_picked":["Wild Strike","Second Wind"],"picked":"Impervious","floor":4},{"not_picked":["True Grit","Perfected Strike"],"picked":"Cleave","floor":5},{"not_picked":["Combust","Body Slam"],"picked":"Shockwave","floor":6},{"not_picked":["Flex","True Grit"],"picked":"Shockwave","floor":8},{"not_picked":["Armaments","Perfected Strike"],"picked":"Juggernaut","floor":11},{"not_picked":["Twin Strike","Anger"],"picked":"Headbutt","floor":14}],"player_experience":406722,"relics_obtained":[{"floor":6,"key":"Dodecahedron"},{"floor":9,"key":"Pear"},{"floor":11,"key":"The Courier"}],"event_choices":[{"damage_healed":0,"gold_gain":0,"player_choice":"Donut","damage_taken":0,"max_hp_gain":5,"max_hp_loss":0,"event_name":"Big Fish","floor":3,"gold_loss":0},{"damage_healed":0,"gold_gain":0,"player_choice":"Entered Light","damage_taken":19,"max_hp_gain":0,"max_hp_loss":0,"event_name":"Shining Light","floor":13,"gold_loss":0,"cards_upgraded":["Defend_R","Impervious"]}],"is_beta":false,"boss_relics":[],"items_purged_floors":[2],"is_endless":false,"potions_floor_spawned":[5,8,11],"killed_by":"Hexaghost","ascension_level":12}