{"gold_per_floor":[113,113,133,144,163,191,209,179,179,22,22,40,40,69,69,164,164,182,193,193,193,211,211,237,254,254,279,34,59,76,76,76,172,172,184,202,214,214,228,254,254,254,254,254,279,43,56,82,82,82,82,82,46,78,78],"floor_reached":56,"playtime":7608,"items_purged":["Strike_R"],"score":1948,"play_id":"abe3b833-5c8a-478f-b9f3-30d80aa3da33","local_time":"20190113225507","is_ascension_mode":true,"campfire_choices":[{"data":"Corruption","floor":11,"key":"SMITH"},{"data":"Shockwave","floor":13,"key":"SMITH"},{"data":"True Grit","floor":15,"key":"SMITH"},{"data":"Immolate","floor":23,"key":"SMITH"},{"data":"1","floor":32,"key":"LIFT"},{"data":"Offering","floor":42,"key":"SMITH"},{"data":"2","floor":44,"key":"LIFT"},{"floor":49,"key":"RECALL"},{"data":"3","floor":52,"key":"LIFT"}],"neow_cost":"NONE","seed_source_timestamp":271516717929478,"circlet_count":0,"master_deck":["AscendersBane","Strike_R","Strike_R","Defend_R","Defend_R","Defend_R","Defend_R","Immolate+1","Seeing Red","Pummel","Flame Barrier","Flame Barrier","Headbutt","Corruption+1","Flash of Steel+1","Shockwave+1","Spot Weakness","True Grit+1","Exhume","Clothesline+1","Sentinel+1","Infernal Blade","Whirlwind+1","Seeing Red","Armaments","Offering+1","Flame Barrier+1","Feed+1","Fiend Fire+1","Impervious","Entrench","Sentinel+1"],"relics":["Burning Blood","Dead Branch","Molten Egg 2","Nunchaku","Sozu","Nilry\u0027s Codex","Dodecahedron","Girya","Bronze Scales","Bottled Flame","Kunai","Philosopher\u0027s Stone","Self Forming Clay","Sundial","Bottled Lightning","War Paint"],"potions_floor_usage":[6,55,55],"damage_taken":[{"damage":7,"enemies":"Jaw Worm","floor":1,"turns":3},{"damage":1,"enemies":"Cultist","floor":3,"turns":3},{"damage":0,"enemies":"Small Slimes","floor":4,"turns":2},{"damage":28,"enemies":"Exordium Thugs","floor":5,"turns":4},{"damage":6,"enemies":"Gremlin Nob","floor":6,"turns":3},{"damage":0,"enemies":"Large Slime","floor":7,"turns":3},{"damage":0,"enemies":"Looter","floor":8,"turns":4},{"damage":0,"enemies":"3 Louse","floor":12,"turns":2},{"damage":0,"enemies":"Lagavulin","floor":14,"turns":5},{"damage":1,"enemies":"Slime Boss","floor":16,"turns":6},{"damage":8,"enemies":"3 Byrds","floor":18,"turns":3},{"damage":5,"enemies":"Shell Parasite","floor":19,"turns":4},{"damage":0,"enemies":"Snake Plant","floor":22,"turns":2},{"damage":0,"enemies":"Book of Stabbing","floor":24,"turns":3},{"damage":16,"enemies":"Shelled Parasite and Fungi","floor":25,"turns":4},{"damage":12,"enemies":"Gremlin Leader","floor":27,"turns":5},{"damage":13,"enemies":"Book of Stabbing","floor":29,"turns":3},{"damage":9,"enemies":"Snecko","floor":30,"turns":3},{"damage":13,"enemies":"Champ","floor":33,"turns":3},{"damage":6,"enemies":"3 Darklings","floor":35,"turns":3},{"damage":6,"enemies":"Orb Walker","floor":36,"turns":2},{"damage":12,"enemies":"Sphere and 2 Shapes","floor":37,"turns":3},{"damage":21,"enemies":"Writhing Mass","floor":39,"turns":5},{"damage":15,"enemies":"Giant Head","floor":40,"turns":4},{"damage":6,"enemies":"Reptomancer","floor":45,"turns":4},{"damage":4,"enemies":"4 Shapes","floor":47,"turns":2},{"damage":3,"enemies":"Giant Head","floor":48,"turns":4},{"damage":14,"enemies":"Time Eater","floor":50,"turns":5},{"damage":57,"enemies":"Shield and Spear","floor":54,"turns":4},{"damage":40,"enemies":"The Heart","floor":55,"turns":4}],"seed_played":"1440028921258885545","potions_obtained":[{"floor":1,"key":"Energy Potion"},{"floor":7,"key":"BloodPotion"},{"floor":14,"key":"BloodPotion"}],"is_trial":false,"path_per_floor":["M","?","M","M","M","E","M","M","T","$","R","M","R","E","R","B",null,"M","M","?","?","M","R","E","M","T","E","$","E","M","$","R","B",null,"M","M","M","?","M","E","?","R","T","R","E","$","M","E","R","B",null,"R","$","E","B",null],"character_chosen":"IRONCLAD","items_purchased":["Flash of Steel+1","Shockwave","Bottled Flame","Impervious","Sentinel"],"campfire_rested":0,"item_purchase_floors":[10,10,28,46,53],"current_hp_per_floor":[71,76,80,80,58,58,64,70,70,70,70,76,76,80,80,80,80,78,79,63,63,69,69,75,65,65,59,59,52,49,49,49,42,71,71,71,65,65,50,41,41,41,41,41,45,45,55,58,58,50,82,82,82,31,15],"gold":78,"neow_bonus":"TRANSFORM_CARD","is_prod":false,"is_daily":false,"chose_seed":false,"campfire_upgraded":5,"win_rate":0,"timestamp":1547448907,"path_taken":["M","?","M","?","M","E","M","?","T","?","R","?","R","E","R","BOSS","M","M","?","?","M","R","E","?","T","E","?","E","M","$","R","BOSS","M","M","M","?","M","E","?","R","T","R","E","$","?","E","R","BOSS","R","$","E","BOSS"],"build_version":"2019-01-10","purchased_purges":1,"victory":true,"max_hp_per_floor":[80,80,80,80,80,80,80,80,80,80,80,80,80,80,80,80,80,80,80,80,80,80,80,80,80,80,80,80,80,80,80,80,80,80,80,80,80,80,80,80,80,80,80,80,84,84,92,92,92,92,92,92,92,92,92],"card_choices":[{"not_picked":["Blood for Blood","Sword Boomerang"],"picked":"Headbutt","floor":1},{"not_picked":["Twin Strike","Pommel Strike"],"picked":"Seeing Red","floor":3},{"not_picked":["Thunderclap","Armaments"],"picked":"Pummel","floor":4},{"not_picked":["Reckless Charge","Rage"],"picked":"Flame Barrier","floor":5},{"not_picked":["Body Slam","Iron Wave"],"picked":"Flame Barrier","floor":6},{"not_picked":["Pommel Strike","Perfected Strike"],"picked":"Headbutt","floor":7},{"not_picked":["Fiend Fire","Battle Trance"],"picked":"Corruption","floor":8},{"not_picked":["Heavy Blade+1","Twin Strike+1"],"picked":"Spot Weakness","floor":12},{"not_picked":["Infernal Blade","Perfected Strike+1"],"picked":"True Grit","floor":14},{"not_picked":["Double Tap","Barricade"],"picked":"Exhume","floor":16},{"not_picked":["Anger+1","Pommel Strike+1"],"picked":"Clothesline+1","floor":18},{"not_picked":["Clothesline+1","Havoc+1"],"picked":"Sentinel+1","floor":19},{"not_picked":["Cleave+1","Thunderclap+1"],"picked":"Whirlwind+1","floor":22},{"not_picked":["True Grit","Corruption"],"picked":"Seeing Red","floor":24},{"not_picked":["Shrug It Off","Juggernaut"],"picked":"Armaments","floor":25},{"not_picked":["Pommel Strike+1","Perfected Strike+1","Flex"],"picked":"SKIP","floor":27},{"not_picked":["Sword Boomerang+1","Evolve"],"picked":"Offering","floor":29},{"not_picked":["Cleave+1","Iron Wave+1"],"picked":"Flame Barrier","floor":30},{"not_picked":["Demon Form","Juggernaut"],"picked":"Feed+1","floor":33},{"not_picked":["Flex","Body Slam+1","Clash+1"],"picked":"SKIP","floor":35},{"not_picked":["Heavy Blade+1","Sword Boomerang+1","Body Slam+1"],"picked":"SKIP","floor":36},{"not_picked":["Sever Soul+1","Iron Wave+1","Pommel Strike+1"],"picked":"SKIP","floor":37},{"not_picked":["Rampage+1","Combust+1","Evolve"],"picked":"SKIP","floor":39},{"not_picked":["Thunderclap+1","Second Wind+1"],"picked":"Fiend Fire+1","floor":40},{"not_picked":["Rupture+1","Immolate+1","Metallicize"],"picked":"SKIP","floor":45},{"not_picked":["Heavy Blade+1","Clash+1","Blood for Blood+1"],"picked":"SKIP","floor":47},{"not_picked":["Cleave+1","Shockwave"],"picked":"Entrench","floor":48},{"not_picked":["Searing Blow+1","Headbutt+1","Infernal Blade"],"picked":"SKIP","floor":54}],"player_experience":298792,"relics_obtained":[{"floor":6,"key":"Dead Branch"},{"floor":9,"key":"Molten Egg 2"},{"floor":14,"key":"Nunchaku"},{"floor":20,"key":"Nilry\u0027s Codex"},{"floor":24,"key":"Dodecahedron"},{"floor":26,"key":"Girya"},{"floor":27,"key":"Bronze Scales"},{"floor":29,"key":"Kunai"},{"floor":40,"key":"Self Forming Clay"},{"floor":45,"key":"Sundial"},{"floor":48,"key":"Bottled Lightning"},{"floor":54,"key":"War Paint"}],"event_choices":[{"cards_removed":["Headbutt"],"damage_healed":5,"gold_gain":0,"player_choice":"Offered Common","damage_taken":0,"max_hp_gain":0,"max_hp_loss":0,"event_name":"Bonfire Elementals","floor":2,"gold_loss":0},{"cards_removed":["Headbutt"],"damage_healed":5,"gold_gain":0,"player_choice":"Offered Special","damage_taken":0,"max_hp_gain":0,"max_hp_loss":0,"event_name":"Bonfire Elementals","floor":2,"gold_loss":0},{"damage_healed":0,"gold_gain":0,"player_choice":"Obtained Book","damage_taken":16,"max_hp_gain":0,"max_hp_loss":0,"event_name":"Cursed Tome","floor":20,"gold_loss":0},{"damage_healed":0,"gold_gain":0,"cards_transformed":["Strike_R"],"player_choice":"Transformed","damage_taken":0,"max_hp_gain":0,"max_hp_loss":0,"event_name":"Transmorgrifier","floor":21,"gold_loss":0,"cards_obtained":["Infernal Blade"]},{"damage_healed":0,"gold_gain":0,"player_choice":"Ignored","damage_taken":0,"max_hp_gain":0,"max_hp_loss":0,"event_name":"Tomb of Lord Red Mask","floor":38,"gold_loss":0},{"cards_removed":["Bash"],"damage_healed":0,"gold_gain":0,"player_choice":"Removed Attack","damage_taken":0,"max_hp_gain":0,"max_hp_loss":0,"event_name":"Falling","floor":41,"gold_loss":0}],"is_beta":false,"boss_relics":[{"not_picked":["Empty Cage","Eternal Feather"],"picked":"Sozu"},{"not_picked":["Coffee Dripper","Runic Cube"],"picked":"Philosopher\u0027s Stone"}],"items_purged_floors":[46],"is_endless":false,"potions_floor_spawned":[1,7,14,22,24,33,36,39,48],"ascension_level":10}