{"gold_per_floor":[17,29,29,47,59,59,77,77,77,77,2,2,14,14,14,113,113,125,40,40,50,68,100,0,0],"floor_reached":25,"playtime":8942,"items_purged":["Strike_R","Strike_R"],"score":213,"play_id":"1b57b9b8-03ee-4c55-aa3a-3fcac86dfaa7","local_time":"20190130024353","is_ascension_mode":false,"campfire_choices":[{"data":"Armaments","floor":6.0,"key":"SMITH"},{"data":"Rampage","floor":8.0,"key":"SMITH"},{"data":"Blood for Blood","floor":10.0,"key":"SMITH"},{"data":"Anger","floor":12.0,"key":"SMITH"},{"data":"Battle Trance","floor":15.0,"key":"SMITH"}],"neow_cost":"NO_GOLD","seed_source_timestamp":0,"circlet_count":0,"master_deck":["Strike_R","Strike_R","Strike_R","Defend_R","Defend_R","Defend_R","Defend_R","Bash","Rampage+1","Armaments+1","Blood for Blood+1","Headbutt","Anger+1","Battle Trance+1","Reaper","Shrug It Off","Second Wind","Flame Barrier+1","Seeing Red+1"],"special_seed":0,"relics":["Black Blood","Pocketwatch","Boot","Oddly Smooth Stone","Bottled Flame"],"potions_floor_usage":[25,25,25],"damage_taken":[{"damage":1.0,"enemies":"Cultist","floor":1.0,"turns":3.0},{"damage":11.0,"enemies":"Jaw Worm","floor":2.0,"turns":2.0},{"damage":2.0,"enemies":"Small Slimes","floor":4.0,"turns":4.0},{"damage":2.0,"enemies":"Looter","floor":5.0,"turns":5.0},{"damage":3.0,"enemies":"Red Slaver","floor":7.0,"turns":4.0},{"damage":8.0,"enemies":"Lots of Slimes","floor":13.0,"turns":3.0},{"damage":30.0,"enemies":"Slime Boss","floor":16.0,"turns":7.0},{"damage":24.0,"enemies":"Shell Parasite","floor":18.0,"turns":4.0},{"damage":18,"enemies":"Spheric Guardian","floor":21,"turns":7},{"damage":24,"enemies":"Centurion and Healer","floor":22,"turns":8},{"damage":58,"enemies":"Slavers","floor":23,"turns":5},{"damage":18,"enemies":"Colosseum Slavers","floor":25,"turns":4},{"damage":34,"enemies":"Colosseum Nobs","floor":25,"turns":5}],"seed_played":"-6976620671907756649","potions_obtained":[{"floor":4.0,"key":"PowerPotion"},{"floor":13.0,"key":"LiquidBronze"},{"floor":16.0,"key":"AttackPotion"},{"floor":18.0,"key":"FearPotion"},{"floor":23,"key":"Dexterity Potion"}],"is_trial":false,"path_per_floor":["?","M","$","?","?","?"],"character_chosen":"IRONCLAD","items_purchased":[],"campfire_rested":0,"item_purchase_floors":[],"current_hp_per_floor":[80,75,80,80,80,80,80,80,80,80,80,80,78,78,78,54,80,66,66,66,58,54,21,21,0],"gold":0,"neow_bonus":"ONE_RARE_RELIC","is_prod":false,"is_daily":false,"chose_seed":false,"campfire_upgraded":5,"win_rate":0.0,"timestamp":1548812633,"path_taken":["M","M","?","?","M","R","M","R","T","R","$","R","M","?","R","BOSS","M","?","?","M","M","E","$","?"],"build_version":"2019-01-23","purchased_purges":2,"victory":false,"max_hp_per_floor":[80,80,80,80,80,80,80,80,80,80,80,80,80,80,80,80,80,80,80,80,80,80,80,80,80],"card_choices":[{"not_picked":["Pommel Strike","Sever Soul"],"picked":"Rampage","floor":1.0},{"not_picked":["Shrug It Off","Power Through"],"picked":"Armaments","floor":2.0},{"not_picked":["Armaments","Shrug It Off"],"picked":"Blood for Blood","floor":4.0},{"not_picked":["Entrench","Flex"],"picked":"Headbutt","floor":5.0},{"not_picked":["Flex","Battle Trance"],"picked":"Anger","floor":7.0},{"not_picked":["Body Slam","Pommel Strike"],"picked":"Battle Trance","floor":13.0},{"not_picked":["Berserk","Juggernaut"],"picked":"Reaper","floor":16.0},{"not_picked":["Pommel Strike","Sword Boomerang"],"picked":"Shrug It Off","floor":18.0},{"not_picked":["Whirlwind","Clothesline+1"],"picked":"Flame Barrier+1","floor":21},{"not_picked":["Whirlwind","Warcry"],"picked":"Seeing Red+1","floor":22},{"not_picked":["Shockwave","Searing Blow","Body Slam"],"picked":"SKIP","floor":23}],"player_experience":5603,"relics_obtained":[{"floor":9.0,"key":"Boot"},{"floor":23,"key":"Bottled Flame"}],"event_choices":[{"damage_healed":5.0,"max_hp_gain":0.0,"max_hp_loss":0.0,"gold_gain":0.0,"event_name":"Wheel of Change","player_choice":"Full Heal","floor":3.0,"gold_loss":0.0,"damage_taken":0.0},{"damage_healed":0.0,"max_hp_gain":0.0,"max_hp_loss":0.0,"gold_gain":0.0,"event_name":"Addict","player_choice":"Obtained Relic","floor":19.0,"gold_loss":85.0,"damage_taken":0.0,"relics_obtained":["Oddly Smooth Stone"]},{"damage_healed":0,"gold_gain":0,"player_choice":"Read","damage_taken":0,"max_hp_gain":0,"max_hp_loss":0,"event_name":"The Library","floor":20,"gold_loss":0,"cards_obtained":["Second Wind"]},{"damage_healed":0,"gold_gain":0,"player_choice":"Fight","damage_taken":0,"max_hp_gain":0,"max_hp_loss":0,"event_name":"Colosseum","floor":25,"gold_loss":0},{"damage_healed":0,"gold_gain":0,"player_choice":"Fought Nobs","damage_taken":0,"max_hp_gain":0,"max_hp_loss":0,"event_name":"Colosseum","floor":25,"gold_loss":0}],"is_beta":false,"boss_relics":[{"not_picked":["Orrery","Eternal Feather"],"picked":"Black Blood"}],"items_purged_floors":[11,24],"is_endless":false,"potions_floor_spawned":[4,13,16,18,23],"killed_by":"Colosseum Nobs","ascension_level":0}