{"gold_per_floor":[109,120,120,195,205,238,238,90,170,170,345,374,384,398,398,502,502,516,366,366,383,393,393,423,439,439,458,37,37],"floor_reached":29,"playtime":2834,"items_purged":["Strike_G","Doubt","Strike_G"],"score":306,"play_id":"918c5c1d-f10a-47d7-bd9d-8395da6bc9a7","local_time":"20190126204417","is_ascension_mode":true,"campfire_choices":[{"floor":7,"key":"REST"},{"floor":10,"key":"REST"},{"data":"Crippling Poison","floor":15,"key":"SMITH"},{"floor":23,"key":"REST"}],"neow_cost":"NONE","seed_source_timestamp":428505273789406,"circlet_count":0,"master_deck":["Defend_G","Defend_G","Defend_G","Defend_G","Defend_G","Strike_G","Strike_G","Survivor","Neutralize","Calculated Gamble","Crippling Poison+1","Underhanded Strike","Choke","Predator","PiercingWail","Acrobatics","Flying Knee","Phantasmal Killer","Dagger Throw","Deadly Poison","Phantasmal Killer","Skewer+1","Crippling Poison+1","Predator+1","Corpse Explosion","Riddle With Holes","Catalyst","Leg Sweep"],"relics":["Snecko Eye","Mummified Hand","Question Card","Darkstone Periapt","FossilizedHelix","Sozu","Oddly Smooth Stone","Sundial","Snake Skull"],"potions_floor_usage":[6,16,16,24],"damage_taken":[{"damage":9,"enemies":"Cultist","floor":1,"turns":6},{"damage":3,"enemies":"Jaw Worm","floor":2,"turns":5},{"damage":0,"enemies":"Small Slimes","floor":5,"turns":3},{"damage":28,"enemies":"Lagavulin","floor":6,"turns":9},{"damage":12,"enemies":"Gremlin Nob","floor":12,"turns":3},{"damage":0,"enemies":"Exordium Wildlife","floor":13,"turns":4},{"damage":0,"enemies":"Lots of Slimes","floor":14,"turns":3},{"damage":53,"enemies":"The Guardian","floor":16,"turns":15},{"damage":45,"enemies":"Shell Parasite","floor":18,"turns":8},{"damage":11,"enemies":"2 Thieves","floor":21,"turns":2},{"damage":6,"enemies":"Chosen and Byrds","floor":22,"turns":3},{"damage":25,"enemies":"Book of Stabbing","floor":24,"turns":5},{"damage":9,"enemies":"Centurion and Healer","floor":25,"turns":4},{"damage":0,"enemies":"Snecko","floor":27,"turns":3},{"damage":8,"enemies":"Snake Plant","floor":29,"turns":1}],"seed_played":"-5467982414759192006","potions_obtained":[{"floor":1,"key":"Explosive Potion"},{"floor":12,"key":"FearPotion"},{"floor":13,"key":"Dexterity Potion"},{"floor":16,"key":"Weak Potion"}],"is_trial":false,"path_per_floor":["M","M","T","?","M","E","R","$","T","R","?","E","M","M","R","B",null,"M","$","?","M","M","R","E","M","T","M","$","M"],"character_chosen":"THE_SILENT","items_purchased":["Predator","Deadly Poison","Snake Skull","Catalyst","Leg Sweep"],"campfire_rested":3,"item_purchase_floors":[8,19,28,28,28],"current_hp_per_floor":[61,58,58,47,47,19,40,40,40,61,67,55,55,55,55,2,76,31,31,31,20,14,36,11,2,2,2,2,0],"gold":37,"neow_bonus":"BOSS_RELIC","is_prod":false,"is_daily":false,"chose_seed":false,"campfire_upgraded":1,"win_rate":0,"timestamp":1548564257,"path_taken":["M","M","?","?","M","E","R","$","T","R","?","E","M","M","R","BOSS","M","$","?","M","M","R","E","?","T","M","$","M"],"build_version":"2019-01-23","purchased_purges":3,"victory":false,"max_hp_per_floor":[70,70,70,70,70,70,70,70,70,70,76,76,76,76,76,76,76,76,76,76,76,76,76,76,76,76,76,76,76],"card_choices":[{"not_picked":["All Out Attack","Deadly Poison"],"picked":"Calculated Gamble","floor":1},{"not_picked":["Sucker Punch","Well Laid Plans"],"picked":"Crippling Poison","floor":2},{"not_picked":["Blur","Infinite Blades"],"picked":"Underhanded Strike","floor":5},{"not_picked":["Quick Slash","Deflect"],"picked":"Choke","floor":6},{"not_picked":["Doppelganger","Finisher","Cloak And Dagger"],"picked":"PiercingWail","floor":12},{"not_picked":["Outmaneuver","Underhanded Strike","Slice"],"picked":"Acrobatics","floor":13},{"not_picked":["Deadly Poison","Setup","Slice"],"picked":"Flying Knee","floor":14},{"not_picked":["Die Die Die","Burst","Grand Finale"],"picked":"Phantasmal Killer","floor":16},{"not_picked":["Outmaneuver","Finisher","Underhanded Strike"],"picked":"Dagger Throw","floor":18},{"not_picked":["Bane","Underhanded Strike","Choke"],"picked":"Skewer+1","floor":21},{"not_picked":["Eviscerate","Deadly Poison","Escape Plan"],"picked":"Crippling Poison+1","floor":22},{"not_picked":["Dagger Spray","Deflect+1","Crippling Poison"],"picked":"Predator+1","floor":24},{"not_picked":["Reflex","Quick Slash","All Out Attack"],"picked":"Corpse Explosion","floor":25},{"not_picked":["Prepared","Cloak And Dagger","Tactician+1"],"picked":"Riddle With Holes","floor":27}],"player_experience":321664,"relics_obtained":[{"floor":3,"key":"Mummified Hand"},{"floor":6,"key":"Question Card"},{"floor":9,"key":"Darkstone Periapt"},{"floor":12,"key":"FossilizedHelix"},{"floor":24,"key":"Oddly Smooth Stone"},{"floor":26,"key":"Sundial"}],"event_choices":[{"damage_healed":0,"gold_gain":75,"player_choice":"Gather Gold","damage_taken":11,"max_hp_gain":0,"max_hp_loss":0,"event_name":"World of Goop","floor":4,"gold_loss":0},{"damage_healed":0,"gold_gain":175,"player_choice":"AGREE","damage_taken":0,"max_hp_gain":0,"max_hp_loss":0,"event_name":"Liars Game","floor":11,"gold_loss":0,"cards_obtained":["Doubt"]},{"damage_healed":0,"gold_gain":0,"cards_transformed":["Strike_G"],"player_choice":"Transformed","damage_taken":0,"max_hp_gain":0,"max_hp_loss":0,"event_name":"Transmorgrifier","floor":20,"gold_loss":0,"cards_obtained":["Phantasmal Killer"]}],"is_beta":false,"boss_relics":[{"not_picked":["Fusion Hammer","Orrery"],"picked":"Sozu"}],"items_purged_floors":[8,19,28],"is_endless":false,"potions_floor_spawned":[1,12,13,16,22,24,25],"killed_by":"Snake Plant","ascension_level":4}