{"gold_per_floor":[118,128,303,318,333,333,348,423,423,440,440,27,58,71,71,166,166,184,283,108,23,35,35,45,45,72,72],"floor_reached":27,"playtime":2818,"items_purged":["Doubt","Regret"],"score":226,"play_id":"128e4358-fcd4-433c-bfd0-2021b2a8e5d5","local_time":"20180819145634","is_ascension_mode":true,"campfire_choices":[{"data":"Genetic Algorithm","floor":6,"key":"SMITH"},{"data":"Dualcast","floor":11,"key":"SMITH"},{"floor":15,"key":"REST"},{"data":"Defragment","floor":23,"key":"SMITH"},{"floor":25,"key":"REST"}],"neow_cost":"NONE","seed_source_timestamp":1177381914329344,"circlet_count":0,"master_deck":["Strike_B","Strike_B","Strike_B","Strike_B","Defend_B","Defend_B","Defend_B","Defend_B","Zap","Dualcast+1","Tempest","Genetic Algorithm+1","Skim","Tempest","Redo","Cold Snap","Consume","Leap","Machine Learning","Injury","Decay","Capacitor+1","Defragment+1","Cold Snap"],"relics":["Nuclear Battery","Singing Bowl","Question Card","Ancient Tea Set","Calling Bell","Vajra","Dodecahedron","Bird Faced Urn","Du-Vu Doll","Boot"],"potions_floor_usage":[5,10,22,27,27],"damage_taken":[{"damage":0,"enemies":"Cultist","floor":1,"turns":4},{"damage":0,"enemies":"Small Slimes","floor":2,"turns":3},{"damage":2,"enemies":"2 Louse","floor":4,"turns":2},{"damage":1,"enemies":"Large Slime","floor":5,"turns":5},{"damage":4,"enemies":"3 Louse","floor":7,"turns":3},{"damage":0,"enemies":"Exordium Wildlife","floor":10,"turns":1},{"damage":18,"enemies":"Gremlin Nob","floor":13,"turns":3},{"damage":10,"enemies":"Large Slime","floor":14,"turns":3},{"damage":33,"enemies":"The Guardian","floor":16,"turns":11},{"damage":27,"enemies":"Spheric Guardian","floor":18,"turns":4},{"damage":7,"enemies":"3 Byrds","floor":22,"turns":6},{"damage":27,"enemies":"Centurion and Healer","floor":24,"turns":9},{"damage":82,"enemies":"Gremlin Leader","floor":27,"turns":7}],"seed_played":"1375436746093154129","potions_obtained":[{"floor":4,"key":"Ancient Potion"},{"floor":5,"key":"Fruit Juice"},{"floor":7,"key":"Poison Potion"},{"floor":14,"key":"SpeedPotion"},{"floor":16,"key":"Regen Potion"},{"floor":18,"key":"Fire Potion"}],"is_trial":false,"path_per_floor":["M","M","?","M","M","R","M","?","T","M","R","$","E","M","R","B",null,"M","?","$","?","M","R","M","R","T"],"character_chosen":"DEFECT","items_purchased":["Question Card","Consume","Defragment"],"campfire_rested":2,"item_purchase_floors":[12,12,20],"current_hp_per_floor":[75,75,75,73,77,77,73,62,62,62,62,62,46,36,60,27,82,57,57,57,57,56,56,37,62,62,0],"gold":72,"neow_bonus":"BOSS_RELIC","is_prod":false,"is_daily":false,"chose_seed":false,"campfire_upgraded":3,"win_rate":0,"timestamp":1534708594,"path_taken":["M","?","?","M","M","R","M","?","T","M","R","$","E","M","R","BOSS","M","?","$","?","M","R","M","R","T","E"],"build_version":"2018-08-16","purchased_purges":2,"victory":false,"max_hp_per_floor":[75,75,75,75,80,80,80,80,80,80,80,80,82,82,82,82,82,82,82,82,82,82,82,84,84,84,84],"card_choices":[{"not_picked":["Hologram","Barrage"],"picked":"Tempest","floor":1},{"not_picked":["Hologram","Barrage"],"picked":"Genetic Algorithm","floor":2},{"not_picked":["Beam Cell","Steam Power"],"picked":"Skim","floor":4},{"not_picked":["Reprogram","Conserve Battery"],"picked":"Tempest","floor":5},{"not_picked":["Turbo","FTL"],"picked":"Redo","floor":7},{"not_picked":["Core Surge","Stack"],"picked":"Cold Snap","floor":10},{"not_picked":["Heatsinks","Stack","Self Repair","Sweeping Beam"],"picked":"Singing Bowl","floor":13},{"not_picked":["Tempest","Hologram","Rebound"],"picked":"Leap","floor":14},{"not_picked":["Reboot","Echo Form","All For One"],"picked":"Machine Learning","floor":16},{"not_picked":["Gash+1","FTL","All For One"],"picked":"Capacitor+1","floor":18},{"not_picked":["Turbo","Leap","Barrage"],"picked":"Cold Snap","floor":22},{"not_picked":["Streamline","Sweeping Beam","Compile Driver","Steam"],"picked":"Singing Bowl","floor":24}],"player_experience":138531,"relics_obtained":[{"floor":9,"key":"Singing Bowl"},{"floor":13,"key":"Ancient Tea Set"},{"floor":17,"key":"Vajra"},{"floor":17,"key":"Dodecahedron"},{"floor":17,"key":"Bird Faced Urn"},{"floor":26,"key":"Boot"}],"event_choices":[{"event_name":"Liars Game","player_choice":"agreed","floor":3,"damage_taken":0},{"event_name":"World of Goop","player_choice":"Gather Gold","floor":8,"damage_taken":0},{"event_name":"Nest","player_choice":"Stole From Cult","floor":19,"damage_taken":0},{"event_name":"Addict","player_choice":"Obtained Relic","floor":21,"damage_taken":0}],"is_beta":false,"boss_relics":[{"not_picked":["Eternal Feather","Coffee Dripper"],"picked":"Calling Bell"}],"items_purged_floors":[12,20],"is_endless":false,"potions_floor_spawned":[4,5,7,14,16,18],"killed_by":"Gremlin Leader","ascension_level":1}