{"gold_per_floor":[115,10,10,28,28,56,56,84,84,104,114,145,145,157,157,231,231,231,13,13,13,13,13,13,13,13,13,13,13,13,13,13,13,13,13,13,13,13,13,13,13,13,13,13,13,13,13,13,13,13,13,13,13,13,13],"floor_reached":55,"playtime":3254,"items_purged":[],"score":1508,"play_id":"aeaa51df-b002-4b55-9318-e0fe53c6f61d","local_time":"20190128161437","is_ascension_mode":true,"campfire_choices":[{"data":"Blade Dance","floor":7,"key":"SMITH"},{"floor":13,"key":"REST"},{"data":"Cloak And Dagger","floor":15,"key":"SMITH"},{"data":"After Image","floor":23,"key":"SMITH"},{"data":"Finisher","floor":25,"key":"SMITH"},{"floor":29,"key":"REST"},{"floor":32,"key":"REST"},{"data":"Terror","floor":40,"key":"SMITH"},{"floor":42,"key":"REST"},{"floor":49,"key":"RECALL"},{"floor":52,"key":"REST"}],"neow_cost":"NONE","seed_source_timestamp":511532863841210,"circlet_count":0,"master_deck":["AscendersBane","Defend_G","Defend_G","Defend_G","Defend_G","Defend_G","Strike_G","Strike_G","Strike_G","Strike_G","Survivor","Neutralize","Infinite Blades","Cloak And Dagger","Finisher+1","Predator","Blade Dance+1","Die Die Die","Quick Slash","Deflect","Calculated Gamble","Cloak And Dagger+1","After Image+1","Caltrops","Footwork","Blade Dance","Cloak And Dagger+1","Backstab","Accuracy+1","Terror+1","Night Terror","Blade Dance","Secret Technique","Enlightenment","PiercingWail","Accuracy+1"],"relics":["Ring of the Snake","NeowsBlessing","GremlinMask","Bottled Lightning","Pen Nib","Shuriken","Tingsha","Ectoplasm","Frozen Egg 2","Bronze Scales","Bag of Preparation","Ancient Tea Set","Runic Pyramid","Omamori","Art of War","Kunai","Centennial Puzzle"],"potions_floor_usage":[8,16,24,27,33,45,50],"damage_taken":[{"damage":0,"enemies":"Jaw Worm","floor":1,"turns":1},{"damage":0,"enemies":"Cultist","floor":4,"turns":1},{"damage":0,"enemies":"Gremlin Nob","floor":6,"turns":1},{"damage":16,"enemies":"Lagavulin","floor":8,"turns":6},{"damage":0,"enemies":"2 Louse","floor":10,"turns":2},{"damage":9,"enemies":"Red Slaver","floor":11,"turns":3},{"damage":10,"enemies":"3 Sentries","floor":12,"turns":5},{"damage":9,"enemies":"Exordium Thugs","floor":14,"turns":3},{"damage":0,"enemies":"Slime Boss","floor":16,"turns":5},{"damage":0,"enemies":"Spheric Guardian","floor":18,"turns":3},{"damage":3,"enemies":"Shell Parasite","floor":22,"turns":6},{"damage":7,"enemies":"Book of Stabbing","floor":24,"turns":5},{"damage":25,"enemies":"Gremlin Leader","floor":27,"turns":5},{"damage":7,"enemies":"Book of Stabbing","floor":31,"turns":4},{"damage":15,"enemies":"Automaton","floor":33,"turns":6},{"damage":0,"enemies":"Orb Walker","floor":35,"turns":3},{"damage":0,"enemies":"3 Shapes","floor":36,"turns":6},{"damage":0,"enemies":"Sphere and 2 Shapes","floor":38,"turns":3},{"damage":8,"enemies":"Transient","floor":39,"turns":5},{"damage":21,"enemies":"Reptomancer","floor":41,"turns":6},{"damage":0,"enemies":"Spire Growth","floor":44,"turns":3},{"damage":15,"enemies":"Giant Head","floor":45,"turns":6},{"damage":56,"enemies":"Time Eater","floor":50,"turns":8},{"damage":59,"enemies":"Shield and Spear","floor":54,"turns":6},{"damage":20,"enemies":"The Heart","floor":55,"turns":2}],"seed_played":"8855734864627202818","potions_obtained":[{"floor":1,"key":"Strength Potion"},{"floor":4,"key":"Explosive Potion"},{"floor":11,"key":"Fire Potion"},{"floor":22,"key":"EssenceOfSteel"},{"floor":31,"key":"EssenceOfSteel"},{"floor":33,"key":"Weak Potion"},{"floor":38,"key":"EssenceOfSteel"}],"is_trial":false,"path_per_floor":["M","$","?","M","?","E","R","E","T","M","M","E","R","M","R","B",null,"M","$","?","$","M","R","E","R","T","E","?","R","$","E","R","B",null,"M","M","?","M","M","R","E","R","T","M","E","T","?","$","R","B",null,"R","$","E","B"],"character_chosen":"THE_SILENT","items_purchased":["Cloak And Dagger","Finisher","Footwork","Blade Dance","GhostInAJar"],"campfire_rested":5,"item_purchase_floors":[2,2,19,19,19],"current_hp_per_floor":[59,59,59,59,59,59,59,43,43,43,34,24,43,34,34,34,58,58,58,58,58,55,55,48,48,48,23,23,42,42,35,54,39,59,59,59,49,49,41,41,20,39,39,39,24,24,66,66,66,10,52,66,66,7,0],"gold":13,"neow_bonus":"THREE_ENEMY_KILL","is_prod":false,"is_daily":false,"chose_seed":false,"campfire_upgraded":5,"win_rate":0,"timestamp":1548713677,"path_taken":["M","$","?","?","?","E","R","E","T","M","M","E","R","M","R","BOSS","M","$","?","?","M","R","E","R","T","E","?","R","?","E","R","BOSS","M","M","?","M","M","R","E","R","T","M","E","?","?","$","R","BOSS","R","$","E","BOSS"],"build_version":"2019-01-23","purchased_purges":0,"victory":false,"max_hp_per_floor":[66,66,66,66,66,66,66,66,66,66,66,66,66,66,66,66,66,66,66,66,66,66,66,66,66,66,66,66,66,66,66,66,66,66,66,66,66,66,66,66,66,66,66,66,66,66,66,66,66,66,66,66,66,66,66],"card_choices":[{"not_picked":["Concentrate","Deflect"],"picked":"Infinite Blades","floor":1},{"not_picked":["Deflect","Predator","Dodge and Roll"],"picked":"SKIP","floor":4},{"not_picked":["Deflect","Dodge and Roll"],"picked":"Predator","floor":4},{"not_picked":["Deflect","Tactician"],"picked":"Blade Dance","floor":6},{"not_picked":["Poisoned Stab","Dagger Spray"],"picked":"Die Die Die","floor":8},{"not_picked":["Prepared","Skewer"],"picked":"Quick Slash","floor":10},{"not_picked":["Outmaneuver","Prepared"],"picked":"Deflect","floor":11},{"not_picked":["Acrobatics","Dodge and Roll"],"picked":"Calculated Gamble","floor":12},{"not_picked":["Concentrate","Distraction"],"picked":"Cloak And Dagger","floor":14},{"not_picked":["Bullet Time","Venomology"],"picked":"After Image","floor":16},{"not_picked":["Bane","Outmaneuver"],"picked":"Caltrops","floor":18},{"not_picked":["Blade Dance","Predator"],"picked":"Cloak And Dagger+1","floor":22},{"not_picked":["Deadly Poison","Finisher"],"picked":"Backstab","floor":24},{"not_picked":["Heel Hook","Endless Agony"],"picked":"Accuracy+1","floor":27},{"not_picked":["Bane","Blade Dance+1"],"picked":"Terror","floor":31},{"not_picked":["Die Die Die","Bullet Time"],"picked":"Night Terror","floor":33},{"not_picked":["Well Laid Plans+1","Riddle With Holes","Quick Slash+1"],"picked":"SKIP","floor":35},{"not_picked":["Deadly Poison","Deflect"],"picked":"Blade Dance","floor":36},{"not_picked":["Blind","Trip"],"picked":"Secret Technique","floor":37},{"not_picked":["Magnetism+1","Discovery"],"picked":"Enlightenment","floor":37},{"not_picked":["Dagger Spray","Cloak And Dagger","Underhanded Strike+1"],"picked":"SKIP","floor":38},{"not_picked":["Tactician","Well Laid Plans+1","Masterful Stab"],"picked":"SKIP","floor":39},{"not_picked":["Quick Slash","Endless Agony"],"picked":"PiercingWail","floor":41},{"not_picked":["Crippling Poison+1","Slice"],"picked":"Accuracy+1","floor":44},{"not_picked":["Sucker Punch","Deadly Poison","Acrobatics"],"picked":"SKIP","floor":45},{"not_picked":["Crippling Poison","Skewer","Escape Plan"],"picked":"SKIP","floor":54}],"player_experience":602509,"relics_obtained":[{"floor":6,"key":"Bottled Lightning"},{"floor":8,"key":"Pen Nib"},{"floor":9,"key":"Shuriken"},{"floor":12,"key":"Tingsha"},{"floor":24,"key":"Frozen Egg 2"},{"floor":26,"key":"Bronze Scales"},{"floor":27,"key":"Bag of Preparation"},{"floor":31,"key":"Ancient Tea Set"},{"floor":41,"key":"Omamori"},{"floor":45,"key":"Art of War"},{"floor":46,"key":"Kunai"},{"floor":54,"key":"Centennial Puzzle"}],"event_choices":[{"cards_removed":["Strike_G"],"damage_healed":0,"gold_gain":0,"player_choice":"Purged","damage_taken":0,"max_hp_gain":0,"max_hp_loss":0,"event_name":"Purifier","floor":3,"gold_loss":0},{"damage_healed":0,"gold_gain":0,"player_choice":"Trade","damage_taken":0,"relics_obtained":["GremlinMask"],"max_hp_gain":0,"max_hp_loss":0,"event_name":"FaceTrader","floor":5,"gold_loss":0},{"damage_healed":0,"gold_gain":0,"player_choice":"Ignored","damage_taken":0,"max_hp_gain":0,"max_hp_loss":0,"event_name":"Beggar","floor":20,"gold_loss":0},{"damage_healed":0,"gold_gain":0,"player_choice":"Ignored","damage_taken":0,"max_hp_gain":0,"max_hp_loss":0,"event_name":"Ghosts","floor":28,"gold_loss":0},{"damage_healed":0,"gold_gain":0,"player_choice":"Memory 3","damage_taken":10,"max_hp_gain":0,"max_hp_loss":0,"event_name":"SensoryStone","floor":37,"gold_loss":0},{"damage_healed":42,"gold_gain":0,"player_choice":"Heal","damage_taken":0,"max_hp_gain":0,"max_hp_loss":0,"event_name":"MindBloom","floor":47,"gold_loss":0,"cards_obtained":["Doubt"]}],"is_beta":false,"boss_relics":[{"not_picked":["Fusion Hammer","Velvet Choker"],"picked":"Ectoplasm"},{"not_picked":["Coffee Dripper","Astrolabe"],"picked":"Runic Pyramid"}],"items_purged_floors":[],"is_endless":false,"potions_floor_spawned":[1,4,11,14,22,31,33,38,39],"killed_by":"The Heart","ascension_level":16}