{"gold_per_floor":[119,119,119,137,10,42,59,59,59,92,92,15,15,26,26,122,122,139],"floor_reached":18,"playtime":664,"items_purged":[],"score":224,"play_id":"a036a471-0fc4-43e8-a70a-210b5465528a","local_time":"20190204164213","is_ascension_mode":true,"campfire_choices":[{"data":"Streamline","floor":8.0,"key":"SMITH"},{"data":"Streamline","floor":11.0,"key":"SMITH"},{"floor":15,"key":"REST"}],"neow_cost":"NONE","seed_source_timestamp":357850444314620,"circlet_count":0,"master_deck":["Strike_B","Strike_B","Strike_B","Strike_B","Defend_B","Defend_B","Defend_B","Defend_B","Zap","Dualcast","Streamline+1","Streamline+1","Turbo","Reprogram","Streamline+1","Glacier","Rebound","Rebound","Glacier","Echo Form","Seek"],"special_seed":0,"relics":["Cracked Core","NeowsBlessing","Ice Cream","Calipers","FossilizedHelix","Nuclear Battery"],"potions_floor_usage":[16,16],"damage_taken":[{"damage":0.0,"enemies":"2 Louse","floor":1.0,"turns":1.0},{"damage":0.0,"enemies":"Cultist","floor":4.0,"turns":1.0},{"damage":0.0,"enemies":"Gremlin Nob","floor":6.0,"turns":1.0},{"damage":0.0,"enemies":"Jaw Worm","floor":7.0,"turns":2.0},{"damage":21.0,"enemies":"3 Sentries","floor":10.0,"turns":7.0},{"damage":19,"enemies":"Exordium Thugs","floor":14,"turns":5},{"damage":12,"enemies":"Hexaghost","floor":16,"turns":8},{"damage":14,"enemies":"3 Byrds","floor":18,"turns":5}],"seed_played":"7140039790765112560","potions_obtained":[{"floor":3.0,"key":"Swift Potion"},{"floor":3.0,"key":"Weak Potion"},{"floor":3.0,"key":"LiquidBronze"},{"floor":16,"key":"Block Potion"},{"floor":18,"key":"Weak Potion"}],"is_trial":false,"path_per_floor":["?","$","M","?","M"],"character_chosen":"DEFECT","items_purchased":["Turbo","Reprogram","Streamline","Glacier"],"campfire_rested":1,"item_purchase_floors":[5,5,5,12],"current_hp_per_floor":[75,75,75,75,75,75,75,75,75,54,54,54,54,35,57,45,75,61],"gold":139,"neow_bonus":"THREE_ENEMY_KILL","is_prod":false,"is_daily":false,"chose_seed":false,"campfire_upgraded":2,"win_rate":0,"timestamp":1549294933,"path_taken":["M","$","?","M","?","E","?","R","T","E","R","$","?","?","R","BOSS","M"],"build_version":"2019-01-23","purchased_purges":0,"victory":false,"max_hp_per_floor":[75,75,75,75,75,75,75,75,75,75,75,75,75,75,75,75,75,75],"card_choices":[{"not_picked":["Go for the Eyes","Glacier"],"picked":"Streamline","floor":1.0},{"not_picked":["Blizzard","Ball Lightning"],"picked":"Streamline","floor":4.0},{"not_picked":["Chaos","Static Discharge"],"picked":"Glacier","floor":6.0},{"not_picked":["Stack","Streamline"],"picked":"Rebound","floor":7.0},{"not_picked":["Scrape","Go for the Eyes"],"picked":"Rebound","floor":10.0},{"not_picked":["Steam","Stack"],"picked":"Echo Form","floor":14},{"not_picked":["Reboot","Echo Form"],"picked":"Seek","floor":16}],"player_experience":198570,"relics_obtained":[{"floor":6.0,"key":"Ice Cream"},{"floor":9.0,"key":"Calipers"},{"floor":10.0,"key":"FossilizedHelix"}],"event_choices":[{"damage_healed":0.0,"max_hp_gain":0.0,"max_hp_loss":0.0,"gold_gain":0.0,"event_name":"Lab","player_choice":"Got Potions","floor":3.0,"gold_loss":0.0,"damage_taken":0.0},{"damage_healed":0.0,"max_hp_gain":0.0,"max_hp_loss":0.0,"gold_gain":0.0,"event_name":"Upgrade Shrine","player_choice":"Upgraded","floor":13.0,"gold_loss":0.0,"damage_taken":0.0,"cards_upgraded":["Streamline"]}],"is_beta":false,"boss_relics":[{"not_picked":["Eternal Feather","Snecko Eye"],"picked":"Nuclear Battery"}],"items_purged_floors":[],"is_endless":false,"potions_floor_spawned":[4,7,14,16,18],"killed_by":"3 Byrds","ascension_level":3}