{"gold_per_floor":[110,122,122,140,140,170,170,203,203,221,221,256,256,20,20,115,115,127,127,127,140,140,140],"floor_reached":23,"playtime":1342,"items_purged":[],"score":331,"play_id":"c75e7b85-bca6-4a4c-8258-50ebcd8dc83a","local_time":"20190115222725","is_ascension_mode":true,"campfire_choices":[{"floor":7,"key":"REST"},{"floor":11,"key":"REST"},{"data":"Cloak And Dagger","floor":15,"key":"SMITH"}],"neow_cost":"TEN_PERCENT_HP_LOSS","seed_source_timestamp":1227477605019590,"circlet_count":0,"master_deck":["AscendersBane","Defend_G","Defend_G","Defend_G","Defend_G","Defend_G","Strike_G","Strike_G","Strike_G","Strike_G","Strike_G","Survivor","Neutralize","Dagger Throw","Leg Sweep+1","Flying Knee","Blade Dance","Slice","Acrobatics","Flying Knee","Cloak And Dagger+1","Accuracy","Die Die Die","PiercingWail+1","Crippling Poison","Terror","RitualDagger"],"relics":["Ring of the Serpent","StoneCalendar","Vajra","Turnip","Blue Candle","Nunchaku","Mercury Hourglass","Blood Vial"],"potions_floor_usage":[6,8,12,23],"damage_taken":[{"damage":10,"enemies":"Cultist","floor":1,"turns":6},{"damage":7,"enemies":"Small Slimes","floor":2,"turns":4},{"damage":0,"enemies":"2 Louse","floor":4,"turns":5},{"damage":22,"enemies":"3 Sentries","floor":6,"turns":7},{"damage":13,"enemies":"Gremlin Nob","floor":8,"turns":5},{"damage":4,"enemies":"2 Fungi Beasts","floor":10,"turns":3},{"damage":15,"enemies":"3 Sentries","floor":12,"turns":3},{"damage":13,"enemies":"The Guardian","floor":16,"turns":10},{"damage":4,"enemies":"Chosen","floor":18,"turns":3},{"damage":10,"enemies":"Shell Parasite","floor":21,"turns":6},{"damage":33,"enemies":"Book of Stabbing","floor":23,"turns":6}],"seed_played":"-4875096857368562280","potions_obtained":[{"floor":2,"key":"SpeedPotion"},{"floor":6,"key":"EssenceOfSteel"},{"floor":8,"key":"SkillPotion"},{"floor":16,"key":"Swift Potion"}],"is_trial":false,"path_per_floor":["M","M","?","M","?","E","R","E","T","M","R","E","?","$","R","B",null,"M","?","?","M","?","E"],"character_chosen":"THE_SILENT","items_purchased":["Cloak And Dagger","Accuracy","Blood Vial"],"campfire_rested":2,"item_purchase_floors":[14,14,14],"current_hp_per_floor":[53,46,46,46,46,24,42,29,29,25,43,28,28,28,28,17,52,50,50,50,42,36,5],"gold":140,"neow_bonus":"ONE_RARE_RELIC","is_prod":false,"is_daily":false,"chose_seed":false,"campfire_upgraded":1,"win_rate":0,"timestamp":1547612845,"path_taken":["M","M","?","M","?","E","R","E","T","M","R","E","?","$","R","BOSS","M","?","?","M","?","E"],"build_version":"2019-01-10","purchased_purges":0,"victory":false,"max_hp_per_floor":[63,63,63,63,63,63,63,63,63,63,63,63,63,63,63,63,63,63,63,63,63,63,63],"card_choices":[{"not_picked":["Backflip","PiercingWail"],"picked":"Dagger Throw","floor":1},{"not_picked":["Concentrate","Dagger Spray"],"picked":"Leg Sweep","floor":2},{"not_picked":["Underhanded Strike","Masterful Stab"],"picked":"Flying Knee","floor":4},{"not_picked":["Finisher","Choke"],"picked":"Blade Dance","floor":6},{"not_picked":["Eviscerate","Bane"],"picked":"Slice","floor":8},{"not_picked":["Concentrate","Bane"],"picked":"Acrobatics","floor":10},{"not_picked":["Flechettes","Acrobatics"],"picked":"Flying Knee","floor":12},{"not_picked":["Grand Finale","Unload"],"picked":"Die Die Die","floor":16},{"not_picked":["Poisoned Stab","Finisher"],"picked":"PiercingWail+1","floor":18},{"not_picked":["All Out Attack","Eviscerate"],"picked":"Terror","floor":21}],"player_experience":477034,"relics_obtained":[{"floor":6,"key":"Vajra"},{"floor":8,"key":"Turnip"},{"floor":9,"key":"Blue Candle"},{"floor":12,"key":"Nunchaku"}],"event_choices":[{"damage_healed":0,"gold_gain":0,"player_choice":"Grow","damage_taken":0,"max_hp_gain":0,"max_hp_loss":0,"event_name":"Living Wall","floor":3,"gold_loss":0,"cards_upgraded":["Leg Sweep"]},{"damage_healed":0,"gold_gain":0,"player_choice":"Ignored","damage_taken":0,"max_hp_gain":0,"max_hp_loss":0,"event_name":"Liars Game","floor":5,"gold_loss":0},{"damage_healed":0,"gold_gain":0,"player_choice":"Searched \u00272\u0027 times","damage_taken":0,"relics_obtained":["Mercury Hourglass"],"max_hp_gain":0,"max_hp_loss":0,"event_name":"Dead Adventurer","floor":13,"gold_loss":0},{"damage_healed":0,"gold_gain":0,"player_choice":"Ignored","damage_taken":0,"max_hp_gain":0,"max_hp_loss":0,"event_name":"Ghosts","floor":19,"gold_loss":0},{"damage_healed":0,"gold_gain":0,"player_choice":"Read","damage_taken":0,"max_hp_gain":0,"max_hp_loss":0,"event_name":"The Library","floor":20,"gold_loss":0,"cards_obtained":["Crippling Poison"]},{"damage_healed":0,"gold_gain":0,"player_choice":"Joined the Cult","damage_taken":6,"max_hp_gain":0,"max_hp_loss":0,"event_name":"Nest","floor":22,"gold_loss":0,"cards_obtained":["RitualDagger"]}],"is_beta":false,"boss_relics":[{"not_picked":["Snecko Eye","Black Star"],"picked":"Ring of the Serpent"}],"items_purged_floors":[],"is_endless":false,"potions_floor_spawned":[2,6,8,16],"killed_by":"Book of Stabbing","ascension_level":12}