{"gold_per_floor":[18,32,42,56,56,56,91,91,138,63,106,106,106,125,125,254,254,279,300,9,9,9,9,32,32,32,55,55,55,55,69,69,197,197,222,136,136,149,149,149,162,162,162,182,196,211,211,249,249,249],"floor_reached":51,"playtime":5269,"items_purged":["Injury"],"score":1037,"play_id":"cd78172d-e67c-48f2-8e22-12bca76c0f51","local_time":"20190131221130","is_ascension_mode":true,"campfire_choices":[{"data":"Zap","floor":6,"key":"SMITH"},{"data":"Buffer","floor":8,"key":"SMITH"},{"floor":12,"key":"REST"},{"data":"Dualcast","floor":15,"key":"SMITH"},{"data":"Bandage Up","floor":23,"key":"SMITH"},{"data":"FTL","floor":25,"key":"SMITH"},{"data":"Conserve Battery","floor":29,"key":"SMITH"},{"data":"Consume","floor":32,"key":"SMITH"},{"data":"Buffer","floor":40,"key":"SMITH"},{"data":"Flame Barrier","floor":42,"key":"SMITH"},{"data":"Blind","floor":47,"key":"SMITH"},{"data":"All For One","floor":49,"key":"SMITH"}],"neow_cost":"NO_GOLD","seed_source_timestamp":1826434724802578,"circlet_count":0,"master_deck":["AscendersBane","Strike_B+1","Strike_B","Strike_B","Defend_B","Defend_B","Defend_B","Defend_B","Zap+1","Dualcast+1","FTL+1","Glacier","Conserve Battery+1","Buffer+1","All For One+1","Cold Snap+1","All For One","Leap+1","Bandage Up+1","Inflame+1","PanicButton+1","Necronomicurse","Consume+1","Buffer+1","Headbutt+1","Blind+1","Steam","Deflect+1","Flame Barrier+1","Regret","Deflect+1","Steam+1"],"relics":["Cracked Core","Golden Idol","Darkstone Periapt","Oddly Smooth Stone","Blood Vial","Cursed Key","PrismaticShard","MutagenicStrength","Mercury Hourglass","Necronomicon","Inserter","Whetstone","Nunchaku"],"potions_floor_usage":[7,11,16,19,33,33,45,46,50],"damage_taken":[{"damage":1,"enemies":"Cultist","floor":1,"turns":3},{"damage":4,"enemies":"Jaw Worm","floor":2,"turns":3},{"damage":7,"enemies":"2 Louse","floor":3,"turns":3},{"damage":1,"enemies":"2 Fungi Beasts","floor":4,"turns":4},{"damage":27,"enemies":"3 Sentries","floor":7,"turns":9},{"damage":30,"enemies":"Gremlin Nob","floor":11,"turns":6},{"damage":1,"enemies":"Exordium Thugs","floor":14,"turns":4},{"damage":20,"enemies":"The Guardian","floor":16,"turns":12},{"damage":0,"enemies":"Chosen","floor":18,"turns":5},{"damage":0,"enemies":"Shell Parasite","floor":19,"turns":5},{"damage":20,"enemies":"3 Cultists","floor":24,"turns":6},{"damage":26,"enemies":"Snake Plant","floor":27,"turns":4},{"damage":0,"enemies":"Centurion and Healer","floor":31,"turns":5},{"damage":23,"enemies":"Collector","floor":33,"turns":11},{"damage":0,"enemies":"3 Darklings","floor":35,"turns":5},{"damage":0,"enemies":"Orb Walker","floor":38,"turns":4},{"damage":0,"enemies":"Maw","floor":41,"turns":10},{"damage":4,"enemies":"Writhing Mass","floor":44,"turns":10},{"damage":3,"enemies":"3 Darklings","floor":45,"turns":6},{"damage":14,"enemies":"Sphere and 2 Shapes","floor":46,"turns":7},{"damage":20,"enemies":"Reptomancer","floor":48,"turns":9},{"damage":4,"enemies":"Time Eater","floor":50,"turns":18}],"seed_played":"2222139360193590136","potions_obtained":[{"floor":1,"key":"Weak Potion"},{"floor":3,"key":"LiquidBronze"},{"floor":7,"key":"GamblersBrew"},{"floor":11,"key":"SteroidPotion"},{"floor":16,"key":"Weak Potion"},{"floor":31,"key":"SteroidPotion"},{"floor":33,"key":"Ancient Potion"},{"floor":35,"key":"Block Potion"},{"floor":45,"key":"AttackPotion"}],"is_trial":false,"path_per_floor":["M","M","M","M","?","R","E","R","T","$","E","R","$","M","R","B",null,"M","M","$","?","?","R","M","R","T","M","?","R","?","M","R","B",null,"M","$","?","M","?","R","M","R","T","M","M","M","R","E","R","B",null],"character_chosen":"DEFECT","items_purchased":["Bandage Up","PrismaticShard","Blind"],"campfire_rested":1,"item_purchase_floors":[20,20,36],"current_hp_per_floor":[81,77,70,69,69,69,42,42,42,42,12,38,38,39,39,21,72,74,76,76,76,76,76,64,64,70,52,42,42,42,50,50,35,85,93,93,93,95,95,95,101,101,107,103,107,99,99,87,87,91],"gold":249,"neow_bonus":"TWENTY_PERCENT_HP_BONUS","is_prod":false,"is_daily":false,"chose_seed":false,"campfire_upgraded":11,"win_rate":0,"timestamp":1549001490,"path_taken":["M","M","?","M","?","R","E","R","T","?","E","R","$","M","R","BOSS","M","M","$","?","?","R","M","R","T","M","?","R","?","?","R","BOSS","M","$","?","?","?","R","M","R","T","M","M","?","R","E","R","BOSS"],"build_version":"2019-01-23","purchased_purges":1,"victory":true,"max_hp_per_floor":[89,89,89,89,89,89,89,89,89,89,89,89,89,89,89,89,89,89,89,89,89,89,89,89,89,95,95,101,101,101,101,101,101,101,101,101,101,101,101,101,101,101,107,107,107,107,107,107,107,107],"card_choices":[{"not_picked":["Sweeping Beam","Lockon"],"picked":"FTL","floor":1},{"not_picked":["Leap","Stack","Redo"],"picked":"SKIP","floor":2},{"not_picked":["Stack","Barrage"],"picked":"Glacier","floor":3},{"not_picked":["Gash","Hologram"],"picked":"Conserve Battery","floor":4},{"not_picked":["Compile Driver","Sweeping Beam"],"picked":"Buffer","floor":7},{"not_picked":["Compile Driver","Stack"],"picked":"All For One","floor":11},{"not_picked":["Leap","Compile Driver"],"picked":"Cold Snap","floor":14},{"not_picked":["Reboot","Meteor Strike"],"picked":"All For One","floor":16},{"not_picked":["Blizzard","Turbo","Ball Lightning"],"picked":"SKIP","floor":18},{"not_picked":["Lockon","Scrape+1"],"picked":"Leap+1","floor":19},{"not_picked":["Spot Weakness+1","Acrobatics"],"picked":"Inflame+1","floor":24},{"not_picked":["Sword Boomerang","Stack"],"picked":"PanicButton+1","floor":27},{"not_picked":["Acrobatics","Transmutation"],"picked":"Consume","floor":31},{"not_picked":["Offering","Bludgeon"],"picked":"Buffer","floor":33},{"not_picked":["Stack+1","Armaments"],"picked":"Headbutt+1","floor":35},{"not_picked":["Quick Slash","Clothesline"],"picked":"Deflect+1","floor":38},{"not_picked":["Dagger Throw+1","Iron Wave"],"picked":"Flame Barrier","floor":41},{"not_picked":["Burning Pact","Bullet Time"],"picked":"Deflect+1","floor":44},{"not_picked":["Ghostly Armor","Entrench+1","Poisoned Stab+1"],"picked":"SKIP","floor":45},{"not_picked":["Thunderclap","Anger+1"],"picked":"Steam+1","floor":46},{"not_picked":["Entrench+1","Steam+1","PiercingWail"],"picked":"SKIP","floor":48}],"player_experience":559800,"relics_obtained":[{"floor":7,"key":"Darkstone Periapt"},{"floor":9,"key":"Oddly Smooth Stone"},{"floor":11,"key":"Blood Vial"},{"floor":26,"key":"Mercury Hourglass"},{"floor":28,"key":"Necronomicon"},{"floor":43,"key":"Whetstone"},{"floor":48,"key":"Nunchaku"}],"event_choices":[{"damage_healed":0,"gold_gain":0,"player_choice":"Take Wound","damage_taken":0,"relics_obtained":["Golden Idol"],"max_hp_gain":0,"max_hp_loss":0,"event_name":"Golden Idol","floor":5,"gold_loss":0,"cards_obtained":["Injury"]},{"damage_healed":0,"gold_gain":0,"player_choice":"Inject Mutagens","damage_taken":0,"relics_obtained":["MutagenicStrength"],"max_hp_gain":0,"max_hp_loss":0,"event_name":"Drug Dealer","floor":21,"gold_loss":0},{"damage_healed":0,"gold_gain":0,"player_choice":"Ignored","damage_taken":0,"max_hp_gain":0,"max_hp_loss":0,"event_name":"Ghosts","floor":22,"gold_loss":0},{"damage_healed":0,"gold_gain":0,"player_choice":"Obtained Book","damage_taken":16,"max_hp_gain":0,"max_hp_loss":0,"event_name":"Cursed Tome","floor":28,"gold_loss":0},{"cards_removed":["Shame"],"damage_healed":0,"gold_gain":0,"player_choice":"Removed Curses","damage_taken":0,"max_hp_gain":0,"max_hp_loss":0,"event_name":"Fountain of Cleansing","floor":30,"gold_loss":0},{"damage_healed":0,"gold_gain":0,"cards_transformed":["Strike_B"],"player_choice":"Transformed","damage_taken":0,"max_hp_gain":0,"max_hp_loss":0,"event_name":"Transmorgrifier","floor":37,"gold_loss":0,"cards_obtained":["Steam"]},{"damage_healed":0,"gold_gain":0,"player_choice":"0 cards matched","damage_taken":0,"max_hp_gain":0,"max_hp_loss":0,"event_name":"Match and Keep!","floor":39,"gold_loss":0,"cards_obtained":[]}],"is_beta":false,"boss_relics":[{"not_picked":["Eternal Feather","Coffee Dripper"],"picked":"Cursed Key"},{"not_picked":["FrozenCore","Lizard Tail"],"picked":"Inserter"}],"items_purged_floors":[10],"is_endless":false,"potions_floor_spawned":[1,3,7,11,16,31,33,35,44,45],"ascension_level":11}