{"gold_per_floor":[112,126,144,164,176,176,190,206,232,247,247],"floor_reached":11,"playtime":1578,"items_purged":[],"score":71,"play_id":"197acad3-57b0-46c3-a333-1e71cb83166c","local_time":"20180725000306","is_ascension_mode":false,"campfire_choices":[{"floor":6,"key":"REST"}],"neow_cost":"","seed_source_timestamp":592882656270033,"circlet_count":0,"master_deck":["Defend_G","Defend_G","Defend_G","Defend_G","Defend_G","Strike_G","Strike_G","Strike_G","Strike_G","Strike_G","Survivor","Neutralize","Outmaneuver","Outmaneuver","Choke","Well Laid Plans","Skewer","Finisher","Prepared"],"relics":["Ring of the Snake","Strawberry"],"potions_floor_usage":[],"damage_taken":[{"damage":0,"enemies":"Jaw Worm","floor":1,"turns":5},{"damage":2,"enemies":"Small Slimes","floor":2,"turns":3},{"damage":4,"enemies":"Cultist","floor":3,"turns":5},{"damage":20,"enemies":"Lots of Slimes","floor":4,"turns":6},{"damage":11,"enemies":"3 Louse","floor":5,"turns":5},{"damage":7,"enemies":"Blue Slaver","floor":7,"turns":4},{"damage":7,"enemies":"Looter","floor":8,"turns":3},{"damage":8,"enemies":"3 Louse","floor":10,"turns":4},{"damage":44,"floor":11,"turns":5}],"seed_played":"5822234751871042803","potions_obtained":[{"floor":4,"key":"Weak Potion"},{"floor":7,"key":"Swift Potion"}],"is_trial":false,"path_per_floor":["M","M","M","M","M","R","M","M","T","M"],"character_chosen":"THE_SILENT","items_purchased":[],"campfire_rested":1,"item_purchase_floors":[],"current_hp_per_floor":[70,68,64,44,33,54,47,40,47,39,0],"gold":247,"neow_bonus":"","is_prod":false,"is_daily":false,"chose_seed":false,"campfire_upgraded":0,"win_rate":0.0,"timestamp":1532494986,"path_taken":["M","M","M","M","M","R","M","M","T","M","?"],"build_version":"2018-07-19v2","purchased_purges":0,"victory":false,"max_hp_per_floor":[70,70,70,70,70,70,70,70,77,77,77],"card_choices":[{"not_picked":["Prepared","Backstab"],"picked":"Outmaneuver","floor":1},{"not_picked":["Quick Slash","Predator"],"picked":"Outmaneuver","floor":2},{"not_picked":["Underhanded Strike","Masterful Stab"],"picked":"Choke","floor":3},{"not_picked":["Choke","Flechettes"],"picked":"Well Laid Plans","floor":4},{"not_picked":["Leg Sweep","Dagger Throw"],"picked":"Skewer","floor":5},{"not_picked":["Deadly Poison","Wraith Form v2"],"picked":"Finisher","floor":7},{"not_picked":["Choke","PiercingWail","Heel Hook"],"picked":"SKIP","floor":8},{"not_picked":["Riddle With Holes","Poisoned Stab"],"picked":"Prepared","floor":10}],"player_experience":2369,"relics_obtained":[{"floor":9,"key":"Strawberry"}],"event_choices":[{"event_name":"Mushrooms","player_choice":"Fought Mushrooms","floor":11,"damage_taken":0}],"is_beta":false,"boss_relics":[],"items_purged_floors":[],"is_endless":false,"potions_floor_spawned":[4,7],"ascension_level":0}