{"gold_per_floor":[119,138,138,213,224,224,224,244,267,267,291,107,121,47,47,170,170,194,219,10,23,23,23,23,23,23,57,71,71,86,1,1,102,102,119,119,133,83,93,93],"floor_reached":40,"playtime":1187,"items_purged":["Strike_B","Strike_B","Defend_B"],"score":554,"play_id":"e7fa4aa7-848a-4963-be1a-5587dd700e74","local_time":"20181025195713","is_ascension_mode":true,"campfire_choices":[{"floor":6,"key":"REST"},{"data":"Darkness","floor":15,"key":"SMITH"},{"data":"Multi-Cast","floor":23,"key":"SMITH"},{"data":"Zap","floor":25,"key":"SMITH"},{"floor":32,"key":"REST"}],"neow_cost":"NONE","seed_source_timestamp":4605027024299,"circlet_count":0,"master_deck":["Defend_B","Defend_B","Defend_B","Zap+1","Dualcast","Fission+1","Darkness+1","Genetic Algorithm","Conserve Battery","Self Repair","Ball Lightning","Multi-Cast+1","Cold Snap","Cold Snap+1","Biased Cognition"],"relics":["Cracked Core","Bloody Idol","Smiling Mask","Orichalcum","Lizard Tail","Runic Capacitor","Bottled Tornado","Strawberry","Gambling Chip","Nuclear Battery"],"potions_floor_usage":[13,13,27,27,33,37,40],"damage_taken":[{"damage":2,"enemies":"2 Louse","floor":1,"turns":2},{"damage":7,"enemies":"Jaw Worm","floor":2,"turns":4},{"damage":0,"enemies":"Small Slimes","floor":5,"turns":3},{"damage":7,"enemies":"2 Fungi Beasts","floor":8,"turns":4},{"damage":0,"enemies":"Lots of Slimes","floor":13,"turns":3},{"damage":47,"enemies":"Slime Boss","floor":16,"turns":10},{"damage":5,"enemies":"Chosen","floor":18,"turns":4},{"damage":20,"enemies":"Shell Parasite","floor":19,"turns":5},{"damage":12,"enemies":"Snake Plant","floor":21,"turns":3},{"damage":34,"enemies":"Slavers","floor":27,"turns":8},{"damage":6,"enemies":"Snecko","floor":28,"turns":5},{"damage":34,"enemies":"Shelled Parasite and Fungi","floor":30,"turns":6},{"damage":34,"enemies":"Champ","floor":33,"turns":10},{"damage":4,"enemies":"Orb Walker","floor":35,"turns":4},{"damage":36,"enemies":"3 Darklings","floor":37,"turns":7},{"damage":48,"enemies":"Writhing Mass","floor":39,"turns":6},{"damage":48,"enemies":"Giant Head","floor":40,"turns":7}],"seed_played":"1604397129493309985","potions_obtained":[{"floor":1,"key":"AttackPotion"},{"floor":5,"key":"AttackPotion"},{"floor":13,"key":"Explosive Potion"},{"floor":18,"key":"SpeedPotion"},{"floor":27,"key":"SteroidPotion"},{"floor":30,"key":"SkillPotion"},{"floor":33,"key":"LiquidBronze"},{"floor":35,"key":"FocusPotion"},{"floor":39,"key":"Weak Potion"}],"is_trial":false,"path_per_floor":["M","M","?","?","M","R","?","M","T","?","T","$","M","$","R","B",null,"M","M","$","M","?","R","$","R","T","E","M","?","M","?","R","B",null,"M","?","M","$","M"],"character_chosen":"DEFECT","items_purchased":["Conserve Battery","Self Repair","Ball Lightning","Runic Capacitor"],"campfire_rested":2,"item_purchase_floors":[12,12,14,20],"current_hp_per_floor":[66,59,59,48,48,70,69,62,62,55,55,55,62,62,62,22,57,59,46,46,41,64,64,64,64,64,44,45,45,23,23,45,23,63,71,71,47,47,48,0],"gold":93,"neow_bonus":"TRANSFORM_CARD","is_prod":false,"is_daily":false,"chose_seed":false,"campfire_upgraded":3,"win_rate":0,"timestamp":1540493833,"path_taken":["M","M","?","?","?","R","?","M","T","?","?","$","M","$","R","BOSS","M","M","$","M","?","R","$","R","T","E","?","?","?","?","R","BOSS","M","?","M","$","M","E"],"build_version":"2018-10-18","purchased_purges":3,"victory":false,"max_hp_per_floor":[75,75,75,75,75,75,69,69,69,69,69,69,69,69,69,69,69,69,69,69,69,69,69,69,69,69,76,76,76,76,76,76,76,76,76,72,72,72,72,72],"card_choices":[{"not_picked":["Chaos","Static Discharge"],"picked":"Darkness","floor":1},{"not_picked":["Reprogram","Force Field"],"picked":"Genetic Algorithm","floor":2},{"not_picked":["Scrape","Stack","Gash"],"picked":"SKIP","floor":5},{"not_picked":["Steam","Hologram","Creative AI"],"picked":"SKIP","floor":8},{"not_picked":["Gash","Double Energy","Rebound"],"picked":"SKIP","floor":13},{"not_picked":["Buffer","Meteor Strike"],"picked":"Multi-Cast","floor":16},{"not_picked":["Redo","Beam Cell+1","Undo"],"picked":"SKIP","floor":18},{"not_picked":["Hello World","Turbo","Recycle"],"picked":"SKIP","floor":19},{"not_picked":["Steam","Doom and Gloom"],"picked":"Cold Snap","floor":21},{"not_picked":["Blizzard","Doom and Gloom"],"picked":"Cold Snap+1","floor":27},{"not_picked":["Self Repair","Beam Cell","Rebound"],"picked":"SKIP","floor":28},{"not_picked":["Streamline","Conserve Battery","Sweeping Beam"],"picked":"SKIP","floor":30},{"not_picked":["Electrodynamics","Machine Learning"],"picked":"Biased Cognition","floor":33},{"not_picked":["Sweeping Beam+1","Leap+1","Redo+1"],"picked":"SKIP","floor":35},{"not_picked":["Ball Lightning+1","Cold Snap","Storm"],"picked":"SKIP","floor":37},{"not_picked":["Melter","Conserve Battery+1","Rebound"],"picked":"SKIP","floor":39}],"player_experience":80140,"relics_obtained":[{"floor":9,"key":"Smiling Mask"},{"floor":11,"key":"Orichalcum"},{"floor":26,"key":"Bottled Tornado"},{"floor":27,"key":"Strawberry"}],"event_choices":[{"damage_healed":0,"gold_gain":0,"player_choice":"Grow","damage_taken":0,"max_hp_gain":0,"max_hp_loss":0,"event_name":"Living Wall","floor":3,"gold_loss":0,"cards_upgraded":["Fission"]},{"damage_healed":0,"gold_gain":75,"player_choice":"Gather Gold","damage_taken":11,"max_hp_gain":0,"max_hp_loss":0,"event_name":"World of Goop","floor":4,"gold_loss":0},{"damage_healed":0,"gold_gain":0,"player_choice":"Lose Max HP","damage_taken":0,"relics_obtained":["Golden Idol"],"max_hp_gain":0,"max_hp_loss":6,"event_name":"Golden Idol","floor":7,"gold_loss":0},{"cards_removed":["Strike_B"],"damage_healed":0,"gold_gain":0,"player_choice":"Card Removal","damage_taken":7,"max_hp_gain":0,"max_hp_loss":0,"event_name":"Golden Wing","floor":10,"gold_loss":0},{"damage_healed":23,"gold_gain":0,"player_choice":"Heal","damage_taken":0,"max_hp_gain":0,"max_hp_loss":0,"event_name":"The Library","floor":22,"gold_loss":0},{"damage_healed":0,"gold_gain":0,"player_choice":"Gave Idol","damage_taken":0,"relics_obtained":["Bloody Idol"],"max_hp_gain":0,"max_hp_loss":0,"event_name":"Forgotten Altar","floor":29,"relics_lost":["Golden Idol"],"gold_loss":0},{"damage_healed":0,"gold_gain":0,"player_choice":"Obtained Relic","damage_taken":0,"relics_obtained":["Gambling Chip"],"max_hp_gain":0,"max_hp_loss":0,"event_name":"Addict","floor":31,"gold_loss":85},{"damage_healed":0,"gold_gain":0,"player_choice":"Max HP","damage_taken":0,"max_hp_gain":0,"max_hp_loss":4,"event_name":"Winding Halls","floor":36,"gold_loss":0}],"is_beta":false,"boss_relics":[{"not_picked":["Coffee Dripper","Calling Bell"],"picked":"Lizard Tail"},{"not_picked":["Velvet Choker","Black Star"],"picked":"Nuclear Battery"}],"items_purged_floors":[12,14,38],"is_endless":false,"potions_floor_spawned":[1,5,13,18,27,30,33,35,39],"killed_by":"Giant Head","ascension_level":8}