{"gold_per_floor":[109,119,134,144,144,144,158,158,227,227,237,248,248,267,267,279],"floor_reached":16,"playtime":807,"items_purged":[],"score":179,"play_id":"c524c497-348d-4d4c-b1fd-569f423a0659","local_time":"20181110155600","is_ascension_mode":true,"campfire_choices":[{"data":"Whirlwind","floor":6,"key":"SMITH"},{"floor":8,"key":"DIG"},{"floor":13,"key":"DIG"},{"floor":15,"key":"DIG"}],"neow_cost":"NONE","seed_source_timestamp":1198498594860521,"circlet_count":0,"master_deck":["AscendersBane","Strike_R","Strike_R","Strike_R","Strike_R","Strike_R","Defend_R","Defend_R","Defend_R","Defend_R","Bash","Trip","Whirlwind+1","Ghostly Armor","Clothesline","Iron Wave","Inflame","Decay","Pommel Strike+1"],"relics":["Burning Blood","Shovel","Strawberry","Molten Egg 2","Pear","MawBank"],"potions_floor_usage":[11,16,16],"damage_taken":[{"damage":14,"enemies":"Jaw Worm","floor":1,"turns":5},{"damage":7,"enemies":"Small Slimes","floor":2,"turns":4},{"damage":0,"enemies":"Cultist","floor":3,"turns":3},{"damage":7,"enemies":"Blue Slaver","floor":4,"turns":5},{"damage":8,"enemies":"Gremlin Gang","floor":7,"turns":2},{"damage":6,"enemies":"2 Fungi Beasts","floor":11,"turns":3},{"damage":9,"enemies":"Lots of Slimes","floor":12,"turns":3},{"damage":55,"enemies":"Exordium Thugs","floor":14,"turns":8},{"damage":39,"enemies":"Hexaghost","floor":16,"turns":13}],"seed_played":"3860021756811500711","potions_obtained":[{"floor":1,"key":"Weak Potion"},{"floor":4,"key":"BloodPotion"},{"floor":7,"key":"PowerPotion"},{"floor":14,"key":"PowerPotion"}],"is_trial":false,"path_per_floor":["M","M","M","M","?","R","M","R","T","?","M","M","R","M","R","B"],"character_chosen":"IRONCLAD","items_purchased":[],"campfire_rested":0,"item_purchase_floors":[],"current_hp_per_floor":[64,63,69,68,65,65,63,70,70,70,78,75,85,36,36,0],"gold":279,"neow_bonus":"RANDOM_COLORLESS","is_prod":false,"is_daily":false,"chose_seed":false,"campfire_upgraded":1,"win_rate":0,"timestamp":1541886960,"path_taken":["M","M","M","M","?","R","M","R","T","?","?","M","R","M","R","BOSS"],"build_version":"2018-11-08","purchased_purges":0,"victory":false,"max_hp_per_floor":[80,80,80,80,80,80,80,87,87,87,87,87,97,97,97,97],"card_choices":[{"not_picked":["Corruption","Cleave"],"picked":"Whirlwind","floor":1},{"not_picked":["Flex","Pommel Strike"],"picked":"Ghostly Armor","floor":2},{"not_picked":["Wild Strike","Shockwave"],"picked":"Clothesline","floor":3},{"not_picked":["Bloodletting","True Grit"],"picked":"Iron Wave","floor":4},{"not_picked":["Bloodletting","Sword Boomerang"],"picked":"Inflame","floor":7},{"not_picked":["Infernal Blade","Second Wind","Warcry"],"picked":"SKIP","floor":11},{"not_picked":["Sword Boomerang+1","Limit Break"],"picked":"Pommel Strike+1","floor":12},{"not_picked":["Rupture","Warcry","Thunderclap+1"],"picked":"SKIP","floor":14}],"player_experience":432721,"relics_obtained":[{"floor":8,"key":"Strawberry"},{"floor":9,"key":"Molten Egg 2"},{"floor":13,"key":"Pear"},{"floor":15,"key":"MawBank"}],"event_choices":[{"damage_healed":0,"gold_gain":0,"player_choice":"Success","damage_taken":3,"relics_obtained":["Shovel"],"max_hp_gain":0,"max_hp_loss":0,"event_name":"Scrap Ooze","floor":5,"gold_loss":0},{"damage_healed":0,"gold_gain":0,"player_choice":"Cursed","damage_taken":0,"max_hp_gain":0,"max_hp_loss":0,"event_name":"Wheel of Change","floor":10,"gold_loss":0,"cards_obtained":["Decay"]}],"is_beta":false,"boss_relics":[],"items_purged_floors":[],"is_endless":false,"potions_floor_spawned":[1,4,7,14],"killed_by":"Hexaghost","ascension_level":12}