{"gold_per_floor":[111,87,87,13,31,65,65,65,65,65,75,75,88,118,118,222,222,238,93,108,108,108,138,138,165,165,181,191,91,91,119,119,219,219,235,235,85,103,203,203,228,259,296,308,353,285,314,12,12,12,12,12,12,44,44],"floor_reached":56,"playtime":5479,"items_purged":["Strike_G","Strike_G"],"score":1454,"play_id":"0200a2cb-3157-46d5-9c5f-815e88cf8ecb","local_time":"20190204203451","is_ascension_mode":true,"campfire_choices":[{"data":"Leg Sweep","floor":7,"key":"SMITH"},{"data":"Noxious Fumes","floor":10,"key":"SMITH"},{"floor":15,"key":"RECALL"},{"data":"Corpse Explosion","floor":30,"key":"SMITH"},{"floor":32,"key":"REST"},{"data":"Adrenaline","floor":40,"key":"SMITH"},{"data":"Bane","floor":44,"key":"SMITH"},{"data":"Distraction","floor":49,"key":"SMITH"},{"data":"Deflect","floor":52,"key":"SMITH"}],"neow_cost":"NONE","seed_source_timestamp":7515728818438,"circlet_count":0,"master_deck":["Defend_G","Defend_G","Defend_G","Survivor+1","Neutralize+1","Leg Sweep+1","Noxious Fumes+1","Poisoned Stab","Footwork+1","Distraction+1","Corpse Explosion+1","Backflip","Backstab","Flying Knee+1","Well Laid Plans+1","Adrenaline+1","Cloak And Dagger","Footwork+1","Deflect+1","Blur","After Image+1","Blur","Footwork+1","Distraction+1","Bane+1","Noxious Fumes+1","Crippling Poison+1","Bullet Time"],"relics":["Ring of the Snake","Boot","Frozen Egg 2","Matryoshka","Mercury Hourglass","Orrery","Paper Crane","Pantograph","Bronze Scales","Bag of Marbles","Sozu","Vajra","Calipers","MawBank","Singing Bowl","Centennial Puzzle","Ginger","Gremlin Horn","Whetstone","War Paint","Kunai"],"potions_floor_usage":[23,33,55,55],"damage_taken":[{"damage":0,"enemies":"Jaw Worm","floor":1,"turns":4},{"damage":0,"enemies":"Small Slimes","floor":5,"turns":5},{"damage":36,"enemies":"Gremlin Nob","floor":6,"turns":6},{"damage":0,"enemies":"2 Louse","floor":11,"turns":3},{"damage":0,"enemies":"Blue Slaver","floor":13,"turns":5},{"damage":0,"enemies":"Lagavulin","floor":14,"turns":7},{"damage":5,"enemies":"Hexaghost","floor":16,"turns":10},{"damage":4,"enemies":"Shell Parasite","floor":18,"turns":6},{"damage":0,"enemies":"Chosen","floor":20,"turns":4},{"damage":0,"enemies":"Book of Stabbing","floor":23,"turns":6},{"damage":25,"enemies":"Slavers","floor":25,"turns":4},{"damage":5,"enemies":"Sentry and Sphere","floor":27,"turns":5},{"damage":0,"enemies":"Snake Plant","floor":28,"turns":4},{"damage":0,"enemies":"Book of Stabbing","floor":31,"turns":7},{"damage":8,"enemies":"Automaton","floor":33,"turns":9},{"damage":0,"enemies":"3 Darklings","floor":35,"turns":3},{"damage":0,"enemies":"3 Shapes","floor":38,"turns":4},{"damage":0,"enemies":"Mind Bloom Boss Battle","floor":39,"turns":8},{"damage":0,"enemies":"Reptomancer","floor":41,"turns":8},{"damage":0,"enemies":"Transient","floor":42,"turns":5},{"damage":0,"enemies":"Giant Head","floor":45,"turns":10},{"damage":5,"enemies":"Reptomancer","floor":47,"turns":6},{"damage":0,"enemies":"Time Eater","floor":50,"turns":13},{"damage":7,"enemies":"Shield and Spear","floor":54,"turns":6},{"damage":35,"enemies":"The Heart","floor":55,"turns":12}],"seed_played":"1280688655607278298","potions_obtained":[{"floor":1,"key":"Dexterity Potion"},{"floor":11,"key":"Block Potion"},{"floor":14,"key":"Strength Potion"},{"floor":25,"key":"Poison Potion"}],"is_trial":false,"path_per_floor":["M","?","?","$","M","E","R","?","T","R","M","?","M","E","R","B",null,"M","$","M","?","?","E","?","E","T","M","M","$","R","E","R","B",null,"M","?","$","M","?","R","E","M","T","R","E","$","E","$","R","B",null,"R","$","E","B",null],"character_chosen":"THE_SILENT","items_purchased":["Noxious Fumes","Well Laid Plans+1","Vajra","Noxious Fumes+1","Whetstone","War Paint"],"campfire_rested":1,"item_purchase_floors":[4,19,37,46,48,48],"current_hp_per_floor":[77,77,74,74,74,38,38,38,38,38,38,31,31,31,31,26,77,73,73,73,73,73,73,77,52,52,47,47,47,47,47,70,69,77,77,77,77,77,77,77,77,77,77,77,79,79,74,74,74,79,79,79,79,72,44],"gold":44,"neow_bonus":"TEN_PERCENT_HP_BONUS","is_prod":false,"is_daily":false,"chose_seed":false,"campfire_upgraded":7,"win_rate":0,"timestamp":1549308891,"path_taken":["M","?","?","?","M","E","R","?","T","R","?","?","M","E","R","BOSS","M","$","M","?","?","E","?","E","T","?","M","$","R","E","R","BOSS","M","?","?","M","?","R","E","M","T","R","E","$","E","$","R","BOSS","R","$","E","BOSS"],"build_version":"2019-01-23","purchased_purges":2,"victory":true,"max_hp_per_floor":[77,77,77,77,77,77,77,77,77,77,77,77,77,77,77,77,77,77,77,77,77,77,77,77,77,77,77,77,77,77,77,77,77,77,77,77,77,77,77,77,77,77,77,77,79,79,79,79,79,79,79,79,79,79,79],"card_choices":[{"not_picked":["Accuracy","Slice"],"picked":"Leg Sweep","floor":1},{"not_picked":["Dagger Throw","Cloak And Dagger"],"picked":"Poisoned Stab","floor":5},{"not_picked":["Bouncing Flask","Acrobatics","Accuracy"],"picked":"SKIP","floor":6},{"not_picked":["Prepared","Outmaneuver","Storm of Steel"],"picked":"SKIP","floor":11},{"not_picked":["Sucker Punch","Backflip"],"picked":"Footwork+1","floor":13},{"not_picked":["Acrobatics","Dash"],"picked":"Distraction","floor":14},{"not_picked":["Phantasmal Killer","Malaise"],"picked":"Corpse Explosion","floor":16},{"not_picked":["Masterful Stab","Cloak And Dagger"],"picked":"Backflip","floor":17},{"not_picked":["Choke","Quick Slash"],"picked":"Backstab","floor":17},{"not_picked":["Infinite Blades+1","Dagger Spray+1"],"picked":"Flying Knee","floor":18},{"not_picked":["Leg Sweep+1","All Out Attack+1"],"picked":"Adrenaline","floor":20},{"not_picked":["Sucker Punch+1","Dagger Throw+1","Masterful Stab+1"],"picked":"SKIP","floor":23},{"not_picked":["Cloak And Dagger","Noxious Fumes+1"],"picked":"Footwork+1","floor":25},{"not_picked":["Eviscerate+1","Flechettes","Dagger Spray+1"],"picked":"SKIP","floor":27},{"not_picked":["Reflex","Well Laid Plans+1"],"picked":"Deflect","floor":28},{"not_picked":["Outmaneuver","Noxious Fumes+1"],"picked":"Blur","floor":31},{"not_picked":["Storm of Steel","Malaise"],"picked":"After Image+1","floor":33},{"not_picked":["Cloak And Dagger+1","Underhanded Strike"],"picked":"Blur","floor":35},{"not_picked":["Flying Knee","PiercingWail","Cloak And Dagger"],"picked":"SKIP","floor":38},{"not_picked":["Storm of Steel","Deflect"],"picked":"Distraction+1","floor":41},{"not_picked":["Predator","Poisoned Stab"],"picked":"Bane","floor":42},{"not_picked":["Flying Knee+1","Deflect+1","Backstab+1"],"picked":"Singing Bowl","floor":45},{"not_picked":["Outmaneuver+1","Deadly Poison+1"],"picked":"Crippling Poison","floor":47},{"not_picked":["Choke","Unload"],"picked":"Bullet Time","floor":54}],"player_experience":114168,"relics_obtained":[{"floor":6,"key":"Frozen Egg 2"},{"floor":9,"key":"Matryoshka"},{"floor":14,"key":"Mercury Hourglass"},{"floor":23,"key":"Paper Crane"},{"floor":25,"key":"Pantograph"},{"floor":26,"key":"Bronze Scales"},{"floor":31,"key":"Bag of Marbles"},{"floor":39,"key":"Calipers"},{"floor":41,"key":"MawBank"},{"floor":43,"key":"Singing Bowl"},{"floor":43,"key":"Centennial Puzzle"},{"floor":45,"key":"Ginger"},{"floor":47,"key":"Gremlin Horn"},{"floor":54,"key":"Kunai"}],"event_choices":[{"damage_healed":0,"gold_gain":0,"player_choice":"Left Gold","damage_taken":0,"max_hp_gain":0,"max_hp_loss":0,"event_name":"World of Goop","floor":2,"gold_loss":24},{"damage_healed":0,"gold_gain":0,"player_choice":"Success","damage_taken":3,"relics_obtained":["Boot"],"max_hp_gain":0,"max_hp_loss":0,"event_name":"Scrap Ooze","floor":3,"gold_loss":0},{"cards_removed":["Strike_G"],"damage_healed":0,"gold_gain":0,"player_choice":"Forget","damage_taken":0,"max_hp_gain":0,"max_hp_loss":0,"event_name":"Living Wall","floor":8,"gold_loss":0},{"cards_removed":["Strike_G"],"damage_healed":0,"gold_gain":0,"player_choice":"Card Removal","damage_taken":7,"max_hp_gain":0,"max_hp_loss":0,"event_name":"Golden Wing","floor":12,"gold_loss":0},{"cards_removed":["Defend_G"],"damage_healed":0,"gold_gain":0,"player_choice":"Elegance","damage_taken":0,"max_hp_gain":0,"max_hp_loss":0,"event_name":"Back to Basics","floor":21,"gold_loss":0},{"damage_healed":0,"gold_gain":0,"cards_transformed":["Defend_G","Strike_G"],"player_choice":"Became Test Subject","damage_taken":0,"max_hp_gain":0,"max_hp_loss":0,"event_name":"Drug Dealer","floor":22,"gold_loss":0,"cards_obtained":["Skewer","Cloak And Dagger"]},{"cards_removed":["Skewer"],"damage_healed":4,"gold_gain":0,"player_choice":"Offered Uncommon","damage_taken":0,"max_hp_gain":0,"max_hp_loss":0,"event_name":"Bonfire Elementals","floor":24,"gold_loss":0},{"damage_healed":0,"gold_gain":0,"player_choice":"Copied","damage_taken":0,"max_hp_gain":0,"max_hp_loss":0,"event_name":"Duplicator","floor":36,"gold_loss":0,"cards_obtained":["Footwork"]},{"damage_healed":0,"gold_gain":0,"player_choice":"Fight","damage_taken":0,"max_hp_gain":0,"max_hp_loss":0,"event_name":"MindBloom","floor":39,"gold_loss":0}],"is_beta":false,"boss_relics":[{"not_picked":["WristBlade","HoveringKite"],"picked":"Orrery"},{"not_picked":["White Beast Statue","Busted Crown"],"picked":"Sozu"}],"items_purged_floors":[19,29],"is_endless":false,"potions_floor_spawned":[1,11,14,20,25,28,38,39,45],"ascension_level":1}