{"gold_per_floor":[112,212,232,90,90,90,106,106,106,121,21,21,39,58,58,156,156,174,174,192,203,78,78,108,108,135,152,2,20,84,84,84,180,180,192,192,192,192,192,192,17,45,45,45,45],"floor_reached":45,"playtime":1115,"items_purged":["Defend_R","Defend_R","Defend_R","Strike_R","Strike_R"],"score":667,"play_id":"f6f6d489-8211-47d4-a6d9-921f2a4038c4","local_time":"20181112220052","is_ascension_mode":true,"campfire_choices":[{"data":"Thunderclap","floor":6,"key":"SMITH"},{"data":"Rage","floor":8,"key":"SMITH"},{"data":"Metallicize","floor":15,"key":"SMITH"},{"data":"Limit Break","floor":23,"key":"SMITH"},{"floor":25,"key":"REST"},{"floor":32,"key":"REST"},{"data":"Disarm","floor":40,"key":"SMITH"},{"data":"Battle Trance","floor":44,"key":"SMITH"}],"neow_cost":"NONE","seed_source_timestamp":11349586236658,"circlet_count":0,"master_deck":["Strike_R","Strike_R","Strike_R","Bash+1","Rage+1","Thunderclap+1","Metallicize+1","Iron Wave","Whirlwind","Rage","Battle Trance+1","Limit Break+1","Flex","True Grit+1","Warcry+1","Spot Weakness","Disarm+1","Bloodletting+1"],"relics":["Burning Blood","Question Card","Pantograph","Sozu","Bottled Tornado","Oddly Smooth Stone","Tiny Chest","Runic Pyramid","Toxic Egg 2","Gremlin Horn","PreservedInsect"],"potions_floor_usage":[10,16,16,18,20],"damage_taken":[{"damage":9,"enemies":"Jaw Worm","floor":1,"turns":3},{"damage":0,"enemies":"Cultist","floor":3,"turns":4},{"damage":0,"enemies":"Small Slimes","floor":7,"turns":3},{"damage":14,"enemies":"Gremlin Gang","floor":10,"turns":4},{"damage":0,"enemies":"3 Louse","floor":13,"turns":1},{"damage":1,"enemies":"Looter","floor":14,"turns":3},{"damage":43,"enemies":"Slime Boss","floor":16,"turns":8},{"damage":0,"enemies":"3 Byrds","floor":18,"turns":4},{"damage":7,"enemies":"Chosen","floor":20,"turns":5},{"damage":22,"enemies":"Snecko","floor":21,"turns":6},{"damage":45,"enemies":"Book of Stabbing","floor":24,"turns":6},{"damage":12,"enemies":"3 Cultists","floor":27,"turns":5},{"damage":8,"enemies":"Centurion and Healer","floor":29,"turns":4},{"damage":24,"enemies":"Gremlin Leader","floor":30,"turns":4},{"damage":56,"enemies":"Automaton","floor":33,"turns":9},{"damage":20,"enemies":"3 Darklings","floor":35,"turns":3},{"damage":9,"enemies":"Giant Head","floor":42,"turns":6},{"damage":66,"enemies":"Reptomancer","floor":45,"turns":4}],"seed_played":"-8475413939322742378","potions_obtained":[{"floor":1,"key":"SkillPotion"},{"floor":10,"key":"AttackPotion"},{"floor":12,"key":"Swift Potion"},{"floor":12,"key":"AttackPotion"},{"floor":16,"key":"Ancient Potion"}],"is_trial":false,"path_per_floor":["M","?","M","$","?","R","M","R","T","M","$","?","M","M","R","B",null,"M","?","M","M","$","R","E","R","T","M","$","M","E","?","R","B",null,"M","?","?","?","T","R","$","E","T","R","E"],"character_chosen":"IRONCLAD","items_purchased":["Metallicize"],"campfire_rested":2,"item_purchase_floors":[4],"current_hp_per_floor":[69,69,75,75,57,57,63,63,63,55,55,55,61,66,66,43,71,77,77,76,60,60,60,21,45,45,39,39,37,19,19,43,18,65,51,51,51,51,51,51,51,48,48,48,0],"gold":45,"neow_bonus":"UPGRADE_CARD","is_prod":false,"is_daily":false,"chose_seed":false,"campfire_upgraded":6,"win_rate":0,"timestamp":1542060052,"path_taken":["M","?","?","$","?","R","M","R","T","M","$","?","?","M","R","BOSS","M","?","M","M","$","R","E","R","T","M","$","M","E","?","R","BOSS","M","?","?","?","?","R","$","E","T","R","E"],"build_version":"2018-11-08","purchased_purges":5,"victory":false,"max_hp_per_floor":[80,80,80,80,80,80,80,80,80,80,80,80,80,80,80,80,80,80,80,80,80,80,80,80,80,80,80,80,80,80,80,80,80,80,80,80,80,80,80,80,80,80,80,80,80],"card_choices":[{"not_picked":["Burning Pact","Perfected Strike"],"picked":"Rage","floor":1},{"not_picked":["Clash","Body Slam"],"picked":"Thunderclap","floor":3},{"not_picked":["Wild Strike","Cleave","Clash"],"picked":"Iron Wave","floor":7},{"not_picked":["Entrench","Flex","Dual Wield"],"picked":"Whirlwind","floor":10},{"not_picked":["Thunderclap","Sever Soul","Sentinel"],"picked":"Rage","floor":13},{"not_picked":["Bloodletting","Perfected Strike","Twin Strike"],"picked":"Battle Trance","floor":14},{"not_picked":["Reaper","Immolate","Fiend Fire"],"picked":"Limit Break","floor":16},{"not_picked":["Ghostly Armor","Battle Trance","Wild Strike"],"picked":"Flex","floor":18},{"not_picked":["Armaments","Battle Trance","Evolve"],"picked":"True Grit+1","floor":20},{"not_picked":["Anger","Wild Strike","Feel No Pain"],"picked":"Warcry+1","floor":21},{"not_picked":["Blood for Blood","Warcry+1","Power Through"],"picked":"Spot Weakness","floor":24},{"not_picked":["Perfected Strike","Armaments","Iron Wave"],"picked":"Disarm","floor":27},{"not_picked":["Anger","Entrench","Uppercut+1","Wild Strike"],"picked":"SKIP","floor":29},{"not_picked":["Perfected Strike","Barricade","Pommel Strike","Warcry"],"picked":"SKIP","floor":30},{"not_picked":["Reckless Charge","Rampage+1","Body Slam","Fire Breathing"],"picked":"SKIP","floor":35},{"not_picked":["Warcry+1","Second Wind+1","Blood for Blood+1"],"picked":"Bloodletting+1","floor":42}],"player_experience":147337,"relics_obtained":[{"floor":9,"key":"Pantograph"},{"floor":24,"key":"Bottled Tornado"},{"floor":26,"key":"Oddly Smooth Stone"},{"floor":30,"key":"Tiny Chest"},{"floor":39,"key":"Toxic Egg 2"},{"floor":42,"key":"Gremlin Horn"},{"floor":43,"key":"PreservedInsect"}],"event_choices":[{"damage_healed":0,"gold_gain":100,"player_choice":"Pray","damage_taken":0,"max_hp_gain":0,"max_hp_loss":0,"event_name":"Golden Shrine","floor":2,"gold_loss":0},{"damage_healed":0,"gold_gain":0,"player_choice":"Success","damage_taken":18,"relics_obtained":["Question Card"],"max_hp_gain":0,"max_hp_loss":0,"event_name":"Scrap Ooze","floor":5,"gold_loss":0},{"damage_healed":0,"gold_gain":0,"player_choice":"Got Potions","damage_taken":0,"max_hp_gain":0,"max_hp_loss":0,"event_name":"Lab","floor":12,"gold_loss":0},{"damage_healed":0,"gold_gain":0,"player_choice":"Ignored","damage_taken":0,"max_hp_gain":0,"max_hp_loss":0,"event_name":"Cursed Tome","floor":19,"gold_loss":0},{"damage_healed":0,"gold_gain":0,"player_choice":"Ignored","damage_taken":0,"max_hp_gain":0,"max_hp_loss":0,"event_name":"The Mausoleum","floor":31,"gold_loss":0},{"cards_removed":["Defend_R"],"damage_healed":0,"gold_gain":0,"player_choice":"Removed Skill","damage_taken":0,"max_hp_gain":0,"max_hp_loss":0,"event_name":"Falling","floor":36,"gold_loss":0},{"damage_healed":0,"gold_gain":0,"player_choice":"Ignored","damage_taken":0,"max_hp_gain":0,"max_hp_loss":0,"event_name":"Tomb of Lord Red Mask","floor":37,"gold_loss":0},{"damage_healed":0,"gold_gain":0,"player_choice":"Ignored","damage_taken":0,"max_hp_gain":0,"max_hp_loss":0,"event_name":"Mysterious Sphere","floor":38,"gold_loss":0}],"is_beta":false,"boss_relics":[{"not_picked":["Velvet Choker","Snecko Eye"],"picked":"Sozu"},{"not_picked":["Lizard Tail","Cursed Key"],"picked":"Runic Pyramid"}],"items_purged_floors":[4,11,22,28,41],"is_endless":false,"potions_floor_spawned":[1,10,13,16,20,27,29,33,35,42],"killed_by":"Reptomancer","ascension_level":7}