{"gold_per_floor":[110,127,127,144,155,155,173,193,216,250,262,291,317,349,361,471,533,564,576,599,536,561,573,585],"floor_reached":24,"playtime":6075,"items_purged":[],"score":214,"play_id":"6cdc217b-4f25-43c8-8621-35628aee3231","local_time":"20190202171354","is_ascension_mode":true,"campfire_choices":[{"data":"Neutralize","floor":6,"key":"SMITH"},{"data":"Bouncing Flask","floor":11,"key":"SMITH"},{"floor":15,"key":"REST"},{"floor":23,"key":"REST"}],"neow_cost":"NONE","seed_source_timestamp":181576301942284,"circlet_count":0,"master_deck":["Defend_G","Defend_G","Defend_G","Defend_G","Strike_G","Strike_G","Strike_G","Strike_G","Survivor","Neutralize+1","Backflip","Deadly Poison","Flying Knee","Bouncing Flask+1","Well Laid Plans+1","Dash","Dagger Spray","Backflip","Footwork","Poisoned Stab","Adrenaline","Noxious Fumes","Bane","Heel Hook","Flying Knee"],"relics":["Ring of the Snake","Smiling Mask","MawBank","Tiny House","Blood Vial"],"potions_floor_usage":[10,16,16,20],"damage_taken":[{"damage":1,"enemies":"Jaw Worm","floor":1,"turns":7},{"damage":6,"enemies":"2 Louse","floor":2,"turns":3},{"damage":0,"enemies":"Small Slimes","floor":4,"turns":3},{"damage":5,"enemies":"Looter","floor":5,"turns":3},{"damage":2,"enemies":"3 Louse","floor":7,"turns":3},{"damage":0,"enemies":"Red Slaver","floor":8,"turns":4},{"damage":14,"enemies":"3 Sentries","floor":10,"turns":6},{"damage":12,"enemies":"Exordium Wildlife","floor":12,"turns":4},{"damage":6,"enemies":"2 Fungi Beasts","floor":13,"turns":4},{"damage":3,"enemies":"Red Slaver","floor":14,"turns":4},{"damage":47,"enemies":"Slime Boss","floor":16,"turns":12},{"damage":0,"enemies":"Chosen","floor":18,"turns":5},{"damage":34,"enemies":"2 Thieves","floor":20,"turns":4},{"damage":22,"enemies":"3 Cultists","floor":22,"turns":6},{"damage":51,"enemies":"Gremlin Leader","floor":24,"turns":4}],"seed_played":"-4237493052717010338","potions_obtained":[{"floor":1,"key":"Strength Potion"},{"floor":5,"key":"PowerPotion"},{"floor":10,"key":"FairyPotion"},{"floor":12,"key":"Weak Potion"},{"floor":17,"key":"Explosive Potion"},{"floor":18,"key":"SteroidPotion"}],"is_trial":false,"path_per_floor":["?","?","?"],"character_chosen":"THE_SILENT","items_purchased":[],"campfire_rested":2,"item_purchase_floors":[],"current_hp_per_floor":[69,63,56,56,51,51,49,49,49,35,35,23,17,14,35,1,75,75,75,41,41,21,43,0],"gold":585,"neow_bonus":"TRANSFORM_CARD","is_prod":false,"is_daily":false,"chose_seed":false,"campfire_upgraded":2,"win_rate":0,"timestamp":1549124034,"path_taken":["M","M","?","M","M","R","M","M","T","E","R","M","M","M","R","BOSS","M","?","M","?","M","R","E"],"build_version":"2019-01-23","purchased_purges":0,"victory":false,"max_hp_per_floor":[70,70,70,70,70,70,70,70,70,70,70,70,70,70,70,70,75,75,75,75,75,75,75,75],"card_choices":[{"not_picked":["Sucker Punch","Quick Slash"],"picked":"Deadly Poison","floor":1},{"not_picked":["Leg Sweep","Deadly Poison"],"picked":"Flying Knee","floor":2},{"not_picked":["Infinite Blades","Outmaneuver"],"picked":"Bouncing Flask","floor":4},{"not_picked":["Dagger Throw","Tactician"],"picked":"Well Laid Plans","floor":5},{"not_picked":["Underhanded Strike","Caltrops"],"picked":"Dash","floor":7},{"not_picked":["Storm of Steel","Predator"],"picked":"Dagger Spray","floor":8},{"not_picked":["Reflex","Flechettes"],"picked":"Backflip","floor":10},{"not_picked":["Poisoned Stab","Deadly Poison"],"picked":"Footwork","floor":12},{"not_picked":["Deadly Poison","Dagger Throw"],"picked":"Poisoned Stab","floor":13},{"not_picked":["Quick Slash","Phantasmal Killer","Dagger Spray"],"picked":"SKIP","floor":14},{"not_picked":["Glass Knife","Storm of Steel"],"picked":"Adrenaline","floor":16},{"not_picked":["Underhanded Strike","Eviscerate"],"picked":"Noxious Fumes","floor":17},{"not_picked":["PiercingWail+1","Acrobatics"],"picked":"Bane","floor":18},{"not_picked":["Dagger Spray","Slice"],"picked":"Heel Hook","floor":20},{"not_picked":["Skewer","Bane"],"picked":"Flying Knee","floor":22}],"player_experience":148501,"relics_obtained":[{"floor":9,"key":"Smiling Mask"},{"floor":10,"key":"MawBank"}],"event_choices":[{"cards_removed":["Defend_G"],"damage_healed":0,"gold_gain":0,"player_choice":"Card Removal","damage_taken":7,"max_hp_gain":0,"max_hp_loss":0,"event_name":"Golden Wing","floor":3,"gold_loss":0},{"damage_healed":0,"gold_gain":0,"player_choice":"Opened","damage_taken":0,"relics_obtained":["Blood Vial"],"max_hp_gain":0,"max_hp_loss":0,"event_name":"The Mausoleum","floor":19,"gold_loss":0,"cards_obtained":["Writhe"]},{"cards_removed":["Writhe"],"damage_healed":0,"gold_gain":0,"player_choice":"Gave Gold","damage_taken":0,"max_hp_gain":0,"max_hp_loss":0,"event_name":"Beggar","floor":21,"gold_loss":75}],"is_beta":false,"boss_relics":[{"not_picked":["Lizard Tail","Cursed Key"],"picked":"Tiny House"}],"items_purged_floors":[],"is_endless":false,"potions_floor_spawned":[1,5,10,12,18],"killed_by":"Gremlin Leader","ascension_level":1}