{"gold_per_floor":[19,31,47,47,47,47,20,20,20,20,20,31,66,81,81,176,176,192,46,65,75,87,87],"floor_reached":23,"playtime":710,"items_purged":["Defend_R"],"score":308,"play_id":"4f0d2cf8-2a08-4ab8-ac3b-90cf28eb38bf","local_time":"20181117010443","is_ascension_mode":true,"campfire_choices":[{"data":"Clash","floor":6,"key":"SMITH"},{"data":"Intimidate","floor":10,"key":"SMITH"},{"data":"Flex","floor":15,"key":"SMITH"}],"neow_cost":"NO_GOLD","seed_source_timestamp":23458080296673,"circlet_count":0,"master_deck":["Strike_R","Strike_R","Strike_R","Strike_R","Strike_R","Defend_R","Defend_R","Defend_R","Bash","Rage","Clash+1","Intimidate+1","Flex+1","Feed","Feel No Pain","Rage+1"],"relics":["Burning Blood","Unceasing Top","Bird Faced Urn","Pantograph","Gremlin Horn","Busted Crown"],"potions_floor_usage":[4,14,16,22,23],"damage_taken":[{"damage":5,"enemies":"Small Slimes","floor":1,"turns":6},{"damage":0,"enemies":"2 Louse","floor":2,"turns":3},{"damage":2,"enemies":"Jaw Worm","floor":3,"turns":3},{"damage":0,"enemies":"Gremlin Gang","floor":4,"turns":1},{"damage":15,"enemies":"Exordium Thugs","floor":12,"turns":6},{"damage":31,"enemies":"3 Sentries","floor":13,"turns":11},{"damage":0,"enemies":"3 Louse","floor":14,"turns":2},{"damage":62,"enemies":"The Guardian","floor":16,"turns":14},{"damage":0,"enemies":"Shell Parasite","floor":18,"turns":4},{"damage":7,"enemies":"Spheric Guardian","floor":20,"turns":4},{"damage":12,"enemies":"Snake Plant","floor":21,"turns":4},{"damage":42,"enemies":"Cultist and Chosen","floor":22,"turns":8},{"damage":55,"enemies":"Slavers","floor":23,"turns":9}],"seed_played":"2760279371403529920","potions_obtained":[{"floor":1,"key":"Ancient Potion"},{"floor":2,"key":"SmokeBomb"},{"floor":13,"key":"Fruit Juice"},{"floor":14,"key":"SkillPotion"},{"floor":20,"key":"Energy Potion"},{"floor":21,"key":"PowerPotion"}],"is_trial":false,"path_per_floor":["M","M","M","M","?","R","?","?","T","R","?","M","E","M","R","B",null,"M","$","M","M","M","E"],"character_chosen":"IRONCLAD","items_purchased":["Feel No Pain"],"campfire_rested":0,"item_purchase_floors":[19],"current_hp_per_floor":[73,79,80,80,73,73,73,73,73,73,78,69,44,55,55,24,74,80,80,84,83,51,0],"gold":87,"neow_bonus":"ONE_RARE_RELIC","is_prod":false,"is_daily":false,"chose_seed":false,"campfire_upgraded":3,"win_rate":0,"timestamp":1542416683,"path_taken":["M","M","M","M","?","R","?","?","T","R","?","?","E","M","R","BOSS","M","$","M","M","M","E"],"build_version":"2018-11-15","purchased_purges":1,"victory":false,"max_hp_per_floor":[80,80,80,80,80,80,80,80,80,80,85,85,85,90,90,90,90,90,90,93,96,96,96],"card_choices":[{"not_picked":["Dropkick","Metallicize"],"picked":"Rage","floor":1},{"not_picked":["Clothesline","Hemokinesis"],"picked":"Clash","floor":2},{"not_picked":["Perfected Strike","Second Wind"],"picked":"Intimidate","floor":3},{"not_picked":["Reckless Charge","Feel No Pain","Perfected Strike"],"picked":"SKIP","floor":12},{"not_picked":["Combust","Blood for Blood"],"picked":"Flex","floor":13},{"not_picked":["Hemokinesis","Twin Strike","True Grit"],"picked":"SKIP","floor":14},{"not_picked":["Bludgeon","Impervious"],"picked":"Feed","floor":16},{"not_picked":["Perfected Strike+1"],"picked":"SKIP","floor":18},{"not_picked":["Pommel Strike"],"picked":"SKIP","floor":20},{"not_picked":["Clothesline+1"],"picked":"SKIP","floor":21},{"not_picked":[],"picked":"Rage+1","floor":22}],"player_experience":181615,"relics_obtained":[{"floor":9,"key":"Pantograph"},{"floor":13,"key":"Gremlin Horn"}],"event_choices":[{"damage_healed":0,"gold_gain":0,"player_choice":"Success","damage_taken":7,"relics_obtained":["Bird Faced Urn"],"max_hp_gain":0,"max_hp_loss":0,"event_name":"Scrap Ooze","floor":5,"gold_loss":0},{"damage_healed":0,"gold_gain":0,"player_choice":"Left Gold","damage_taken":0,"max_hp_gain":0,"max_hp_loss":0,"event_name":"World of Goop","floor":7,"gold_loss":27},{"damage_healed":0,"gold_gain":0,"player_choice":"Ignored","damage_taken":0,"max_hp_gain":0,"max_hp_loss":0,"event_name":"Liars Game","floor":8,"gold_loss":0},{"damage_healed":0,"gold_gain":0,"player_choice":"Donut","damage_taken":0,"max_hp_gain":5,"max_hp_loss":0,"event_name":"Big Fish","floor":11,"gold_loss":0}],"is_beta":false,"boss_relics":[{"not_picked":["Eternal Feather","Black Star"],"picked":"Busted Crown"}],"items_purged_floors":[19],"is_endless":false,"potions_floor_spawned":[1,2,4,13,14,20,21],"killed_by":"Slavers","ascension_level":9}