{"gold_per_floor":[112,22,22,36,52,52,72,72,96,96,106,106,140,160,160,160],"floor_reached":16,"playtime":310,"items_purged":[],"score":163,"play_id":"e62daa10-fcee-4031-8142-154d03bf6b67","local_time":"20181127221439","is_ascension_mode":true,"campfire_choices":[{"data":"Pommel Strike","floor":6,"key":"SMITH"},{"data":"Fire Breathing","floor":8,"key":"SMITH"},{"data":"Offering","floor":10,"key":"SMITH"},{"data":"Shrug It Off","floor":12,"key":"SMITH"},{"data":"Inflame","floor":15,"key":"SMITH"}],"neow_cost":"NONE","seed_source_timestamp":14130671842616,"circlet_count":0,"master_deck":["AscendersBane","Strike_R","Strike_R","Strike_R","Strike_R","Strike_R","Defend_R","Defend_R","Defend_R","Defend_R","Bash","Offering+1","Bloodletting","Panacea+1","Shrug It Off+1","Pommel Strike+1","Fire Breathing+1","Headbutt","Inflame+1","Clash"],"relics":["Burning Blood","Anchor","PreservedInsect"],"potions_floor_usage":[13],"damage_taken":[{"damage":7,"enemies":"2 Louse","floor":1,"turns":3},{"damage":9,"enemies":"Cultist","floor":4,"turns":3},{"damage":19,"enemies":"Small Slimes","floor":5,"turns":5},{"damage":15,"enemies":"Looter","floor":7,"turns":3},{"damage":19,"enemies":"Exordium Thugs","floor":11,"turns":6},{"damage":25,"enemies":"Lagavulin","floor":13,"turns":6},{"damage":8,"enemies":"Blue Slaver","floor":14,"turns":3},{"damage":25,"enemies":"The Guardian","floor":16,"turns":2}],"seed_played":"-4026456195910190457","potions_obtained":[{"floor":1,"key":"Dexterity Potion"},{"floor":4,"key":"FearPotion"}],"is_trial":false,"path_per_floor":["M","$","?","M","M","R","M","R","T","R","M","R","E","M","R","B"],"character_chosen":"IRONCLAD","items_purchased":["Panacea"],"campfire_rested":0,"item_purchase_floors":[2],"current_hp_per_floor":[71,71,71,68,55,55,46,46,46,46,33,33,14,12,12,0],"gold":160,"neow_bonus":"ONE_RANDOM_RARE_CARD","is_prod":false,"is_daily":false,"chose_seed":false,"campfire_upgraded":5,"win_rate":0,"timestamp":1543356879,"path_taken":["M","$","?","M","?","R","M","R","T","R","M","R","E","M","R","BOSS"],"build_version":"2018-11-15","purchased_purges":0,"victory":false,"max_hp_per_floor":[80,80,80,80,80,80,80,80,80,80,80,80,80,80,80,80],"card_choices":[{"not_picked":["Shockwave","Combust"],"picked":"Bloodletting","floor":1},{"not_picked":["Body Slam","Cleave"],"picked":"Shrug It Off","floor":4},{"not_picked":["Inflame","Wild Strike"],"picked":"Pommel Strike","floor":5},{"not_picked":["Flame Barrier","True Grit"],"picked":"Fire Breathing","floor":7},{"not_picked":["Infernal Blade","Ghostly Armor"],"picked":"Headbutt","floor":11},{"not_picked":["True Grit","Shrug It Off"],"picked":"Inflame","floor":13},{"not_picked":["Heavy Blade","Dual Wield"],"picked":"Clash","floor":14}],"player_experience":214062,"relics_obtained":[{"floor":9,"key":"Anchor"},{"floor":13,"key":"PreservedInsect"}],"event_choices":[{"damage_healed":0,"gold_gain":0,"player_choice":"Forge","damage_taken":0,"max_hp_gain":0,"max_hp_loss":0,"event_name":"Accursed Blacksmith","floor":3,"gold_loss":0,"cards_upgraded":["Panacea"]}],"is_beta":false,"boss_relics":[],"items_purged_floors":[],"is_endless":false,"potions_floor_spawned":[1,4,11],"killed_by":"The Guardian","ascension_level":12}