{"gold_per_floor":[118,118,43,43,111,111,144,144,196,230,250,270,270,313,313,411,411,424,424,339,364,364,379,379,418,441,441,115,156,156,174,174,174],"floor_reached":33,"playtime":1970,"items_purged":["Injury"],"score":711,"play_id":"e17d3c2b-9990-4263-8172-0c9da67c11e5","local_time":"20190124011629","is_ascension_mode":true,"campfire_choices":[{"data":"Bash","floor":6,"key":"SMITH"},{"data":"Carnage","floor":8,"key":"SMITH"},{"data":"Shockwave","floor":13,"key":"SMITH"},{"data":"Iron Wave","floor":15,"key":"SMITH"},{"data":"Barricade","floor":24,"key":"SMITH"},{"floor":30,"key":"DIG"},{"data":"1","floor":32,"key":"LIFT"}],"neow_cost":"NONE","seed_source_timestamp":1149661423433974,"circlet_count":0,"master_deck":["AscendersBane","Strike_R","Strike_R","Strike_R","Strike_R","Defend_R","Defend_R","Defend_R","Defend_R","Bash+1","Clash","Carnage+1","Iron Wave+1","Shockwave+1","Shrug It Off","Barricade+1","RitualDagger","Immolate","PanicButton"],"relics":["Burning Blood","NeowsBlessing","Golden Idol","Charon\u0027s Ashes","Centennial Puzzle","Ancient Tea Set","Juzu Bracelet","Busted Crown","Letter Opener","Potion Belt","Regal Pillow","ClockworkSouvenir","Shovel","Girya"],"potions_floor_usage":[14,25,29,33,33],"damage_taken":[{"damage":0,"enemies":"Cultist","floor":1,"turns":1},{"damage":0,"enemies":"3 Sentries","floor":7,"turns":1},{"damage":0,"enemies":"Gremlin Nob","floor":10,"turns":1},{"damage":0,"enemies":"Small Slimes","floor":11,"turns":2},{"damage":9,"enemies":"2 Louse","floor":12,"turns":3},{"damage":25,"enemies":"Lagavulin","floor":14,"turns":4},{"damage":30,"enemies":"The Guardian","floor":16,"turns":11},{"damage":6,"enemies":"3 Byrds","floor":18,"turns":4},{"damage":20,"enemies":"Shell Parasite","floor":21,"turns":5},{"damage":13,"enemies":"Snake Plant","floor":23,"turns":4},{"damage":13,"enemies":"Book of Stabbing","floor":25,"turns":4},{"damage":0,"enemies":"Slavers","floor":29,"turns":2},{"damage":3,"enemies":"Centurion and Healer","floor":31,"turns":5},{"damage":74,"enemies":"Collector","floor":33,"turns":6}],"seed_played":"8698146876248407490","potions_obtained":[{"floor":7,"key":"BloodPotion"},{"floor":12,"key":"FearPotion"},{"floor":23,"key":"Explosive Potion"},{"floor":25,"key":"Fruit Juice"},{"floor":29,"key":"Ancient Potion"},{"floor":31,"key":"Dexterity Potion"}],"is_trial":false,"path_per_floor":["M","?","$","?","?","R","E","R","T","E","M","M","R","E","R","B",null,"M","?","?","M","?","M","R","E","T","?","$","E","R","M","R","B"],"character_chosen":"IRONCLAD","items_purchased":["ClockworkSouvenir","PanicButton"],"campfire_rested":0,"item_purchase_floors":[28,28],"current_hp_per_floor":[74,74,74,79,79,79,80,80,80,80,80,77,77,58,58,34,69,69,63,63,49,49,42,42,40,40,40,40,46,46,49,49,0],"gold":174,"neow_bonus":"THREE_ENEMY_KILL","is_prod":false,"is_daily":false,"chose_seed":false,"campfire_upgraded":5,"win_rate":0,"timestamp":1548321389,"path_taken":["M","?","$","?","?","R","E","R","T","E","M","M","R","E","R","BOSS","M","?","?","M","?","M","R","E","T","?","$","E","R","M","R","BOSS"],"build_version":"2019-01-23","purchased_purges":1,"victory":false,"max_hp_per_floor":[75,75,75,80,80,80,80,80,80,80,80,80,80,80,80,80,80,80,80,80,80,80,80,80,85,85,85,85,85,85,85,85,85],"card_choices":[{"not_picked":["Anger","Intimidate"],"picked":"Clash","floor":1},{"not_picked":["Clash","Clothesline"],"picked":"Carnage","floor":7},{"not_picked":["Searing Blow","Perfected Strike"],"picked":"Iron Wave","floor":10},{"not_picked":["True Grit","Burning Pact"],"picked":"Shockwave","floor":11},{"not_picked":["Havoc","Iron Wave"],"picked":"Shrug It Off","floor":12},{"not_picked":["Pommel Strike","Shockwave","Bloodletting"],"picked":"SKIP","floor":14},{"not_picked":["Feed","Juggernaut"],"picked":"Barricade","floor":16},{"not_picked":["Thunderclap"],"picked":"SKIP","floor":18},{"not_picked":["Twin Strike"],"picked":"SKIP","floor":21},{"not_picked":["Reckless Charge"],"picked":"SKIP","floor":23},{"not_picked":[],"picked":"Immolate","floor":25},{"not_picked":["Sentinel"],"picked":"SKIP","floor":29},{"not_picked":["Heavy Blade"],"picked":"SKIP","floor":31}],"player_experience":477123,"relics_obtained":[{"floor":7,"key":"Charon\u0027s Ashes"},{"floor":9,"key":"Centennial Puzzle"},{"floor":10,"key":"Ancient Tea Set"},{"floor":14,"key":"Juzu Bracelet"},{"floor":25,"key":"Potion Belt"},{"floor":26,"key":"Regal Pillow"},{"floor":29,"key":"Shovel"},{"floor":30,"key":"Girya"}],"event_choices":[{"damage_healed":0,"gold_gain":0,"player_choice":"Take Wound","damage_taken":0,"relics_obtained":["Golden Idol"],"max_hp_gain":0,"max_hp_loss":0,"event_name":"Golden Idol","floor":2,"gold_loss":0,"cards_obtained":["Injury"]},{"damage_healed":0,"gold_gain":0,"player_choice":"Donut","damage_taken":0,"max_hp_gain":5,"max_hp_loss":0,"event_name":"Big Fish","floor":4,"gold_loss":0},{"damage_healed":0,"gold_gain":68,"player_choice":"Gained Gold","damage_taken":0,"max_hp_gain":0,"max_hp_loss":0,"event_name":"Golden Wing","floor":5,"gold_loss":0},{"damage_healed":0,"gold_gain":0,"player_choice":"Joined the Cult","damage_taken":6,"max_hp_gain":0,"max_hp_loss":0,"event_name":"Nest","floor":19,"gold_loss":0,"cards_obtained":["RitualDagger"]},{"damage_healed":0,"gold_gain":0,"player_choice":"Obtained Relic","damage_taken":0,"relics_obtained":["Letter Opener"],"max_hp_gain":0,"max_hp_loss":0,"event_name":"Addict","floor":20,"gold_loss":85},{"damage_healed":0,"gold_gain":0,"player_choice":"Ignored","damage_taken":0,"max_hp_gain":0,"max_hp_loss":0,"event_name":"Ghosts","floor":22,"gold_loss":0},{"cards_removed":["Strike_R"],"damage_healed":0,"gold_gain":0,"player_choice":"Purged","damage_taken":0,"max_hp_gain":0,"max_hp_loss":0,"event_name":"Purifier","floor":27,"gold_loss":0}],"is_beta":false,"boss_relics":[{"not_picked":["Orrery","Mark of Pain"],"picked":"Busted Crown"}],"items_purged_floors":[3],"is_endless":false,"potions_floor_spawned":[7,12,23,25,29,31],"killed_by":"Collector","ascension_level":18}