{"gold_per_floor":[118,138,4,21,37,37,49,49,97,97,162,162,182,194,194,292,292,308,308,308,152,163,176,187,187,187,199,229,257,269,301,313,426,438,468,499,212,230,246,246,246,596,596,596,0,14,47,64,64,64],"floor_reached":51,"playtime":2006,"items_purged":["Strike_R","Strike_R"],"score":755,"play_id":"6f01aa1b-46a3-4afe-9bdf-b096d3169d53","local_time":"20180901150808","is_ascension_mode":false,"campfire_choices":[{"data":"Body Slam","floor":6,"key":"SMITH"},{"data":"Body Slam","floor":8,"key":"SMITH"},{"data":"Flash of Steel","floor":12,"key":"SMITH"},{"data":"Disarm","floor":15,"key":"SMITH"},{"data":"Barricade","floor":27,"key":"SMITH"},{"data":"Burning Pact","floor":32,"key":"SMITH"},{"data":"Shrug It Off","floor":41,"key":"SMITH"},{"data":"Feel No Pain","floor":49,"key":"SMITH"}],"neow_cost":"","seed_source_timestamp":76780197604063,"circlet_count":0,"master_deck":["Defend_R","Defend_R+1","Defend_R","Defend_R","Bash","Body Slam+1","Flash of Steel+1","Flame Barrier+1","Body Slam+1","Shrug It Off+1","Iron Wave","Disarm+1","Barricade+1","Armaments+1","Double Tap+1","Feel No Pain+1","Bloodletting","Metallicize","Burning Pact+1","Warcry","True Grit+1","Feel No Pain+1","Power Through+1","Shockwave","Intimidate"],"relics":["Burning Blood","Bronze Scales","Bottled Lightning","Letter Opener","Astrolabe","MutagenicStrength","Potion Belt","MawBank","Mark of Pain","Medical Kit","Old Coin","Dodecahedron","Red Mask","War Paint"],"potions_floor_usage":[16,28,33,33,38,38,38,38,38,40,47,47,50,50,50],"damage_taken":[{"damage":6,"enemies":"Cultist","floor":1,"turns":3},{"damage":9,"enemies":"Jaw Worm","floor":2,"turns":4},{"damage":5,"enemies":"Small Slimes","floor":4,"turns":3},{"damage":17,"enemies":"Looter","floor":5,"turns":4},{"damage":1,"enemies":"Red Slaver","floor":7,"turns":4},{"damage":12,"enemies":"Gremlin Nob","floor":11,"turns":4},{"damage":6,"enemies":"Exordium Thugs","floor":13,"turns":5},{"damage":2,"enemies":"3 Louse","floor":14,"turns":2},{"damage":21,"enemies":"The Guardian","floor":16,"turns":13},{"damage":0,"enemies":"Shell Parasite","floor":18,"turns":5},{"damage":0,"enemies":"3 Byrds","floor":22,"turns":3},{"damage":0,"enemies":"Snecko","floor":23,"turns":7},{"damage":10,"enemies":"Shelled Parasite and Fungi","floor":24,"turns":7},{"damage":14,"enemies":"Centurion and Healer","floor":28,"turns":9},{"damage":3,"enemies":"Chosen and Byrds","floor":29,"turns":6},{"damage":11,"enemies":"Sentry and Sphere","floor":31,"turns":6},{"damage":16,"enemies":"Champ","floor":33,"turns":8},{"damage":5,"enemies":"Orb Walker","floor":35,"turns":5},{"damage":4,"enemies":"3 Shapes","floor":36,"turns":5},{"damage":2,"enemies":"Reptomancer","floor":38,"turns":5},{"damage":37,"enemies":"Transient","floor":39,"turns":5},{"damage":16,"enemies":"2 Orb Walkers","floor":40,"turns":3},{"damage":29,"enemies":"Mysterious Sphere","floor":42,"turns":8},{"damage":0,"enemies":"Sphere and 2 Shapes","floor":46,"turns":8},{"damage":6,"enemies":"Nemesis","floor":47,"turns":7},{"damage":0,"enemies":"4 Shapes","floor":48,"turns":8},{"damage":14,"enemies":"Awakened One","floor":50,"turns":9}],"seed_played":"9206093371074863489","potions_obtained":[{"floor":4,"key":"LiquidBronze"},{"floor":5,"key":"PowerPotion"},{"floor":7,"key":"Ancient Potion"},{"floor":14,"key":"EntropicBrew"},{"floor":22,"key":"SpeedPotion"},{"floor":31,"key":"Dexterity Potion"},{"floor":33,"key":"Energy Potion"},{"floor":36,"key":"LiquidBronze"},{"floor":39,"key":"SmokeBomb"},{"floor":42,"key":"Block Potion"},{"floor":46,"key":"Ancient Potion"}],"is_trial":false,"path_per_floor":["M","M","$","M","M","R","M","R","T","T","?","R","M","M","R","B",null,"M","?","?","$","M","M","M","?","T","R","M","M","?","M","R","B",null,"M","M","$","M","M","E","R","?","T","?","?","M","E","M","R","B"],"character_chosen":"IRONCLAD","items_purchased":["Flash of Steel","Flame Barrier","Metallicize","Medical Kit"],"campfire_rested":0,"item_purchase_floors":[3,3,21,37],"current_hp_per_floor":[80,77,77,78,67,67,72,72,72,72,66,66,66,70,70,55,80,80,80,80,80,80,80,76,76,76,76,68,71,71,66,66,56,80,80,80,80,80,49,39,39,16,16,70,70,70,70,70,70,62],"gold":64,"neow_bonus":"","is_prod":false,"is_daily":false,"chose_seed":false,"campfire_upgraded":8,"win_rate":0.0,"timestamp":1535810888,"path_taken":["M","M","$","?","M","R","M","R","T","?","?","R","M","M","R","BOSS","M","?","?","$","M","M","M","?","T","R","M","?","?","M","R","BOSS","M","M","$","M","?","E","R","?","T","?","?","?","E","M","R","BOSS"],"build_version":"2018-08-30","purchased_purges":2,"victory":true,"max_hp_per_floor":[80,80,80,80,80,80,80,80,80,80,80,80,80,80,80,80,80,80,80,80,80,80,80,80,80,80,80,80,80,80,80,80,80,80,80,80,80,80,80,80,80,80,80,70,70,70,70,70,70,70],"card_choices":[{"not_picked":["Carnage","Reckless Charge"],"picked":"Body Slam","floor":1},{"not_picked":["Anger","Carnage","Infernal Blade"],"picked":"SKIP","floor":2},{"not_picked":["Flame Barrier","Pommel Strike"],"picked":"Body Slam","floor":4},{"not_picked":["Warcry","Bludgeon","Pummel"],"picked":"SKIP","floor":5},{"not_picked":["Burning Pact","Flex"],"picked":"Shrug It Off","floor":7},{"not_picked":["Cleave","Flex"],"picked":"Iron Wave","floor":11},{"not_picked":["Cleave","Pommel Strike","Twin Strike"],"picked":"SKIP","floor":13},{"not_picked":["Rampage","Dropkick"],"picked":"Disarm","floor":14},{"not_picked":["Dark Embrace","Impervious"],"picked":"Barricade","floor":16},{"not_picked":["Sword Boomerang","Warcry","Body Slam"],"picked":"SKIP","floor":18},{"not_picked":["Twin Strike","Thunderclap+1","Headbutt"],"picked":"SKIP","floor":22},{"not_picked":["Sword Boomerang","Anger"],"picked":"Burning Pact","floor":23},{"not_picked":["Cleave","Double Tap"],"picked":"Warcry","floor":24},{"not_picked":["Perfected Strike+1","Shrug It Off+1"],"picked":"True Grit+1","floor":28},{"not_picked":["Anger","Twin Strike","Armaments+1"],"picked":"SKIP","floor":29},{"not_picked":["True Grit","Body Slam+1","Thunderclap"],"picked":"SKIP","floor":31},{"not_picked":["Twin Strike","Cleave+1","Iron Wave+1"],"picked":"SKIP","floor":35},{"not_picked":["Blood for Blood","Clothesline+1","Clash+1"],"picked":"SKIP","floor":36},{"not_picked":["Bloodletting+1","Carnage","Inflame"],"picked":"SKIP","floor":38},{"not_picked":["Rage","Perfected Strike"],"picked":"Feel No Pain","floor":39},{"not_picked":["Feel No Pain","Second Wind+1"],"picked":"Power Through+1","floor":42},{"not_picked":["Warcry","Fiend Fire","Headbutt+1"],"picked":"SKIP","floor":46},{"not_picked":["Inflame+1","Intimidate"],"picked":"Shockwave","floor":47},{"not_picked":["Shockwave+1","Bloodletting"],"picked":"Intimidate","floor":48}],"player_experience":0,"relics_obtained":[{"floor":9,"key":"Bronze Scales"},{"floor":10,"key":"Bottled Lightning"},{"floor":26,"key":"MawBank"},{"floor":42,"key":"Old Coin"},{"floor":43,"key":"Dodecahedron"},{"floor":47,"key":"War Paint"}],"event_choices":[{"event_name":"Dead Adventurer","player_choice":"Searched \u00272\u0027 times","floor":11,"damage_taken":0},{"event_name":"Drug Dealer","player_choice":"Inject Mutagens","floor":19,"damage_taken":0},{"event_name":"The Library","player_choice":"Read","floor":20,"damage_taken":0},{"event_name":"The Mausoleum","player_choice":"Yes","floor":25,"damage_taken":0},{"event_name":"Fountain of Cleansing","player_choice":"Removed Curse","floor":30,"damage_taken":0},{"event_name":"Mysterious Sphere","player_choice":"Fight","floor":42,"damage_taken":0},{"event_name":"The Moai Head","player_choice":"Heal","floor":44,"damage_taken":0},{"event_name":"Tomb of Lord Red Mask","player_choice":"Paid","floor":45,"damage_taken":0}],"is_beta":false,"boss_relics":[{"not_picked":["White Beast Statue","Orrery"],"picked":"Astrolabe"},{"not_picked":["Tiny House","Black Star"],"picked":"Mark of Pain"}],"items_purged_floors":[21,37],"is_endless":false,"potions_floor_spawned":[4,5,7,14,22,24,31,33,36,39,42,46],"ascension_level":0}