{"gold_per_floor":[362,362,374,374,16,16,86,102,175,191,191,61,61,104,104,193,193,178,93,116,161,84,84,127,127,127,127,127,145,158,1,1,99,99,114,14,14,14,38,38,59,59,59,102,123,166,182,223,223,223,223,223,223,1,36,36],"floor_reached":57,"playtime":2735,"items_purged":["Strike_G","Strike_G+1"],"score":2932,"play_id":"5e6b1ea0-ad31-4395-a219-e0c977339c47","local_time":"20190205042123","is_ascension_mode":true,"campfire_choices":[{"data":"Noxious Fumes","floor":6.0,"key":"SMITH"},{"floor":13.0,"key":"REST"},{"data":"Footwork","floor":15.0,"key":"SMITH"},{"data":"Wraith Form v2","floor":23.0,"key":"SMITH"},{"floor":25.0,"key":"REST"},{"data":"Catalyst","floor":28.0,"key":"SMITH"},{"floor":32.0,"key":"REST"},{"data":"Apotheosis","floor":40.0,"key":"SMITH"},{"floor":42.0,"key":"RECALL"},{"floor":49.0,"key":"REST"},{"data":"Malaise","floor":53.0,"key":"SMITH"}],"neow_cost":"TEN_PERCENT_HP_LOSS","seed_source_timestamp":2157760524735104,"circlet_count":0,"master_deck":["AscendersBane","Defend_G","Defend_G","Defend_G","Defend_G+1","Defend_G","Strike_G+1","Strike_G+1","Survivor","Neutralize","Poisoned Stab","Noxious Fumes+1","Quick Slash","Poisoned Stab","Footwork+1","PiercingWail","Wraith Form v2+1","PiercingWail","Backflip","Well Laid Plans","PiercingWail","Catalyst+1","Catalyst","Malaise+1","Catalyst","Apotheosis+1","Deadly Poison","PiercingWail","Catalyst","Backflip","PiercingWail+1"],"special_seed":0,"relics":["Ring of the Snake","Golden Idol","Mummified Hand","Tiny Chest","Lantern","Sozu","Strawberry","Whetstone","Potion Belt","Frozen Egg 2","Bag of Preparation","Runic Pyramid","Molten Egg 2","The Courier","Boot","Anchor","Paper Crane","Pantograph","Vajra"],"potions_floor_usage":[],"damage_taken":[{"damage":9.0,"enemies":"Small Slimes","floor":1.0,"turns":8.0},{"damage":1.0,"enemies":"Jaw Worm","floor":3.0,"turns":5.0},{"damage":24.0,"enemies":"Gremlin Nob","floor":7.0,"turns":4.0},{"damage":0.0,"enemies":"2 Louse","floor":8.0,"turns":2.0},{"damage":3.0,"enemies":"Blue Slaver","floor":10.0,"turns":4.0},{"damage":5.0,"enemies":"Lagavulin","floor":14.0,"turns":8.0},{"damage":10.0,"enemies":"The Guardian","floor":16.0,"turns":10.0},{"damage":1.0,"enemies":"2 Thieves","floor":18.0,"turns":4.0},{"damage":11.0,"enemies":"3 Byrds","floor":20.0,"turns":7.0},{"damage":8.0,"enemies":"Book of Stabbing","floor":24.0,"turns":7.0},{"damage":1.0,"enemies":"Shelled Parasite and Fungi","floor":29.0,"turns":6.0},{"damage":8.0,"enemies":"Cultist and Chosen","floor":30.0,"turns":8.0},{"damage":52.0,"enemies":"Collector","floor":33.0,"turns":10.0},{"damage":2.0,"enemies":"3 Darklings","floor":35.0,"turns":7.0},{"damage":1.0,"enemies":"Orb Walker","floor":39.0,"turns":4.0},{"damage":0.0,"enemies":"Transient","floor":41.0,"turns":6.0},{"damage":0.0,"enemies":"Giant Head","floor":44.0,"turns":5.0},{"damage":0.0,"enemies":"4 Shapes","floor":45.0,"turns":6.0},{"damage":1.0,"enemies":"Nemesis","floor":46.0,"turns":5.0},{"damage":0.0,"enemies":"Maw","floor":47.0,"turns":4.0},{"damage":0.0,"enemies":"Reptomancer","floor":48.0,"turns":4.0},{"damage":17.0,"enemies":"Donu and Deca","floor":50.0,"turns":9.0},{"damage":1.0,"enemies":"Time Eater","floor":51.0,"turns":8.0},{"damage":0.0,"enemies":"Shield and Spear","floor":55.0,"turns":5.0},{"damage":41,"enemies":"The Heart","floor":56,"turns":9}],"seed_played":"-97383038851545905","potions_obtained":[{"floor":3.0,"key":"Weak Potion"},{"floor":7.0,"key":"AttackPotion"},{"floor":14.0,"key":"Dexterity Potion"},{"floor":16.0,"key":"PowerPotion"}],"is_trial":false,"path_per_floor":["M","?","M","?","$","R","E","M","T","M","?","$","R","E","R","B",null,"M","?","M","T","$","R","E","R","T","?","R","M","M","$","R","B",null,"M","$","?","T","M","R","M","R","T","E","M","E","M","E","R","B","B",null,"R","$","E","B",null],"character_chosen":"THE_SILENT","items_purchased":["Mummified Hand","Noxious Fumes","SkillPotion","Well Laid Plans","Bag of Preparation","Pantograph"],"campfire_rested":4,"item_purchase_floors":[5,5,12,22,31,54],"current_hp_per_floor":[50,32,31,31,31,31,7,7,7,4,4,4,20,15,15,5,42,41,48,37,37,37,37,29,47,47,47,47,46,38,38,56,4,47,45,45,45,45,44,44,44,44,44,44,44,43,43,43,61,44,43,57,57,57,57,20],"gold":36,"neow_bonus":"TWO_FIFTY_GOLD","is_prod":false,"is_daily":false,"chose_seed":false,"campfire_upgraded":6,"win_rate":0,"timestamp":1549336883,"path_taken":["M","?","M","?","$","R","E","M","T","M","?","?","R","E","R","BOSS","M","?","M","?","?","R","E","R","T","?","R","M","?","$","R","BOSS","M","$","?","?","M","R","M","R","T","E","M","E","M","E","R","BOSS","BOSS","R","$","E","BOSS"],"build_version":"2019-01-23","purchased_purges":2,"victory":true,"max_hp_per_floor":[60,60,60,54,54,54,54,54,54,54,54,54,54,54,54,54,54,54,61,61,61,61,61,61,61,61,61,61,61,61,61,61,61,61,61,61,61,61,61,61,61,61,61,61,61,61,61,61,61,61,61,61,61,61,61,61],"card_choices":[{"not_picked":["Acrobatics","Slice","Underhanded Strike"],"picked":"SKIP","floor":1.0},{"not_picked":["Outmaneuver","Flying Knee"],"picked":"Poisoned Stab","floor":3.0},{"not_picked":["Predator","Burst"],"picked":"Quick Slash","floor":7.0},{"not_picked":["Dodge and Roll","Acrobatics"],"picked":"Poisoned Stab","floor":8.0},{"not_picked":["PiercingWail","Dagger Throw"],"picked":"Footwork","floor":10.0},{"not_picked":["Calculated Gamble","Backflip"],"picked":"PiercingWail","floor":14.0},{"not_picked":["Doppelganger","Tools of the Trade"],"picked":"Wraith Form v2","floor":16.0},{"not_picked":["Cloak And Dagger","Dagger Throw"],"picked":"PiercingWail","floor":18.0},{"not_picked":["Bouncing Flask","Dodge and Roll"],"picked":"Backflip","floor":20.0},{"not_picked":["Grand Finale","Escape Plan"],"picked":"PiercingWail","floor":24.0},{"not_picked":["Outmaneuver","Underhanded Strike","All Out Attack"],"picked":"SKIP","floor":29.0},{"not_picked":["Finisher","Skewer"],"picked":"Catalyst","floor":30.0},{"not_picked":["Doppelganger","Venomology"],"picked":"Malaise","floor":33.0},{"not_picked":["Underhanded Strike","PiercingWail"],"picked":"Catalyst","floor":35.0},{"not_picked":["Transmutation","Enlightenment"],"picked":"Apotheosis","floor":37.0},{"not_picked":["Finisher+1","Terror","Choke+1"],"picked":"SKIP","floor":39.0},{"not_picked":["Quick Slash+1","Bane+1"],"picked":"Deadly Poison","floor":41.0},{"not_picked":["Cloak And Dagger","Choke+1","Poisoned Stab+1"],"picked":"SKIP","floor":44.0},{"not_picked":["All Out Attack+1","Eviscerate+1","Prepared"],"picked":"SKIP","floor":45.0},{"not_picked":["Reflex","Backstab+1"],"picked":"PiercingWail","floor":46.0},{"not_picked":["Acrobatics","Quick Slash+1"],"picked":"Catalyst","floor":47.0},{"not_picked":["Prepared","Venomology"],"picked":"Backflip","floor":48.0},{"not_picked":["Predator+1","Leg Sweep"],"picked":"PiercingWail+1","floor":55.0}],"player_experience":2900737,"relics_obtained":[{"floor":7.0,"key":"Tiny Chest"},{"floor":14.0,"key":"Lantern"},{"floor":21.0,"key":"Whetstone"},{"floor":24.0,"key":"Potion Belt"},{"floor":26.0,"key":"Frozen Egg 2"},{"floor":38.0,"key":"Molten Egg 2"},{"floor":43.0,"key":"The Courier"},{"floor":44.0,"key":"Boot"},{"floor":46.0,"key":"Anchor"},{"floor":48.0,"key":"Paper Crane"},{"floor":55.0,"key":"Vajra"}],"event_choices":[{"damage_healed":0.0,"max_hp_gain":0.0,"max_hp_loss":0.0,"gold_gain":0.0,"event_name":"Shining Light","player_choice":"Entered Light","floor":2.0,"gold_loss":0.0,"damage_taken":18.0,"cards_upgraded":["Strike_G","Defend_G"]},{"damage_healed":0.0,"max_hp_gain":0.0,"max_hp_loss":6.0,"gold_gain":0.0,"event_name":"Golden Idol","player_choice":"Lose Max HP","floor":4.0,"gold_loss":0.0,"damage_taken":0.0,"relics_obtained":["Golden Idol"]},{"damage_healed":0.0,"max_hp_gain":0.0,"max_hp_loss":0.0,"gold_gain":0.0,"event_name":"Liars Game","player_choice":"Ignored","floor":11.0,"gold_loss":0.0,"damage_taken":0.0},{"damage_healed":0.0,"max_hp_gain":0.0,"max_hp_loss":0.0,"gold_gain":0.0,"event_name":"Addict","player_choice":"Obtained Relic","floor":19.0,"gold_loss":85.0,"damage_taken":0.0,"relics_obtained":["Strawberry"]},{"damage_healed":0.0,"max_hp_gain":0.0,"max_hp_loss":0.0,"gold_gain":0.0,"cards_transformed":["Strike_G"],"event_name":"Transmorgrifier","player_choice":"Transformed","floor":27.0,"gold_loss":0.0,"damage_taken":0.0,"cards_obtained":["Catalyst"]},{"damage_healed":0.0,"max_hp_gain":0.0,"max_hp_loss":0.0,"gold_gain":0.0,"event_name":"SensoryStone","player_choice":"Memory 1","floor":37.0,"gold_loss":0.0,"damage_taken":0.0}],"is_beta":true,"boss_relics":[{"not_picked":["Philosopher\u0027s Stone","Tiny House"],"picked":"Sozu"},{"not_picked":["Lizard Tail","Orrery"],"picked":"Runic Pyramid"}],"items_purged_floors":[12,36],"is_endless":false,"potions_floor_spawned":[3,7,14,16,24,29,39,41,47,48],"ascension_level":20}