{"gold_per_floor":[110,110,110,60,79,79,96,96,96,96,122,122,153,164,164,164],"floor_reached":16,"playtime":282,"items_purged":[],"score":178,"play_id":"23282468-a75e-438f-b737-b8681d9e640b","local_time":"20181205011046","is_ascension_mode":true,"campfire_choices":[{"data":"Whirlwind","floor":6,"key":"SMITH"},{"data":"Shrug It Off","floor":10,"key":"SMITH"},{"data":"Spot Weakness","floor":12,"key":"SMITH"},{"floor":15,"key":"REST"}],"neow_cost":"NONE","seed_source_timestamp":2087710635143,"circlet_count":0,"master_deck":["AscendersBane","Strike_R","Strike_R","Strike_R","Defend_R","Defend_R","Defend_R","Bash","Shrug It Off+1","Whirlwind+1","Spot Weakness+1","Inflame","Feel No Pain"],"relics":["Burning Blood","NeowsBlessing","Letter Opener","Orichalcum","Shovel"],"potions_floor_usage":[11,16],"damage_taken":[{"damage":0,"enemies":"Small Slimes","floor":1,"turns":1},{"damage":0,"enemies":"Jaw Worm","floor":5,"turns":1},{"damage":0,"enemies":"2 Louse","floor":7,"turns":1},{"damage":39,"enemies":"Lagavulin","floor":11,"turns":8},{"damage":33,"enemies":"Gremlin Nob","floor":13,"turns":5},{"damage":12,"enemies":"Lots of Slimes","floor":14,"turns":3},{"damage":57,"enemies":"Slime Boss","floor":16,"turns":6}],"seed_played":"-1344891794247257575","potions_obtained":[{"floor":7,"key":"Block Potion"},{"floor":14,"key":"Explosive Potion"}],"is_trial":false,"path_per_floor":["M","?","?","?","M","R","M","?","T","R","E","R","E","M","R","B"],"character_chosen":"IRONCLAD","items_purchased":[],"campfire_rested":1,"item_purchase_floors":[],"current_hp_per_floor":[78,78,78,78,80,80,80,80,80,80,47,47,20,14,38,0],"gold":164,"neow_bonus":"THREE_ENEMY_KILL","is_prod":false,"is_daily":false,"chose_seed":false,"campfire_upgraded":3,"win_rate":0,"timestamp":1543972246,"path_taken":["M","?","?","?","M","R","M","?","T","R","E","R","E","M","R","BOSS"],"build_version":"2018-11-15","purchased_purges":0,"victory":false,"max_hp_per_floor":[80,80,80,80,80,80,80,80,80,80,80,80,80,80,80,80],"card_choices":[{"not_picked":["Heavy Blade","Sword Boomerang"],"picked":"Shrug It Off","floor":1},{"not_picked":["Perfected Strike","Sword Boomerang"],"picked":"Whirlwind","floor":5},{"not_picked":["Corruption","Clash","Anger"],"picked":"SKIP","floor":7},{"not_picked":["Whirlwind","Sentinel"],"picked":"Spot Weakness","floor":11},{"not_picked":["Headbutt","Exhume"],"picked":"Inflame","floor":13},{"not_picked":["Warcry","Headbutt"],"picked":"Feel No Pain","floor":14}],"player_experience":244646,"relics_obtained":[{"floor":9,"key":"Letter Opener"},{"floor":11,"key":"Orichalcum"},{"floor":13,"key":"Shovel"}],"event_choices":[{"damage_healed":0,"gold_gain":0,"player_choice":"Ignored","damage_taken":0,"max_hp_gain":0,"max_hp_loss":0,"event_name":"Liars Game","floor":2,"gold_loss":0},{"cards_removed":["Defend_R"],"damage_healed":0,"gold_gain":0,"player_choice":"Forget","damage_taken":0,"max_hp_gain":0,"max_hp_loss":0,"event_name":"Living Wall","floor":3,"gold_loss":0},{"cards_removed":["Strike_R"],"damage_healed":0,"gold_gain":0,"player_choice":"Card Removal","damage_taken":0,"max_hp_gain":0,"max_hp_loss":0,"event_name":"The Cleric","floor":4,"gold_loss":50},{"cards_removed":["Strike_R"],"damage_healed":0,"gold_gain":0,"player_choice":"Purged","damage_taken":0,"max_hp_gain":0,"max_hp_loss":0,"event_name":"Purifier","floor":8,"gold_loss":0}],"is_beta":false,"boss_relics":[],"items_purged_floors":[],"is_endless":false,"potions_floor_spawned":[7,14],"killed_by":"Slime Boss","ascension_level":13}