{"gold_per_floor":[115,125,125,50,65,65,93,93,93,121,0,25,25,45,45,146,146,160,160,173,190,34,53,53,73,73,73,73,73,73,98,98,197,197,208,222,235,44,44,44,56,88,88,388,402,427,442,13,13,13],"floor_reached":51,"playtime":4974,"items_purged":[],"score":740,"play_id":"67ca6446-54e2-4cf8-972c-95d3e6610e38","local_time":"20190113213732","is_ascension_mode":false,"campfire_choices":[{"data":"Bash","floor":6,"key":"SMITH"},{"data":"Pommel Strike","floor":13,"key":"SMITH"},{"data":"Armaments","floor":15,"key":"SMITH"},{"data":"Shrug It Off","floor":24,"key":"SMITH"},{"data":"Uppercut","floor":27,"key":"SMITH"},{"data":"1","floor":32,"key":"LIFT"},{"data":"2","floor":40,"key":"LIFT"},{"floor":49,"key":"REST"}],"neow_cost":"NONE","seed_source_timestamp":379205078769300,"circlet_count":0,"master_deck":["Strike_R+1","Strike_R+1","Strike_R","Defend_R","Defend_R+1","Defend_R","Bash+1","Shrug It Off","Anger","Battle Trance+1","Pommel Strike+1","Cleave","Uppercut+1","Armaments+1","Infernal Blade","Shrug It Off+1","Impervious","Wild Strike","Heavy Blade+1","Feed","Clothesline+1","Perfected Strike+1","Power Through","Whirlwind","Evolve","Disarm+1","Limit Break","Flex+1","Enlightenment","Impervious"],"relics":["Burning Blood","Lantern","Girya","Bag of Marbles","Paper Frog","Mark of Pain","Nloth\u0027s Gift","Bag of Preparation","Gremlin Horn","Omamori","NlothsMask","Dodecahedron","Empty Cage","War Paint","Centennial Puzzle","Red Skull"],"potions_floor_usage":[10,12,18,29,33,33,37,45,46,46,47,50,50],"damage_taken":[{"damage":6,"enemies":"Jaw Worm","floor":1,"turns":4},{"damage":0,"enemies":"Small Slimes","floor":2,"turns":3},{"damage":3,"enemies":"2 Louse","floor":5,"turns":4},{"damage":6,"enemies":"Gremlin Nob","floor":7,"turns":3},{"damage":23,"enemies":"Lagavulin","floor":10,"turns":4},{"damage":15,"enemies":"3 Sentries","floor":12,"turns":5},{"damage":0,"enemies":"Red Slaver","floor":14,"turns":2},{"damage":30,"enemies":"Slime Boss","floor":16,"turns":13},{"damage":3,"enemies":"2 Thieves","floor":18,"turns":4},{"damage":17,"enemies":"Spheric Guardian","floor":20,"turns":4},{"damage":11,"enemies":"Centurion and Healer","floor":21,"turns":7},{"damage":2,"enemies":"Chosen and Byrds","floor":23,"turns":4},{"damage":5,"enemies":"Shelled Parasite and Fungi","floor":25,"turns":6},{"damage":0,"enemies":"Slavers","floor":29,"turns":1},{"damage":0,"enemies":"Gremlin Leader","floor":31,"turns":2},{"damage":56,"enemies":"Champ","floor":33,"turns":12},{"damage":1,"enemies":"Orb Walker","floor":35,"turns":2},{"damage":2,"enemies":"3 Darklings","floor":36,"turns":3},{"damage":0,"enemies":"Transient","floor":37,"turns":5},{"damage":0,"enemies":"Sphere and 2 Shapes","floor":41,"turns":3},{"damage":6,"enemies":"Reptomancer","floor":42,"turns":5},{"damage":0,"enemies":"Spire Growth","floor":45,"turns":2},{"damage":15,"enemies":"Giant Head","floor":46,"turns":7},{"damage":25,"enemies":"Writhing Mass","floor":47,"turns":4},{"damage":27,"enemies":"Awakened One","floor":50,"turns":8}],"seed_played":"1502030938998485016","potions_obtained":[{"floor":2,"key":"SkillPotion"},{"floor":10,"key":"BloodPotion"},{"floor":14,"key":"Dexterity Potion"},{"floor":16,"key":"Regen Potion"},{"floor":21,"key":"SmokeBomb"},{"floor":31,"key":"GamblersBrew"},{"floor":35,"key":"Explosive Potion"},{"floor":42,"key":"SteroidPotion"},{"floor":45,"key":"SkillPotion"},{"floor":46,"key":"EssenceOfSteel"}],"is_trial":false,"path_per_floor":["M","M","?","$","M","R","E","?","T","E","$","E","R","M","R","B",null,"M","?","M","M","$","M","R","M","T","R","T","E","?","E","R","B",null,"M","M","M","$","?","R","M","E","T","?","M","E","M","$","R","B",null],"character_chosen":"IRONCLAD","items_purchased":["Battle Trance","Armaments","LiquidBronze","Bag of Preparation","Whirlwind","Swift Potion","LiquidBronze","Strength Potion","Red Skull","Enlightenment","Impervious"],"campfire_rested":1,"item_purchase_floors":[4,11,11,22,38,38,38,48,48,48,48],"current_hp_per_floor":[80,80,80,80,80,80,80,64,64,47,47,46,46,52,52,28,80,80,80,69,64,64,68,68,72,72,72,72,78,78,86,86,36,86,86,86,86,86,86,86,86,86,86,86,86,77,58,58,83,62],"gold":13,"neow_bonus":"RANDOM_COMMON_RELIC","is_prod":false,"is_daily":false,"chose_seed":false,"campfire_upgraded":5,"win_rate":0.0,"timestamp":1547433452,"path_taken":["M","M","?","$","M","R","E","?","T","E","$","E","R","M","R","BOSS","M","?","M","M","$","?","R","M","T","R","?","E","?","E","R","BOSS","M","?","M","$","?","R","M","E","T","?","?","E","M","$","R","BOSS"],"build_version":"2019-01-10","purchased_purges":0,"victory":true,"max_hp_per_floor":[80,80,80,80,80,80,80,80,80,80,80,80,80,80,80,80,80,80,80,80,80,80,80,80,83,83,83,83,83,83,86,86,86,86,86,86,86,86,86,86,86,86,86,86,86,86,86,86,86,86],"card_choices":[{"not_picked":["Clash","Infernal Blade"],"picked":"Shrug It Off","floor":1},{"not_picked":["Rage","Dropkick"],"picked":"Anger","floor":2},{"not_picked":["Thunderclap","Warcry"],"picked":"Pommel Strike","floor":5},{"not_picked":["Barricade","Wild Strike"],"picked":"Cleave","floor":7},{"not_picked":["Heavy Blade","Seeing Red","Sword Boomerang"],"picked":"Uppercut","floor":10},{"not_picked":["Clash","Combust","Second Wind"],"picked":"Infernal Blade","floor":12},{"not_picked":["Pommel Strike","Armaments","Burning Pact"],"picked":"Shrug It Off","floor":14},{"not_picked":["Barricade","Bludgeon","Double Tap"],"picked":"Impervious","floor":16},{"not_picked":["Clash","Body Slam","Fire Breathing+1"],"picked":"Wild Strike","floor":18},{"not_picked":["Thunderclap","Cleave"],"picked":"Heavy Blade+1","floor":20},{"not_picked":["Armaments","Sword Boomerang","Battle Trance+1"],"picked":"SKIP","floor":21},{"not_picked":["Heavy Blade","Warcry"],"picked":"Feed","floor":23},{"not_picked":["Headbutt","Feed"],"picked":"Clothesline+1","floor":25},{"not_picked":["Offering","Reaper"],"picked":"Perfected Strike+1","floor":31},{"not_picked":["Perfected Strike+1","Headbutt+1","Burning Pact+1"],"picked":"SKIP","floor":35},{"not_picked":["Body Slam+1","Twin Strike"],"picked":"Power Through","floor":36},{"not_picked":["Armaments","Clash","Searing Blow+1"],"picked":"SKIP","floor":37},{"not_picked":["Cleave","Warcry"],"picked":"Evolve","floor":41},{"not_picked":["Body Slam","Barricade","Shrug It Off+1"],"picked":"SKIP","floor":42},{"not_picked":["Wild Strike+1","Combust+1"],"picked":"Disarm+1","floor":45},{"not_picked":["Fire Breathing","Evolve+1"],"picked":"Limit Break","floor":46},{"not_picked":["Pommel Strike","Battle Trance"],"picked":"Flex+1","floor":47}],"player_experience":24797,"relics_obtained":[{"floor":7,"key":"Question Card"},{"floor":9,"key":"Girya"},{"floor":10,"key":"Bag of Marbles"},{"floor":12,"key":"Paper Frog"},{"floor":26,"key":"Gremlin Horn"},{"floor":28,"key":"Omamori"},{"floor":31,"key":"Dodecahedron"},{"floor":42,"key":"War Paint"},{"floor":46,"key":"Centennial Puzzle"}],"event_choices":[{"damage_healed":0,"gold_gain":0,"player_choice":"Ignored","damage_taken":0,"max_hp_gain":0,"max_hp_loss":0,"event_name":"Golden Wing","floor":3,"gold_loss":0},{"damage_healed":0,"gold_gain":0,"player_choice":"Entered Light","damage_taken":16,"max_hp_gain":0,"max_hp_loss":0,"event_name":"Shining Light","floor":8,"gold_loss":0,"cards_upgraded":["Strike_R","Strike_R"]},{"damage_healed":0,"gold_gain":0,"player_choice":"Traded Relic","damage_taken":0,"relics_obtained":["Nloth\u0027s Gift"],"max_hp_gain":0,"max_hp_loss":0,"event_name":"N\u0027loth","floor":19,"relics_lost":["Question Card"],"gold_loss":0},{"damage_healed":0,"gold_gain":0,"player_choice":"Trade","damage_taken":0,"relics_obtained":["NlothsMask"],"max_hp_gain":0,"max_hp_loss":0,"event_name":"FaceTrader","floor":30,"gold_loss":0},{"cards_removed":["Defend_R"],"damage_healed":0,"gold_gain":0,"player_choice":"Removed Skill","damage_taken":0,"max_hp_gain":0,"max_hp_loss":0,"event_name":"Falling","floor":39,"gold_loss":0},{"damage_healed":0,"gold_gain":300,"player_choice":"Gold","damage_taken":0,"max_hp_gain":0,"max_hp_loss":0,"event_name":"Wheel of Change","floor":44,"gold_loss":0}],"is_beta":false,"boss_relics":[{"not_picked":["Eternal Feather","Runic Cube"],"picked":"Mark of Pain"},{"not_picked":["Black Blood","Busted Crown"],"picked":"Empty Cage"}],"items_purged_floors":[],"is_endless":false,"potions_floor_spawned":[2,10,14,16,21,31,35,42,45,46],"ascension_level":0}