{"gold_per_floor":[12,24,43,100,120,120,150,150,177,193,117,137,137,163,163,264,264,284,209,128,47,64,98,98,125,125,125],"floor_reached":27,"playtime":1374,"items_purged":[],"score":364,"play_id":"640aac77-1302-451d-afc6-885ac7f7a177","local_time":"20190118022638","is_ascension_mode":true,"campfire_choices":[{"data":"Doom and Gloom","floor":6,"key":"SMITH"},{"data":"Dualcast","floor":8,"key":"SMITH"},{"floor":13,"key":"REST"},{"data":"Defragment","floor":15,"key":"SMITH"},{"floor":24,"key":"REST"}],"neow_cost":"NO_GOLD","seed_source_timestamp":82309032133876,"circlet_count":0,"master_deck":["Strike_B","Strike_B","Defend_B","Defend_B","Defend_B","Zap","Dualcast+1","Go for the Eyes","Doom and Gloom+1","Auto Shields","Storm","Sweeping Beam","Heatsinks","Heatsinks","Tempest","Defragment+1","Electrodynamics","Cold Snap+1","Heatsinks","Heatsinks","Seek+1","Steam+1"],"relics":["Cracked Core","Boot","Omamori","Blood Vial","Nuclear Battery","Toxic Egg 2","Molten Egg 2","Bottled Tornado"],"potions_floor_usage":[7,23,23,25,25],"damage_taken":[{"damage":0,"enemies":"2 Louse","floor":1,"turns":2},{"damage":2,"enemies":"Jaw Worm","floor":2,"turns":3},{"damage":0,"enemies":"Small Slimes","floor":3,"turns":2},{"damage":8,"enemies":"Looter","floor":5,"turns":3},{"damage":13,"enemies":"Gremlin Nob","floor":7,"turns":5},{"damage":0,"enemies":"Large Slime","floor":10,"turns":3},{"damage":5,"enemies":"Gremlin Gang","floor":12,"turns":3},{"damage":15,"enemies":"3 Sentries","floor":14,"turns":6},{"damage":19,"enemies":"The Guardian","floor":16,"turns":8},{"damage":26,"enemies":"2 Thieves","floor":18,"turns":3},{"damage":1,"enemies":"Chosen","floor":22,"turns":3},{"damage":26,"enemies":"Book of Stabbing","floor":23,"turns":4},{"damage":31,"enemies":"Slavers","floor":25,"turns":4},{"damage":14,"enemies":"Centurion and Healer","floor":27,"turns":2}],"seed_played":"-475688563120922624","potions_obtained":[{"floor":2,"key":"Dexterity Potion"},{"floor":5,"key":"Block Potion"},{"floor":10,"key":"Weak Potion"},{"floor":16,"key":"SneckoOil"},{"floor":18,"key":"SpeedPotion"},{"floor":22,"key":"PowerPotion"},{"floor":23,"key":"GamblersBrew"}],"is_trial":false,"path_per_floor":["M","M","M","?","M","R","E","R","T","M","$","M","R","E","R","B",null,"M","?","$","$","M","E","R","E","T","M"],"character_chosen":"DEFECT","items_purchased":["Heatsinks","Heatsinks","Heatsinks"],"campfire_rested":2,"item_purchase_floors":[11,20,21],"current_hp_per_floor":[68,66,66,66,58,58,45,45,45,45,45,40,62,47,47,30,64,40,40,40,40,41,17,39,10,10,0],"gold":125,"neow_bonus":"REMOVE_TWO","is_prod":false,"is_daily":false,"chose_seed":false,"campfire_upgraded":3,"win_rate":0,"timestamp":1547799998,"path_taken":["M","M","M","?","M","R","E","R","T","M","$","M","R","E","R","BOSS","M","?","?","$","M","E","R","E","T","M"],"build_version":"2019-01-17","purchased_purges":0,"victory":false,"max_hp_per_floor":[75,75,75,75,75,75,75,75,75,75,75,75,75,75,75,75,75,75,75,75,75,75,75,75,75,75,75],"card_choices":[{"not_picked":["Beam Cell","Stack"],"picked":"Go for the Eyes","floor":1},{"not_picked":["Heatsinks","Tempest"],"picked":"Doom and Gloom","floor":2},{"not_picked":["Recycle","Coolheaded"],"picked":"Auto Shields","floor":3},{"not_picked":["Glacier","Gash"],"picked":"Storm","floor":5},{"not_picked":["Coolheaded","Sunder"],"picked":"Sweeping Beam","floor":7},{"not_picked":["Leap","Cold Snap"],"picked":"Heatsinks","floor":10},{"not_picked":["Undo","Rebound"],"picked":"Tempest","floor":12},{"not_picked":["Leap","Loop"],"picked":"Defragment","floor":14},{"not_picked":["Thunder Strike","Reboot"],"picked":"Electrodynamics","floor":16},{"not_picked":["Gash","Hologram+1"],"picked":"Cold Snap+1","floor":18},{"not_picked":["Stack","Sunder+1","Recycle"],"picked":"SKIP","floor":22},{"not_picked":["Beam Cell","Machine Learning"],"picked":"Seek","floor":23},{"not_picked":["Glacier+1","Reinforced Body+1"],"picked":"Steam+1","floor":25}],"player_experience":495766,"relics_obtained":[{"floor":7,"key":"Boot"},{"floor":9,"key":"Omamori"},{"floor":14,"key":"Blood Vial"},{"floor":23,"key":"Toxic Egg 2"},{"floor":25,"key":"Molten Egg 2"},{"floor":26,"key":"Bottled Tornado"}],"event_choices":[{"damage_healed":0,"gold_gain":57,"player_choice":"Gained Gold","damage_taken":0,"max_hp_gain":0,"max_hp_loss":0,"event_name":"Golden Wing","floor":4,"gold_loss":0},{"cards_removed":["Strike_B"],"damage_healed":0,"gold_gain":0,"player_choice":"Gave Gold","damage_taken":0,"max_hp_gain":0,"max_hp_loss":0,"event_name":"Beggar","floor":19,"gold_loss":75}],"is_beta":false,"boss_relics":[{"not_picked":["Orrery","White Beast Statue"],"picked":"Nuclear Battery"}],"items_purged_floors":[],"is_endless":false,"potions_floor_spawned":[2,5,10,16,18,22,23],"killed_by":"Centurion and Healer","ascension_level":6}