{"gold_per_floor":[117,117,0,19,19,19,52,52,52,65,105,45,64,80,80,170,170,191,215,215,239,262,262,32,131,157,170,186,67,67,67,67,67],"floor_reached":33,"playtime":1002,"items_purged":["Strike_R","Strike_R"],"score":465,"play_id":"99f2b0fb-178c-40dd-b592-7fd633b1381d","local_time":"20181202205056","is_ascension_mode":true,"campfire_choices":[{"data":"Armaments","floor":6,"key":"SMITH"},{"data":"Battle Trance","floor":8,"key":"SMITH"},{"data":"True Grit","floor":15,"key":"SMITH"},{"data":"Feel No Pain","floor":23,"key":"SMITH"},{"floor":32,"key":"REST"}],"neow_cost":"NONE","seed_source_timestamp":21687515642503,"circlet_count":0,"master_deck":["AscendersBane","Strike_R","Strike_R","Strike_R","Defend_R","Defend_R","Defend_R","Defend_R","Bash","Spot Weakness","Battle Trance+1","Armaments+1","Reckless Charge","Cleave","Feel No Pain+1","Burning Pact","True Grit+1","Warcry","Impervious","Whirlwind","Thunderclap","Disarm+1","Apotheosis","Limit Break"],"relics":["Burning Blood","NeowsBlessing","Golden Idol","Darkstone Periapt","Mercury Hourglass","The Courier","Sozu","Bronze Scales","Ancient Tea Set"],"potions_floor_usage":[16,16,18],"damage_taken":[{"damage":0,"enemies":"Jaw Worm","floor":1,"turns":1},{"damage":0,"enemies":"2 Louse","floor":4,"turns":1},{"damage":0,"enemies":"Gremlin Nob","floor":7,"turns":1},{"damage":6,"enemies":"Cultist","floor":10,"turns":3},{"damage":43,"enemies":"Lagavulin","floor":11,"turns":8},{"damage":2,"enemies":"3 Louse","floor":13,"turns":2},{"damage":0,"enemies":"2 Fungi Beasts","floor":14,"turns":2},{"damage":47,"enemies":"Slime Boss","floor":16,"turns":13},{"damage":4,"enemies":"Shell Parasite","floor":18,"turns":6},{"damage":4,"enemies":"3 Byrds","floor":19,"turns":5},{"damage":14,"enemies":"Cultist and Chosen","floor":21,"turns":6},{"damage":15,"enemies":"Shelled Parasite and Fungi","floor":22,"turns":7},{"damage":3,"enemies":"Sentry and Sphere","floor":27,"turns":5},{"damage":12,"enemies":"Snecko","floor":28,"turns":4},{"damage":6,"enemies":"Colosseum Slavers","floor":30,"turns":3},{"damage":73,"enemies":"Automaton","floor":33,"turns":6}],"seed_played":"-222964434283442504","potions_obtained":[{"floor":1,"key":"Dexterity Potion"},{"floor":4,"key":"Dexterity Potion"},{"floor":16,"key":"Block Potion"}],"is_trial":false,"path_per_floor":["M","?","$","M","?","R","E","R","T","M","E","$","M","M","R","B",null,"M","M","?","M","M","R","$","?","T","M","M","$","?","T","R","B"],"character_chosen":"IRONCLAD","items_purchased":["Battle Trance","Armaments","Apotheosis","Limit Break"],"campfire_rested":1,"item_purchase_floors":[3,3,24,29],"current_hp_per_floor":[78,83,83,85,79,79,79,79,79,79,42,42,46,52,52,11,62,64,66,66,58,49,49,49,49,49,52,46,46,46,46,69,0],"gold":67,"neow_bonus":"THREE_ENEMY_KILL","is_prod":false,"is_daily":false,"chose_seed":false,"campfire_upgraded":4,"win_rate":0,"timestamp":1543783856,"path_taken":["M","?","$","M","?","R","E","R","T","M","E","?","?","M","R","BOSS","M","M","?","M","M","R","$","?","T","M","M","$","?","?","R","BOSS"],"build_version":"2018-11-15","purchased_purges":2,"victory":false,"max_hp_per_floor":[80,85,85,85,79,79,79,79,79,79,79,79,79,79,79,79,79,79,79,79,79,79,79,79,79,79,79,79,79,79,79,79,79],"card_choices":[{"not_picked":["Bloodletting","Sword Boomerang"],"picked":"Spot Weakness","floor":1},{"not_picked":["Evolve","Corruption"],"picked":"Reckless Charge","floor":4},{"not_picked":["Sentinel","Anger"],"picked":"Cleave","floor":7},{"not_picked":["Flex","Twin Strike"],"picked":"Feel No Pain","floor":10},{"not_picked":["Headbutt","Searing Blow"],"picked":"Burning Pact","floor":11},{"not_picked":["Rampage","Warcry"],"picked":"True Grit","floor":13},{"not_picked":["Fiend Fire","Iron Wave"],"picked":"Warcry","floor":14},{"not_picked":["Barricade","Exhume"],"picked":"Impervious","floor":16},{"not_picked":["Iron Wave+1","Fire Breathing"],"picked":"Whirlwind","floor":18},{"not_picked":["Infernal Blade","Anger+1","Whirlwind"],"picked":"SKIP","floor":19},{"not_picked":["Intimidate","Wild Strike"],"picked":"Thunderclap","floor":21},{"not_picked":["Havoc","Thunderclap"],"picked":"Disarm+1","floor":22},{"not_picked":["Pummel+1","Combust","Twin Strike"],"picked":"SKIP","floor":27},{"not_picked":["Headbutt","Rupture+1","Power Through"],"picked":"SKIP","floor":28}],"player_experience":238914,"relics_obtained":[{"floor":7,"key":"Darkstone Periapt"},{"floor":9,"key":"Mercury Hourglass"},{"floor":11,"key":"The Courier"},{"floor":26,"key":"Bronze Scales"},{"floor":31,"key":"Ancient Tea Set"}],"event_choices":[{"damage_healed":0,"gold_gain":0,"player_choice":"Donut","damage_taken":0,"max_hp_gain":5,"max_hp_loss":0,"event_name":"Big Fish","floor":2,"gold_loss":0},{"damage_healed":0,"gold_gain":0,"player_choice":"Lose Max HP","damage_taken":0,"relics_obtained":["Golden Idol"],"max_hp_gain":0,"max_hp_loss":6,"event_name":"Golden Idol","floor":5,"gold_loss":0},{"damage_healed":0,"gold_gain":0,"player_choice":"Ignored","damage_taken":0,"max_hp_gain":0,"max_hp_loss":0,"event_name":"Ghosts","floor":20,"gold_loss":0},{"damage_healed":0,"gold_gain":99,"player_choice":"Stole From Cult","damage_taken":0,"max_hp_gain":0,"max_hp_loss":0,"event_name":"Nest","floor":25,"gold_loss":0},{"damage_healed":0,"gold_gain":0,"player_choice":"Fight","damage_taken":0,"max_hp_gain":0,"max_hp_loss":0,"event_name":"Colosseum","floor":30,"gold_loss":0},{"damage_healed":0,"gold_gain":0,"player_choice":"Fled From Nobs","damage_taken":0,"max_hp_gain":0,"max_hp_loss":0,"event_name":"Colosseum","floor":30,"gold_loss":0}],"is_beta":false,"boss_relics":[{"not_picked":["Runic Dome","Tiny House"],"picked":"Sozu"}],"items_purged_floors":[12,24],"is_endless":false,"potions_floor_spawned":[1,4,10,13,14,16,18,28],"killed_by":"Automaton","ascension_level":13}