{"gold_per_floor":[366,380,4,0,15,15,32,32,32,47,66,66,78,98,98,199,199,214,26,26,40,40],"floor_reached":22,"playtime":1572,"items_purged":["Defend_R"],"score":180,"play_id":"2e03e24c-e80d-4a92-b052-234db2913294","local_time":"20190201190753","is_ascension_mode":false,"campfire_choices":[{"data":"Combust","floor":6,"key":"SMITH"},{"data":"True Grit","floor":8,"key":"SMITH"},{"floor":15,"key":"REST"}],"neow_cost":"PERCENT_DAMAGE","seed_source_timestamp":348777688348519,"circlet_count":0,"master_deck":["Strike_R","Strike_R","Strike_R","Strike_R","Strike_R","Defend_R","Defend_R","Bash","Perfected Strike","Inflame","Perfected Strike","Violence","Shrug It Off","True Grit+1","Combust+1","Sword Boomerang","Metallicize","Anger","Perfected Strike","Spot Weakness","Feed","Metamorphosis","Spot Weakness"],"relics":["Burning Blood"],"potions_floor_usage":[10,16,21],"damage_taken":[{"damage":13,"enemies":"Cultist","floor":1,"turns":5},{"damage":7,"enemies":"2 Louse","floor":2,"turns":2},{"damage":3,"enemies":"Small Slimes","floor":5,"turns":3},{"damage":8,"enemies":"Looter","floor":7,"turns":3},{"damage":3,"enemies":"Large Slime","floor":10,"turns":3},{"damage":12,"enemies":"3 Louse","floor":11,"turns":2},{"damage":37,"enemies":"Exordium Thugs","floor":13,"turns":4},{"damage":6,"enemies":"Exordium Wildlife","floor":14,"turns":2},{"damage":19,"enemies":"Slime Boss","floor":16,"turns":8},{"damage":32,"enemies":"2 Thieves","floor":18,"turns":5},{"damage":10,"enemies":"Chosen","floor":21,"turns":4},{"damage":61,"enemies":"3 Cultists","floor":22,"turns":5}],"seed_played":"8321190428235873506","potions_obtained":[{"floor":5,"key":"Ancient Potion"},{"floor":7,"key":"Block Potion"},{"floor":11,"key":"LiquidBronze"},{"floor":16,"key":"Ancient Potion"},{"floor":18,"key":"Block Potion"}],"is_trial":false,"path_per_floor":["M","M","$","?","M","R","M","R","T","M","M","?","M","M","R","B",null,"M","$","?","M","M"],"character_chosen":"IRONCLAD","items_purchased":["Perfected Strike","Violence","Shrug It Off","True Grit","Metamorphosis"],"campfire_rested":1,"item_purchase_floors":[3,3,3,3,19],"current_hp_per_floor":[49,48,48,48,51,51,49,49,49,52,46,46,15,15,39,26,80,54,54,54,50,0],"gold":40,"neow_bonus":"TWO_FIFTY_GOLD","is_prod":false,"is_daily":false,"chose_seed":false,"campfire_upgraded":2,"win_rate":0,"timestamp":1549076873,"path_taken":["M","M","$","?","M","R","M","R","T","M","M","?","?","M","R","BOSS","M","$","?","M","M"],"build_version":"2019-01-23","purchased_purges":1,"victory":false,"max_hp_per_floor":[80,80,80,80,80,80,80,80,80,80,80,80,80,80,80,80,80,80,80,80,80,83],"card_choices":[{"not_picked":["Pommel Strike","Evolve"],"picked":"Perfected Strike","floor":1},{"not_picked":["Cleave","Ghostly Armor"],"picked":"Inflame","floor":2},{"not_picked":["Dropkick","Warcry"],"picked":"Combust","floor":5},{"not_picked":["Clash","Cleave"],"picked":"Sword Boomerang","floor":7},{"not_picked":["Headbutt","Uppercut"],"picked":"Metallicize","floor":10},{"not_picked":["Inflame","Dropkick"],"picked":"Anger","floor":11},{"not_picked":["Second Wind","Clash"],"picked":"Perfected Strike","floor":13},{"not_picked":["Battle Trance","Limit Break"],"picked":"Spot Weakness","floor":14},{"not_picked":["Dark Embrace","Impervious"],"picked":"Feed","floor":16},{"not_picked":["Carnage","Burning Pact","Evolve"],"picked":"SKIP","floor":18},{"not_picked":["Havoc","Dropkick+1"],"picked":"Spot Weakness","floor":21}],"player_experience":389896,"relics_obtained":[],"event_choices":[{"damage_healed":0,"gold_gain":0,"player_choice":"Left Gold","damage_taken":0,"max_hp_gain":0,"max_hp_loss":0,"event_name":"World of Goop","floor":4,"gold_loss":4},{"cards_removed":["Defend_R"],"damage_healed":0,"gold_gain":0,"player_choice":"Card Removal","damage_taken":0,"max_hp_gain":0,"max_hp_loss":0,"event_name":"Wheel of Change","floor":12,"gold_loss":0},{"damage_healed":0,"gold_gain":0,"player_choice":"Ignored","damage_taken":0,"max_hp_gain":0,"max_hp_loss":0,"event_name":"Ghosts","floor":20,"gold_loss":0}],"is_beta":false,"boss_relics":[{"not_picked":["Runic Dome","Cursed Key","Busted Crown"]}],"items_purged_floors":[3],"is_endless":false,"potions_floor_spawned":[5,7,11,16,18],"killed_by":"3 Cultists","ascension_level":0}