{"gold_per_floor":[116,116,1,17,17,17,44,44,44,69,38,38,53,72,72,143,143,143,143,143,143,17,17,37,37,37,52,52],"floor_reached":28,"playtime":617,"items_purged":["Strike_R"],"score":426,"play_id":"9bff31fc-748f-46b0-bb60-43a5e7d62300","local_time":"20190117235317","is_ascension_mode":true,"campfire_choices":[{"data":"Dramatic Entrance","floor":6,"key":"SMITH"},{"data":"Combust","floor":8,"key":"SMITH"},{"data":"True Grit","floor":12,"key":"SMITH"},{"data":"Disarm","floor":15,"key":"SMITH"},{"data":"Limit Break","floor":23,"key":"SMITH"},{"data":"Shrug It Off","floor":25,"key":"SMITH"}],"neow_cost":"NONE","seed_source_timestamp":10622487251818,"circlet_count":0,"master_deck":["AscendersBane","Strike_R","Strike_R","Strike_R","Strike_R","Defend_R","Defend_R","Defend_R","Defend_R","Bash","Dramatic Entrance+1","Sword Boomerang","Combust+1","Iron Wave","Shrug It Off","True Grit+1","Rupture","Disarm+1","Limit Break+1","Shrug It Off+1","Disarm","Pummel","Inflame","Iron Wave+1"],"relics":["Burning Blood","Mango","Vajra","The Courier","Orrery","Anchor","Mercury Hourglass"],"potions_floor_usage":[4,10,16,18,27],"damage_taken":[{"damage":3,"enemies":"Small Slimes","floor":1,"turns":4},{"damage":3,"enemies":"2 Louse","floor":4,"turns":3},{"damage":29,"enemies":"Gremlin Nob","floor":7,"turns":4},{"damage":25,"enemies":"Lagavulin","floor":10,"turns":7},{"damage":0,"enemies":"Cultist","floor":13,"turns":2},{"damage":6,"enemies":"Blue Slaver","floor":14,"turns":5},{"damage":13,"enemies":"The Guardian","floor":16,"turns":11},{"damage":1,"enemies":"3 Byrds","floor":18,"turns":2},{"damage":26,"enemies":"Spheric Guardian","floor":24,"turns":5},{"damage":49,"enemies":"Cultist and Chosen","floor":27,"turns":8},{"damage":29,"enemies":"Centurion and Healer","floor":28,"turns":6}],"seed_played":"-6337104475625027410","potions_obtained":[{"floor":1,"key":"GamblersBrew"},{"floor":7,"key":"Regen Potion"},{"floor":13,"key":"Explosive Potion"},{"floor":16,"key":"SmokeBomb"},{"floor":24,"key":"FearPotion"},{"floor":27,"key":"Strength Potion"}],"is_trial":false,"path_per_floor":["M","?","$","M","?","R","E","R","T","E","$","R","M","M","R","B",null,"M","?","?","?","$","R","M","R","T","M","M"],"character_chosen":"IRONCLAD","items_purchased":["Combust","Rupture","Anchor"],"campfire_rested":0,"item_purchase_floors":[3,11,22],"current_hp_per_floor":[71,71,71,74,75,75,66,66,66,61,61,61,67,67,67,60,82,87,87,87,87,87,87,67,67,67,24,0],"gold":52,"neow_bonus":"RANDOM_COLORLESS","is_prod":false,"is_daily":false,"chose_seed":false,"campfire_upgraded":6,"win_rate":0,"timestamp":1547769197,"path_taken":["M","?","$","M","?","R","E","R","T","E","$","R","?","M","R","BOSS","M","?","?","?","$","R","M","R","T","M","M"],"build_version":"2019-01-10","purchased_purges":1,"victory":false,"max_hp_per_floor":[75,75,75,75,75,75,89,89,89,89,89,89,89,89,89,89,89,89,89,89,89,89,89,89,89,89,89,89],"card_choices":[{"not_picked":["Perfected Strike","Havoc"],"picked":"Sword Boomerang","floor":1},{"not_picked":["Sword Boomerang","Clash"],"picked":"Iron Wave","floor":4},{"not_picked":["Pummel","Twin Strike"],"picked":"Shrug It Off","floor":7},{"not_picked":["Thunderclap","Wild Strike"],"picked":"True Grit","floor":10},{"not_picked":["Flame Barrier","Fiend Fire"],"picked":"Disarm","floor":13},{"not_picked":["Clothesline","Burning Pact","Iron Wave"],"picked":"SKIP","floor":14},{"not_picked":["Dark Embrace","Double Tap"],"picked":"Limit Break","floor":16},{"not_picked":["Sword Boomerang","Pummel"],"picked":"Shrug It Off","floor":17},{"not_picked":["Infernal Blade","Dual Wield"],"picked":"Disarm","floor":17},{"not_picked":["Fiend Fire","Headbutt"],"picked":"Pummel","floor":17},{"not_picked":["Warcry","Pommel Strike"],"picked":"Inflame","floor":24},{"not_picked":["Infernal Blade","Second Wind"],"picked":"Iron Wave+1","floor":27}],"player_experience":400135,"relics_obtained":[{"floor":7,"key":"Mango"},{"floor":9,"key":"Vajra"},{"floor":10,"key":"The Courier"},{"floor":26,"key":"Mercury Hourglass"}],"event_choices":[{"damage_healed":0,"gold_gain":0,"player_choice":"Ignored","damage_taken":0,"max_hp_gain":0,"max_hp_loss":0,"event_name":"Golden Idol","floor":2,"gold_loss":0},{"damage_healed":1,"gold_gain":0,"player_choice":"Full Heal","damage_taken":0,"max_hp_gain":0,"max_hp_loss":0,"event_name":"Wheel of Change","floor":5,"gold_loss":0},{"damage_healed":0,"gold_gain":0,"player_choice":"Ignored","damage_taken":0,"max_hp_gain":0,"max_hp_loss":0,"event_name":"Cursed Tome","floor":20,"gold_loss":0},{"damage_healed":0,"gold_gain":0,"player_choice":"Ignored","damage_taken":0,"max_hp_gain":0,"max_hp_loss":0,"event_name":"The Mausoleum","floor":21,"gold_loss":0}],"is_beta":false,"boss_relics":[{"not_picked":["Coffee Dripper","Snecko Eye"],"picked":"Orrery"}],"items_purged_floors":[3],"is_endless":false,"potions_floor_spawned":[1,7,13,16,24,27],"killed_by":"Centurion and Healer","ascension_level":18}