{"gold_per_floor":[210,220,220,139,149,176,190,190,190,190,221,221,246,257,257,356,356,345,345,113,113,131,131,156,168,194,109,129,129,185,185,185,185],"floor_reached":33,"playtime":4398,"items_purged":[],"score":318,"play_id":"7cd2fa60-9a1e-41ea-a440-fc20e916c638","local_time":"20181130192439","is_ascension_mode":true,"campfire_choices":[{"floor":15,"key":"REST"},{"data":"Envenom","floor":23,"key":"SMITH"},{"data":"Accuracy","floor":29,"key":"SMITH"},{"data":"Blade Dance","floor":32,"key":"SMITH"}],"neow_cost":"NONE","seed_source_timestamp":530081848083633,"circlet_count":0,"master_deck":["Defend_G+1","Defend_G+1","Defend_G+1","Defend_G+1","Defend_G+1","Strike_G+1","Strike_G+1","Strike_G+1","Strike_G+1","Strike_G+1","Survivor","Neutralize","Cloak And Dagger","Noxious Fumes","Noxious Fumes","Backflip","Envenom+1","Poisoned Stab","Terror","Escape Plan","Caltrops+1","Well Laid Plans","Cloak And Dagger+1","Accuracy+1","Cloak And Dagger+1","Blade Dance+1"],"relics":["Ring of the Snake","Juzu Bracelet","Blood Vial","Pear","Bottled Tornado","Coffee Dripper","Bronze Scales","Peace Pipe","Ancient Tea Set","PreservedInsect","Tiny Chest"],"potions_floor_usage":[6,6,11,14,16,18,24,25,30,33],"damage_taken":[{"damage":0,"enemies":"2 Louse","floor":1,"turns":3},{"damage":4,"enemies":"Cultist","floor":2,"turns":4},{"damage":0,"enemies":"Small Slimes","floor":5,"turns":4},{"damage":7,"enemies":"3 Sentries","floor":6,"turns":6},{"damage":0,"enemies":"3 Louse","floor":7,"turns":4},{"damage":34,"enemies":"Gremlin Nob","floor":11,"turns":5},{"damage":28,"enemies":"Lagavulin","floor":13,"turns":7},{"damage":10,"enemies":"2 Fungi Beasts","floor":14,"turns":3},{"damage":8,"enemies":"Hexaghost","floor":16,"turns":9},{"damage":5,"enemies":"2 Thieves","floor":18,"turns":4},{"damage":0,"enemies":"3 Byrds","floor":22,"turns":3},{"damage":7,"enemies":"Book of Stabbing","floor":24,"turns":5},{"damage":18,"enemies":"Snake Plant","floor":25,"turns":4},{"damage":8,"enemies":"Cultist and Chosen","floor":28,"turns":5},{"damage":26,"enemies":"Slavers","floor":30,"turns":4},{"damage":43,"enemies":"Collector","floor":33,"turns":3}],"seed_played":"7234398214057072493","potions_obtained":[{"floor":1,"key":"Block Potion"},{"floor":5,"key":"SkillPotion"},{"floor":7,"key":"Weak Potion"},{"floor":13,"key":"Poison Potion"},{"floor":14,"key":"Swift Potion"},{"floor":16,"key":"Explosive Potion"},{"floor":22,"key":"Fire Potion"},{"floor":24,"key":"PowerPotion"},{"floor":25,"key":"Poison Potion"},{"floor":30,"key":"Strength Potion"}],"is_trial":false,"path_per_floor":["M","M","?","$","M","E","M","$","T","?","E","?","E","M","R","B",null,"M","?","$","?","M","R","E","M","T","?","M","R","E","?","R","B"],"character_chosen":"THE_SILENT","items_purchased":["Noxious Fumes","Well Laid Plans","Bronze Scales"],"campfire_rested":1,"item_purchase_floors":[4,20,20],"current_hp_per_floor":[70,66,66,66,66,59,59,59,59,59,37,37,11,3,27,21,80,75,75,75,75,77,77,72,56,56,56,50,50,26,26,26,0],"gold":185,"neow_bonus":"HUNDRED_GOLD","is_prod":false,"is_daily":false,"chose_seed":false,"campfire_upgraded":3,"win_rate":0,"timestamp":1543627479,"path_taken":["M","M","?","$","?","E","M","$","T","?","E","?","E","M","R","BOSS","M","?","$","?","M","R","E","M","T","?","M","R","E","?","R","BOSS"],"build_version":"2018-11-15","purchased_purges":0,"victory":false,"max_hp_per_floor":[70,70,70,70,70,70,70,70,70,70,80,80,80,80,80,80,80,80,80,80,80,80,80,80,80,80,80,80,80,80,80,80,80],"card_choices":[{"not_picked":["Well Laid Plans","Poisoned Stab"],"picked":"Cloak And Dagger","floor":1},{"not_picked":["Sucker Punch","Backflip"],"picked":"Noxious Fumes","floor":2},{"not_picked":["All Out Attack","Cloak And Dagger"],"picked":"Backflip","floor":5},{"not_picked":["Flying Knee","Reflex"],"picked":"Envenom","floor":6},{"not_picked":["Dagger Spray","Cloak And Dagger"],"picked":"Poisoned Stab","floor":7},{"not_picked":["PiercingWail","Riddle With Holes"],"picked":"Terror","floor":11},{"not_picked":["Phantasmal Killer","Dodge and Roll"],"picked":"Escape Plan","floor":13},{"not_picked":["Underhanded Strike","Expertise","Riddle With Holes"],"picked":"SKIP","floor":14},{"not_picked":["Blade Dance+1","Flying Knee+1"],"picked":"Caltrops+1","floor":18},{"not_picked":["Backflip","Dagger Throw+1"],"picked":"Cloak And Dagger+1","floor":22},{"not_picked":["Slice","Backflip"],"picked":"Accuracy","floor":24},{"not_picked":["Distraction+1","Eviscerate"],"picked":"Cloak And Dagger+1","floor":25},{"not_picked":["Dodge and Roll+1","Reflex"],"picked":"Blade Dance","floor":28},{"not_picked":["Acrobatics","Sucker Punch","Dagger Throw+1"],"picked":"SKIP","floor":30}],"player_experience":55000,"relics_obtained":[{"floor":6,"key":"Juzu Bracelet"},{"floor":9,"key":"Blood Vial"},{"floor":11,"key":"Pear"},{"floor":13,"key":"Bottled Tornado"},{"floor":24,"key":"Peace Pipe"},{"floor":26,"key":"Ancient Tea Set"},{"floor":30,"key":"Tiny Chest"}],"event_choices":[{"damage_healed":0,"gold_gain":0,"player_choice":"Bought 0 Potions","damage_taken":0,"max_hp_gain":0,"max_hp_loss":0,"event_name":"The Woman in Blue","floor":3,"gold_loss":0},{"damage_healed":0,"gold_gain":0,"player_choice":"Ignored","damage_taken":0,"max_hp_gain":0,"max_hp_loss":0,"event_name":"Golden Wing","floor":10,"gold_loss":0},{"damage_healed":0,"gold_gain":0,"player_choice":"Ignored","damage_taken":0,"max_hp_gain":0,"max_hp_loss":0,"event_name":"Shining Light","floor":12,"gold_loss":0},{"damage_healed":0,"gold_gain":0,"player_choice":"Ignored","damage_taken":0,"max_hp_gain":0,"max_hp_loss":0,"event_name":"Ghosts","floor":19,"gold_loss":0},{"damage_healed":0,"gold_gain":0,"player_choice":"Ignored","damage_taken":0,"max_hp_gain":0,"max_hp_loss":0,"event_name":"Beggar","floor":21,"gold_loss":0},{"damage_healed":0,"gold_gain":0,"player_choice":"Obtained Relic","damage_taken":0,"relics_obtained":["PreservedInsect"],"max_hp_gain":0,"max_hp_loss":0,"event_name":"Addict","floor":27,"gold_loss":85},{"damage_healed":0,"gold_gain":0,"player_choice":"Simplicity","damage_taken":0,"max_hp_gain":0,"max_hp_loss":0,"event_name":"Back to Basics","floor":31,"gold_loss":0,"cards_upgraded":["Defend_G","Defend_G","Defend_G","Defend_G","Defend_G","Strike_G","Strike_G","Strike_G","Strike_G","Strike_G"]}],"is_beta":true,"boss_relics":[{"not_picked":["Ectoplasm","Ring of the Serpent"],"picked":"Coffee Dripper"}],"items_purged_floors":[],"is_endless":false,"potions_floor_spawned":[1,5,7,13,14,16,22,24,25,30],"killed_by":"Collector","ascension_level":1}