{"gold_per_floor":[109,184,184,202,218,218,248,248,248,268,240,240,251,263,263,340,340,352,532,547,547,100,100,134,134,158,158],"floor_reached":27,"playtime":1658,"items_purged":["Strike_G"],"score":408,"play_id":"135d373c-c2db-4228-b6cf-6c23dd7c259f","local_time":"20190124211517","is_ascension_mode":true,"campfire_choices":[{"data":"Deadly Poison","floor":6,"key":"SMITH"},{"floor":8,"key":"REST"},{"floor":15,"key":"REST"},{"floor":23,"key":"REST"},{"floor":25,"key":"REST"}],"neow_cost":"NONE","seed_source_timestamp":35860566702522,"circlet_count":0,"master_deck":["AscendersBane","Defend_G","Defend_G","Defend_G","Defend_G","Defend_G","Strike_G","Strike_G","Survivor","Neutralize","Underhanded Strike","Dagger Spray","Dash","Deadly Poison+1","Poisoned Stab","Acrobatics","Well Laid Plans","PiercingWail","Glass Knife","PiercingWail","Bouncing Flask","Infinite Blades"],"relics":["Ring of the Snake","StoneCalendar","Torii","Odd Mushroom","Snecko Eye","Bird Faced Urn","Thread and Needle","Oddly Smooth Stone"],"potions_floor_usage":[16,21,27],"damage_taken":[{"damage":5,"enemies":"Small Slimes","floor":1,"turns":4},{"damage":1,"enemies":"Jaw Worm","floor":4,"turns":4},{"damage":0,"enemies":"2 Louse","floor":5,"turns":2},{"damage":19,"enemies":"Lagavulin","floor":7,"turns":6},{"damage":7,"enemies":"The Mushroom Lair","floor":10,"turns":5},{"damage":45,"enemies":"Exordium Thugs","floor":11,"turns":5},{"damage":1,"enemies":"3 Louse","floor":13,"turns":3},{"damage":0,"enemies":"Blue Slaver","floor":14,"turns":3},{"damage":13,"enemies":"Hexaghost","floor":16,"turns":11},{"damage":2,"enemies":"Chosen","floor":18,"turns":4},{"damage":3,"enemies":"3 Byrds","floor":20,"turns":6},{"damage":0,"enemies":"Snake Plant","floor":21,"turns":1},{"damage":33,"enemies":"Book of Stabbing","floor":24,"turns":7},{"damage":44,"enemies":"Slavers","floor":27,"turns":5}],"seed_played":"-7439306640318567195","potions_obtained":[{"floor":5,"key":"FairyPotion"},{"floor":7,"key":"EssenceOfSteel"},{"floor":11,"key":"SteroidPotion"},{"floor":16,"key":"SmokeBomb"}],"is_trial":false,"path_per_floor":["M","?","?","M","M","R","E","R","T","?","M","?","M","M","R","B",null,"M","?","M","M","$","R","E","R","T","E"],"character_chosen":"THE_SILENT","items_purchased":["Bird Faced Urn","Infinite Blades"],"campfire_rested":4,"item_purchase_floors":[22,22],"current_hp_per_floor":[54,43,43,42,42,42,23,42,42,35,6,6,5,5,24,11,52,50,32,29,29,29,48,19,38,38,0],"gold":158,"neow_bonus":"TRANSFORM_CARD","is_prod":false,"is_daily":false,"chose_seed":false,"campfire_upgraded":1,"win_rate":0,"timestamp":1548382517,"path_taken":["M","?","?","M","M","R","E","R","T","?","?","?","M","M","R","BOSS","M","?","M","M","$","R","E","R","T","E"],"build_version":"2019-01-23","purchased_purges":1,"victory":false,"max_hp_per_floor":[66,66,66,66,66,66,66,66,66,66,66,66,66,66,66,66,66,66,66,66,66,66,66,66,66,66,66],"card_choices":[{"not_picked":["Dagger Throw","Terror"],"picked":"Dagger Spray","floor":1},{"not_picked":["Bane","Calculated Gamble"],"picked":"Deadly Poison","floor":4},{"not_picked":["Quick Slash","Die Die Die"],"picked":"Poisoned Stab","floor":5},{"not_picked":["Escape Plan","Eviscerate","Flying Knee"],"picked":"SKIP","floor":7},{"not_picked":["Dagger Throw","Reflex"],"picked":"Acrobatics","floor":10},{"not_picked":["Escape Plan","Flying Knee"],"picked":"Well Laid Plans","floor":11},{"not_picked":["Flechettes","Backflip","Acrobatics"],"picked":"SKIP","floor":13},{"not_picked":["Choke","Blade Dance"],"picked":"PiercingWail","floor":14},{"not_picked":["Night Terror","Envenom"],"picked":"Glass Knife","floor":16},{"not_picked":["Flying Knee","Blade Dance"],"picked":"PiercingWail","floor":18},{"not_picked":["Cloak And Dagger","Tactician"],"picked":"Bouncing Flask","floor":20},{"not_picked":["Glass Knife","Outmaneuver+1","Concentrate"],"picked":"SKIP","floor":24}],"player_experience":508210,"relics_obtained":[{"floor":7,"key":"StoneCalendar"},{"floor":9,"key":"Torii"},{"floor":10,"key":"Odd Mushroom"},{"floor":24,"key":"Thread and Needle"},{"floor":26,"key":"Oddly Smooth Stone"}],"event_choices":[{"damage_healed":0,"gold_gain":75,"player_choice":"Gather Gold","damage_taken":11,"max_hp_gain":0,"max_hp_loss":0,"event_name":"World of Goop","floor":2,"gold_loss":0},{"damage_healed":0,"gold_gain":0,"cards_transformed":["Strike_G"],"player_choice":"Change","damage_taken":0,"max_hp_gain":0,"max_hp_loss":0,"event_name":"Living Wall","floor":3,"gold_loss":0,"cards_obtained":["Dash"]},{"damage_healed":0,"gold_gain":0,"player_choice":"Fought Mushrooms","damage_taken":0,"max_hp_gain":0,"max_hp_loss":0,"event_name":"Mushrooms","floor":10,"gold_loss":0},{"damage_healed":0,"gold_gain":0,"player_choice":"Ignored","damage_taken":0,"max_hp_gain":0,"max_hp_loss":0,"event_name":"Shining Light","floor":12,"gold_loss":0},{"damage_healed":0,"gold_gain":180,"player_choice":"GOLD GOLD ","damage_taken":18,"max_hp_gain":0,"max_hp_loss":0,"event_name":"Knowing Skull","floor":19,"potions_obtained":[],"gold_loss":0,"cards_obtained":[]}],"is_beta":false,"boss_relics":[{"not_picked":["Coffee Dripper","Runic Dome"],"picked":"Snecko Eye"}],"items_purged_floors":[22],"is_endless":false,"potions_floor_spawned":[5,7,11,16,20,21],"killed_by":"Slavers","ascension_level":15}