{"gold_per_floor":[119,119,74,92,109,139,139,151,151,151,76,76,88,88,88,191,191,209,209,159,173,23,23,36,47,47,47,47,47,59,74,74,179,179,194,213,56,70,86,86,119,133,133,133,145,162,0,29,29,29],"floor_reached":51,"playtime":1706,"items_purged":["Strike_B"],"score":810,"play_id":"c76181a2-d279-45b4-8f17-a79a26730114","local_time":"20180926051100","is_ascension_mode":true,"campfire_choices":[{"data":"Zap","floor":7,"key":"SMITH"},{"floor":12,"key":"REST"},{"data":"Hologram","floor":15,"key":"SMITH"},{"data":"FTL","floor":23,"key":"SMITH"},{"data":"Dualcast","floor":29,"key":"SMITH"},{"data":"Steam","floor":32,"key":"SMITH"},{"data":"Fission","floor":40,"key":"SMITH"},{"floor":44,"key":"REST"},{"floor":49,"key":"REST"}],"neow_cost":"NONE","seed_source_timestamp":55797732043102,"circlet_count":0,"master_deck":["Defend_B","Defend_B+1","Defend_B","Zap+1","Dualcast+1","Steam+1","Sweeping Beam","Ball Lightning","Conserve Battery+1","Cold Snap","White Noise","Hologram+1","Electrodynamics","FTL+1","Reboot","Capacitor","Echo Form","Fission+1","Defragment+1","Fission"],"relics":["FrozenCore","Nunchaku","Shuriken","DataDisk","Meat on the Bone","Empty Cage","Orichalcum","Dodecahedron","Bottled Flame","Red Mask","PreservedInsect"],"potions_floor_usage":[6,6,30,33,35,41,41,50,50,50],"damage_taken":[{"damage":0,"enemies":"2 Louse","floor":1,"turns":3},{"damage":0,"enemies":"Small Slimes","floor":4,"turns":4},{"damage":1,"enemies":"Jaw Worm","floor":5,"turns":3},{"damage":36,"enemies":"Gremlin Nob","floor":6,"turns":4},{"damage":5,"enemies":"Large Slime","floor":8,"turns":4},{"damage":0,"enemies":"3 Louse","floor":13,"turns":4},{"damage":1,"enemies":"The Guardian","floor":16,"turns":10},{"damage":0,"enemies":"Shell Parasite","floor":18,"turns":5},{"damage":0,"enemies":"Spheric Guardian","floor":21,"turns":4},{"damage":15,"enemies":"Shelled Parasite and Fungi","floor":24,"turns":5},{"damage":6,"enemies":"Snake Plant","floor":25,"turns":4},{"damage":0,"enemies":"Centurion and Healer","floor":30,"turns":5},{"damage":4,"enemies":"Cultist and Chosen","floor":31,"turns":5},{"damage":25,"enemies":"Champ","floor":33,"turns":11},{"damage":5,"enemies":"3 Darklings","floor":35,"turns":5},{"damage":49,"enemies":"3 Shapes","floor":36,"turns":3},{"damage":0,"enemies":"3 Darklings","floor":38,"turns":5},{"damage":1,"enemies":"Spire Growth","floor":39,"turns":6},{"damage":21,"enemies":"2 Orb Walkers","floor":41,"turns":5},{"damage":4,"enemies":"Reptomancer","floor":42,"turns":4},{"damage":2,"enemies":"3 Darklings","floor":45,"turns":3},{"damage":1,"enemies":"Sphere and 2 Shapes","floor":46,"turns":5},{"damage":12,"enemies":"Nemesis","floor":48,"turns":9},{"damage":12,"enemies":"Donu and Deca","floor":50,"turns":6}],"seed_played":"1935849276674973367","potions_obtained":[{"floor":1,"key":"SkillPotion"},{"floor":4,"key":"Regen Potion"},{"floor":13,"key":"Block Potion"},{"floor":16,"key":"Explosive Potion"},{"floor":21,"key":"Strength Potion"},{"floor":25,"key":"SkillPotion"},{"floor":31,"key":"Weak Potion"},{"floor":36,"key":"Swift Potion"},{"floor":39,"key":"Explosive Potion"},{"floor":41,"key":"Poison Potion"},{"floor":46,"key":"Energy Potion"}],"is_trial":false,"path_per_floor":["M","?","?","M","M","E","R","M","T","?","$","R","M","?","R","B",null,"M","?","?","M","$","R","M","M","T","?","$","R","M","M","R","B",null,"M","M","$","M","M","R","E","M","T","R","M","M","?","E","R","B"],"character_chosen":"DEFECT","items_purchased":["DataDisk","Orichalcum"],"campfire_rested":3,"item_purchase_floors":[22,37],"current_hp_per_floor":[75,68,68,68,67,40,40,35,35,20,20,42,42,42,42,41,75,75,75,75,75,75,75,60,54,54,54,54,54,54,50,50,37,75,70,33,33,45,44,44,42,38,38,60,58,57,57,52,74,62],"gold":29,"neow_bonus":"TRANSFORM_CARD","is_prod":false,"is_daily":false,"chose_seed":false,"campfire_upgraded":6,"win_rate":0,"timestamp":1537935060,"path_taken":["M","?","?","M","M","E","R","?","T","?","?","R","M","?","R","BOSS","M","?","?","M","$","R","M","M","T","?","?","R","?","M","R","BOSS","M","M","$","M","M","R","E","?","T","R","M","M","?","E","R","BOSS"],"build_version":"2018-09-20","purchased_purges":1,"victory":true,"max_hp_per_floor":[75,75,75,75,75,75,75,75,75,75,75,75,75,75,75,75,75,75,75,75,75,75,75,75,75,75,75,75,75,75,75,75,75,75,75,75,75,75,75,75,75,75,75,75,75,75,75,75,75,75],"card_choices":[{"not_picked":["Sunder","Tempest"],"picked":"Sweeping Beam","floor":1},{"not_picked":["Doom and Gloom","Go for the Eyes"],"picked":"Ball Lightning","floor":4},{"not_picked":["Stack","Gash"],"picked":"Conserve Battery","floor":5},{"not_picked":["Hello World","Lockon"],"picked":"Cold Snap","floor":6},{"not_picked":["Hologram","Sunder"],"picked":"White Noise","floor":8},{"not_picked":["Reprogram","Static Discharge"],"picked":"Hologram","floor":13},{"not_picked":["Fission","Machine Learning"],"picked":"Electrodynamics","floor":16},{"not_picked":["Gash+1","Compile Driver+1","Barrage"],"picked":"SKIP","floor":18},{"not_picked":["Melter","Compile Driver+1"],"picked":"FTL","floor":21},{"not_picked":["Barrage","Double Energy"],"picked":"Reboot","floor":24},{"not_picked":["Sweeping Beam","Go for the Eyes","Skim"],"picked":"SKIP","floor":25},{"not_picked":["Stack","Turbo"],"picked":"Capacitor","floor":30},{"not_picked":["Hologram","Streamline"],"picked":"Echo Form","floor":31},{"not_picked":["Buffer","All For One"],"picked":"Fission","floor":33},{"not_picked":["Sweeping Beam+1","Cold Snap","Compile Driver+1"],"picked":"SKIP","floor":35},{"not_picked":["Turbo+1","Hologram+1"],"picked":"Defragment+1","floor":36},{"not_picked":["Steam","Cold Snap","Redo"],"picked":"SKIP","floor":38},{"not_picked":["Doom and Gloom","Turbo","BootSequence"],"picked":"SKIP","floor":39},{"not_picked":["Hello World","Electrodynamics"],"picked":"Fission","floor":41},{"not_picked":["Conserve Battery+1","Sweeping Beam+1","Redo"],"picked":"SKIP","floor":42},{"not_picked":["Compile Driver+1","Hologram","Steam Power"],"picked":"SKIP","floor":45},{"not_picked":["Leap","Tempest","Steam+1"],"picked":"SKIP","floor":46},{"not_picked":["Hologram+1","Leap+1","Rainbow"],"picked":"SKIP","floor":48}],"player_experience":49531,"relics_obtained":[{"floor":6,"key":"Nunchaku"},{"floor":9,"key":"Shuriken"},{"floor":26,"key":"Meat on the Bone"},{"floor":41,"key":"Dodecahedron"},{"floor":43,"key":"Bottled Flame"},{"floor":48,"key":"PreservedInsect"}],"event_choices":[{"event_name":"Golden Wing","player_choice":"Card Removal","floor":2,"damage_taken":0},{"event_name":"World of Goop","player_choice":"Left","floor":3,"damage_taken":0},{"event_name":"Shining Light","player_choice":"Entered Light","floor":10,"damage_taken":0},{"event_name":"Liars Game","player_choice":"disagreed","floor":14,"damage_taken":0},{"event_name":"Ghosts","player_choice":"Ignored","floor":19,"damage_taken":0},{"event_name":"The Joust","player_choice":"Bet on Owner","floor":20,"damage_taken":0},{"event_name":"Vampires","player_choice":"Ignored","floor":27,"damage_taken":0},{"event_name":"Tomb of Lord Red Mask","player_choice":"Paid","floor":47,"damage_taken":0}],"is_beta":false,"boss_relics":[{"not_picked":["Nuclear Battery","Orrery"],"picked":"FrozenCore"},{"not_picked":["Astrolabe","Eternal Feather"],"picked":"Empty Cage"}],"items_purged_floors":[11],"is_endless":false,"potions_floor_spawned":[1,4,13,16,21,24,25,31,36,39,41,46],"ascension_level":3}