{"gold_per_floor":[365,376,376,57,76,76,90,107,133,133,147,164,199,211,211,315,315,330,255,354,365,137,137,137],"floor_reached":24,"playtime":2663,"items_purged":["Strike_G"],"score":225,"play_id":"27e6a530-c9d1-4d74-9ee9-03b9c81d8fc1","local_time":"20190123221730","is_ascension_mode":false,"campfire_choices":[{"data":"Footwork","floor":6,"key":"SMITH"},{"floor":15,"key":"REST"},{"floor":23,"key":"REST"}],"neow_cost":"TEN_PERCENT_HP_LOSS","seed_source_timestamp":270800227216399,"circlet_count":0,"master_deck":["Defend_G","Defend_G","Defend_G+1","Defend_G","Defend_G","Strike_G","Strike_G","Strike_G","Strike_G+1","Survivor","Neutralize","Dagger Spray","Cloak And Dagger","Footwork+1","Cloak And Dagger","Acrobatics","Thinking Ahead","Noxious Fumes","PiercingWail","Prepared","Footwork","Crippling Poison","Backflip","Malaise","Deflect+1","Backflip+1","Adrenaline"],"relics":["Ring of the Snake","Oddly Smooth Stone","Happy Flower","Black Star"],"potions_floor_usage":[7,12,13],"damage_taken":[{"damage":2,"enemies":"Small Slimes","floor":1,"turns":4},{"damage":4,"enemies":"Jaw Worm","floor":2,"turns":4},{"damage":0,"enemies":"Cultist","floor":5,"turns":5},{"damage":11,"enemies":"Gremlin Gang","floor":7,"turns":2},{"damage":1,"enemies":"Lots of Slimes","floor":8,"turns":5},{"damage":3,"enemies":"Blue Slaver","floor":11,"turns":5},{"damage":3,"enemies":"Looter","floor":12,"turns":3},{"damage":0,"enemies":"Lagavulin","floor":13,"turns":9},{"damage":0,"enemies":"3 Louse","floor":14,"turns":2},{"damage":15,"enemies":"The Guardian","floor":16,"turns":16},{"damage":7,"enemies":"Shell Parasite","floor":18,"turns":8},{"damage":27,"enemies":"2 Thieves","floor":19,"turns":5},{"damage":10,"enemies":"Shelled Parasite and Fungi","floor":21,"turns":13},{"damage":52,"enemies":"Cultist and Chosen","floor":24,"turns":9}],"seed_played":"3837674645399815721","potions_obtained":[{"floor":5,"key":"Strength Potion"},{"floor":7,"key":"SpeedPotion"},{"floor":8,"key":"AttackPotion"},{"floor":21,"key":"FairyPotion"}],"is_trial":false,"path_per_floor":["M","M","?","$","M","R","M","M","T","?","M","M","E","M","R","B",null,"M","M","?","M","$","R","M"],"character_chosen":"THE_SILENT","items_purchased":["Footwork","Cloak And Dagger","Acrobatics","Thinking Ahead","Adrenaline"],"campfire_rested":2,"item_purchase_floors":[4,4,4,4,22],"current_hp_per_floor":[61,57,44,44,44,44,33,32,32,32,29,26,26,26,44,29,63,56,29,29,19,19,37,0],"gold":137,"neow_bonus":"TWO_FIFTY_GOLD","is_prod":false,"is_daily":false,"chose_seed":false,"campfire_upgraded":1,"win_rate":0,"timestamp":1548310650,"path_taken":["M","M","?","$","M","R","M","M","T","?","?","?","E","M","R","BOSS","M","?","?","M","$","R","M"],"build_version":"2019-01-23","purchased_purges":1,"victory":false,"max_hp_per_floor":[63,63,63,63,63,63,63,63,63,63,63,63,63,63,63,63,63,63,63,63,63,63,63,63],"card_choices":[{"not_picked":["Underhanded Strike","Heel Hook"],"picked":"Dagger Spray","floor":1},{"not_picked":["Dagger Spray","Slice"],"picked":"Cloak And Dagger","floor":2},{"not_picked":["Dagger Throw","Envenom"],"picked":"Noxious Fumes","floor":5},{"not_picked":["Deadly Poison","Underhanded Strike"],"picked":"PiercingWail","floor":7},{"not_picked":["Sucker Punch","Blade Dance"],"picked":"Prepared","floor":8},{"not_picked":["Storm of Steel","Deadly Poison","Eviscerate"],"picked":"SKIP","floor":11},{"not_picked":["Bane","Dagger Spray"],"picked":"Footwork","floor":12},{"not_picked":["Dagger Spray","Bullet Time"],"picked":"Crippling Poison","floor":13},{"not_picked":["Poisoned Stab","Acrobatics"],"picked":"Backflip","floor":14},{"not_picked":["Phantasmal Killer","Venomology"],"picked":"Malaise","floor":16},{"not_picked":["Acrobatics+1","Bane+1"],"picked":"Deflect+1","floor":18},{"not_picked":["Acrobatics","Dagger Spray+1"],"picked":"Backflip+1","floor":19},{"not_picked":["Quick Slash","Sucker Punch","All Out Attack"],"picked":"SKIP","floor":21}],"player_experience":110597,"relics_obtained":[{"floor":9,"key":"Oddly Smooth Stone"},{"floor":13,"key":"Happy Flower"}],"event_choices":[{"damage_healed":0,"gold_gain":0,"player_choice":"Entered Light","damage_taken":13,"max_hp_gain":0,"max_hp_loss":0,"event_name":"Shining Light","floor":3,"gold_loss":0,"cards_upgraded":["Defend_G","Strike_G"]},{"damage_healed":0,"gold_gain":0,"player_choice":"Ignored","damage_taken":0,"max_hp_gain":0,"max_hp_loss":0,"event_name":"NoteForYourself","floor":10,"gold_loss":0},{"damage_healed":0,"gold_gain":99,"player_choice":"Stole From Cult","damage_taken":0,"max_hp_gain":0,"max_hp_loss":0,"event_name":"Nest","floor":20,"gold_loss":0}],"is_beta":false,"boss_relics":[{"not_picked":["Sozu","Cursed Key"],"picked":"Black Star"}],"items_purged_floors":[22],"is_endless":false,"potions_floor_spawned":[5,7,8,21],"killed_by":"Cultist and Chosen","ascension_level":0}