{"gold_per_floor":[109,109,109,128,203,234,234,264,264,264,276,276,293,14,14,86,86,99,111,26,43,43,43,43,63,88,88,119,119,119,131,131,202,202,215,226,281,281,294,294,294,294,319,348,375,387,399,423,435,447],"floor_reached":51,"playtime":5995,"items_purged":[],"score":1361,"play_id":"01e75aaf-77ba-454a-aa98-20f5da47f193","local_time":"20190203125817","is_ascension_mode":true,"campfire_choices":[{"data":"Well Laid Plans","floor":7,"key":"SMITH"},{"floor":10,"key":"REST"},{"data":"Dash","floor":12,"key":"SMITH"},{"floor":15,"key":"REST"},{"data":"Neutralize","floor":23,"key":"SMITH"},{"floor":29,"key":"REST"},{"floor":32,"key":"REST"},{"data":"Adrenaline","floor":40,"key":"SMITH"},{"data":"Backflip","floor":47,"key":"SMITH"},{"floor":49,"key":"RECALL"}],"neow_cost":"NONE","seed_source_timestamp":2051702484540772,"circlet_count":0,"master_deck":["AscendersBane","Defend_G+1","Defend_G+1","Defend_G+1","Defend_G+1","Strike_G+1","Strike_G+1","Strike_G+1","Strike_G+1","Survivor+1","Neutralize+1","PiercingWail+1","Dash+1","Well Laid Plans+1","Slice+1","Escape Plan+1","After Image+1","After Image+1","Bouncing Flask+1","Infinite Blades+1","Dash+1","Deflect+1","Adrenaline+1","Flying Knee+1","Accuracy+1","Accuracy+1","Backflip+1","Deflect+1"],"relics":["Ring of the Snake","NeowsBlessing","Bag of Preparation","Pen Nib","Molten Egg 2","Question Card","Sozu","Dead Branch","Whetstone","Juzu Bracelet","Enchiridion","Philosopher\u0027s Stone","WingedGreaves","Mark of the Bloom","Anchor","Bottled Tornado","MawBank"],"potions_floor_usage":[16,16],"damage_taken":[{"damage":0,"enemies":"Jaw Worm","floor":1,"turns":1},{"damage":0,"enemies":"Small Slimes","floor":4,"turns":1},{"damage":0,"enemies":"3 Sentries","floor":6,"turns":1},{"damage":36,"enemies":"Lagavulin","floor":8,"turns":7},{"damage":0,"enemies":"Cultist","floor":11,"turns":3},{"damage":0,"enemies":"Large Slime","floor":13,"turns":4},{"damage":34,"enemies":"Slime Boss","floor":16,"turns":21},{"damage":0,"enemies":"Spheric Guardian","floor":18,"turns":5},{"damage":0,"enemies":"3 Byrds","floor":19,"turns":5},{"damage":10,"enemies":"Shelled Parasite and Fungi","floor":21,"turns":5},{"damage":6,"enemies":"3 Cultists","floor":25,"turns":7},{"damage":26,"enemies":"Slavers","floor":28,"turns":6},{"damage":0,"enemies":"Snake Plant","floor":31,"turns":5},{"damage":2,"enemies":"Champ","floor":33,"turns":15},{"damage":0,"enemies":"Orb Walker","floor":35,"turns":2},{"damage":0,"enemies":"3 Shapes","floor":36,"turns":5},{"damage":25,"enemies":"2 Orb Walkers","floor":37,"turns":5},{"damage":6,"enemies":"Maw","floor":39,"turns":5},{"damage":0,"enemies":"Giant Head","floor":44,"turns":7},{"damage":0,"enemies":"Nemesis","floor":45,"turns":5},{"damage":0,"enemies":"Sphere and 2 Shapes","floor":48,"turns":4},{"damage":37,"enemies":"Awakened One","floor":50,"turns":14}],"seed_played":"5395895531485077114","potions_obtained":[{"floor":1,"key":"Swift Potion"},{"floor":8,"key":"SteroidPotion"},{"floor":13,"key":"Weak Potion"}],"is_trial":false,"path_per_floor":["M","?","?","M","?","E","R","E","T","R","M","R","M","$","R","B",null,"M","M","?","M","$","R","$","M","T","?","E","R","?","M","R","B",null,"M","M","?","?","M","R","?","?","T","E","E","?","R","M","R","B",null],"character_chosen":"THE_SILENT","items_purchased":["Question Card"],"campfire_rested":4,"item_purchase_floors":[14],"current_hp_per_floor":[59,52,52,52,41,41,41,5,5,24,24,24,24,24,43,9,52,52,52,52,42,42,42,42,36,36,36,10,29,8,8,27,25,56,56,56,31,54,48,48,48,48,48,48,48,48,48,48,48,11],"gold":459,"neow_bonus":"THREE_ENEMY_KILL","is_prod":false,"is_daily":false,"chose_seed":false,"campfire_upgraded":5,"win_rate":0,"timestamp":1549227497,"path_taken":["M","?","?","?","?","E","R","E","T","R","M","R","M","$","R","BOSS","M","M","?","M","$","R","$","M","T","?","E","R","?","M","R","BOSS","M","M","?","?","M","R","?","?","T","E","E","?","R","M","R","BOSS"],"build_version":"2019-01-23","purchased_purges":0,"victory":true,"max_hp_per_floor":[66,66,66,66,66,66,66,66,66,66,66,66,66,66,66,66,66,66,66,66,66,66,66,66,66,66,66,66,66,66,66,66,66,66,66,66,66,54,54,54,54,54,54,54,54,51,51,51,51,51],"card_choices":[{"not_picked":["Reflex","Choke"],"picked":"PiercingWail","floor":1},{"not_picked":["Deflect","Blade Dance"],"picked":"Dash","floor":4},{"not_picked":["Concentrate","Riddle With Holes"],"picked":"Well Laid Plans","floor":6},{"not_picked":["Acrobatics","Sucker Punch"],"picked":"Slice","floor":8},{"not_picked":["Caltrops","Flying Knee+1"],"picked":"Escape Plan","floor":11},{"not_picked":["Backflip","Skewer+1"],"picked":"After Image","floor":13},{"not_picked":["Tools of the Trade","Venomology","Malaise"],"picked":"After Image","floor":16},{"not_picked":["Dagger Spray+1","Escape Plan+1","Expertise"],"picked":"Bouncing Flask+1","floor":18},{"not_picked":["Blade Dance","Distraction","Dodge and Roll","Flechettes+1"],"picked":"SKIP","floor":19},{"not_picked":["Acrobatics+1","Choke+1","PiercingWail","Blade Dance"],"picked":"SKIP","floor":21},{"not_picked":["Concentrate","Poisoned Stab+1","PiercingWail"],"picked":"Infinite Blades","floor":25},{"not_picked":["Dagger Throw+1","Terror","Blade Dance"],"picked":"Dash+1","floor":28},{"not_picked":["Underhanded Strike+1","Distraction+1","Dagger Throw+1"],"picked":"Deflect+1","floor":31},{"not_picked":["Unload+1","Phantasmal Killer","Corpse Explosion"],"picked":"Adrenaline","floor":33},{"not_picked":["Deflect","Acrobatics+1","Dagger Throw+1","Sucker Punch+1"],"picked":"SKIP","floor":35},{"not_picked":["Quick Slash+1","Blade Dance+1","Deadly Poison"],"picked":"Flying Knee+1","floor":36},{"not_picked":["Distraction","Bane+1","Calculated Gamble"],"picked":"Accuracy+1","floor":39},{"not_picked":["Dagger Spray+1","Predator+1","Dagger Throw+1"],"picked":"Accuracy+1","floor":44},{"not_picked":["Concentrate","Deflect","Dagger Spray+1"],"picked":"Backflip","floor":45},{"not_picked":["Deadly Poison","Underhanded Strike+1","Tactician+1"],"picked":"Deflect+1","floor":48}],"player_experience":589570,"relics_obtained":[{"floor":6,"key":"Bag of Preparation"},{"floor":8,"key":"Pen Nib"},{"floor":9,"key":"Molten Egg 2"},{"floor":26,"key":"Whetstone"},{"floor":28,"key":"Juzu Bracelet"},{"floor":30,"key":"Enchiridion"},{"floor":37,"key":"WingedGreaves"},{"floor":43,"key":"Anchor"},{"floor":44,"key":"Bottled Tornado"},{"floor":45,"key":"MawBank"}],"event_choices":[{"cards_removed":["Strike_G"],"damage_healed":0,"gold_gain":0,"player_choice":"Card Removal","damage_taken":7,"max_hp_gain":0,"max_hp_loss":0,"event_name":"Golden Wing","floor":2,"gold_loss":0},{"cards_removed":["Defend_G"],"damage_healed":0,"gold_gain":0,"player_choice":"Card Removal","damage_taken":0,"max_hp_gain":0,"max_hp_loss":0,"event_name":"Wheel of Change","floor":3,"gold_loss":0},{"damage_healed":0,"gold_gain":75,"player_choice":"Gather Gold","damage_taken":11,"max_hp_gain":0,"max_hp_loss":0,"event_name":"World of Goop","floor":5,"gold_loss":0},{"damage_healed":0,"gold_gain":0,"player_choice":"Obtained Relic","damage_taken":0,"relics_obtained":["Dead Branch"],"max_hp_gain":0,"max_hp_loss":0,"event_name":"Addict","floor":20,"gold_loss":85},{"damage_healed":0,"gold_gain":0,"player_choice":"Upgraded","damage_taken":0,"max_hp_gain":0,"max_hp_loss":0,"event_name":"Upgrade Shrine","floor":27,"gold_loss":0,"cards_upgraded":["Escape Plan"]},{"damage_healed":0,"gold_gain":0,"player_choice":"Obtained Book","damage_taken":21,"max_hp_gain":0,"max_hp_loss":0,"event_name":"Cursed Tome","floor":30,"gold_loss":0},{"damage_healed":0,"gold_gain":0,"player_choice":"Fight","damage_taken":0,"max_hp_gain":0,"max_hp_loss":0,"event_name":"Mysterious Sphere","floor":37,"gold_loss":0},{"damage_healed":54,"gold_gain":0,"player_choice":"Heal","damage_taken":0,"max_hp_gain":0,"max_hp_loss":12,"event_name":"The Moai Head","floor":38,"gold_loss":0},{"damage_healed":0,"gold_gain":0,"player_choice":"Upgrade","damage_taken":0,"relics_obtained":["Mark of the Bloom"],"max_hp_gain":0,"max_hp_loss":0,"event_name":"MindBloom","floor":41,"gold_loss":0,"cards_upgraded":["Defend_G","Defend_G","Defend_G","Defend_G","Strike_G","Strike_G","Survivor","PiercingWail","Slice","After Image","After Image","Infinite Blades"]},{"damage_healed":0,"gold_gain":0,"player_choice":"Ignored","damage_taken":0,"max_hp_gain":0,"max_hp_loss":0,"event_name":"Tomb of Lord Red Mask","floor":42,"gold_loss":0},{"damage_healed":0,"gold_gain":0,"player_choice":"Max HP","damage_taken":0,"max_hp_gain":0,"max_hp_loss":3,"event_name":"Winding Halls","floor":46,"gold_loss":0}],"is_beta":false,"boss_relics":[{"not_picked":["Runic Pyramid","Busted Crown"],"picked":"Sozu"},{"not_picked":["Orrery","White Beast Statue"],"picked":"Philosopher\u0027s Stone"}],"items_purged_floors":[],"is_endless":false,"potions_floor_spawned":[1,8,13,21,31,36,44],"ascension_level":16}