{"gold_per_floor":[118,118,137,155,155,155,193,205,243,255,303,80,101,122,122,122],"floor_reached":16,"playtime":836,"items_purged":[],"score":187,"play_id":"36de3536-a0d0-45ee-8816-4f557fcc6844","local_time":"20190116153523","is_ascension_mode":true,"campfire_choices":[{"data":"Bash","floor":6,"key":"SMITH"},{"data":"Exhume","floor":8,"key":"SMITH"},{"data":"Reckless Charge","floor":10,"key":"SMITH"},{"data":"Bandage Up","floor":15,"key":"SMITH"}],"neow_cost":"NONE","seed_source_timestamp":511132912851299,"circlet_count":0,"master_deck":["AscendersBane","Strike_R","Strike_R","Strike_R","Defend_R","Defend_R","Defend_R","Defend_R","Bash+1","Reckless Charge+1","Exhume+1","Bandage Up+1","Metallicize","Exhume","Iron Wave"],"relics":["Burning Blood","Golden Idol","MawBank","Omamori","Bottled Flame"],"potions_floor_usage":[7,11,16],"damage_taken":[{"damage":12,"enemies":"Jaw Worm","floor":1,"turns":3},{"damage":1,"enemies":"Cultist","floor":3,"turns":4},{"damage":0,"enemies":"Small Slimes","floor":4,"turns":3},{"damage":18,"enemies":"Gremlin Nob","floor":7,"turns":4},{"damage":40,"enemies":"3 Sentries","floor":11,"turns":12},{"damage":9,"enemies":"2 Fungi Beasts","floor":13,"turns":4},{"damage":16,"enemies":"Red Slaver","floor":14,"turns":4},{"damage":37,"enemies":"Hexaghost","floor":16,"turns":10}],"seed_played":"-495228998125763931","potions_obtained":[{"floor":3,"key":"LiquidBronze"},{"floor":4,"key":"FearPotion"},{"floor":13,"key":"Fire Potion"},{"floor":14,"key":"Weak Potion"}],"is_trial":false,"path_per_floor":["M","?","M","M","?","R","E","R","T","R","E","$","M","M","R","B"],"character_chosen":"IRONCLAD","items_purchased":["Bandage Up","Metallicize","Exhume"],"campfire_rested":0,"item_purchase_floors":[12,12,12],"current_hp_per_floor":[62,62,67,73,55,55,43,43,43,43,9,9,18,16,16,0],"gold":122,"neow_bonus":"TRANSFORM_CARD","is_prod":false,"is_daily":false,"chose_seed":false,"campfire_upgraded":4,"win_rate":0,"timestamp":1547681723,"path_taken":["M","?","?","M","?","R","E","R","T","R","E","$","M","M","R","BOSS"],"build_version":"2019-01-10","purchased_purges":0,"victory":false,"max_hp_per_floor":[75,75,75,75,75,75,75,75,75,75,75,75,75,75,75,75],"card_choices":[{"not_picked":["Warcry","Anger","Rampage"],"picked":"SKIP","floor":1},{"not_picked":["Havoc","Heavy Blade","Anger"],"picked":"SKIP","floor":3},{"not_picked":["Wild Strike","Body Slam"],"picked":"Exhume","floor":4},{"not_picked":["Second Wind","Sever Soul","True Grit"],"picked":"SKIP","floor":7},{"not_picked":["Hemokinesis","Clash","Spot Weakness"],"picked":"SKIP","floor":11},{"not_picked":["True Grit","Perfected Strike","Cleave"],"picked":"SKIP","floor":13},{"not_picked":["Heavy Blade","Armaments"],"picked":"Iron Wave","floor":14}],"player_experience":356403,"relics_obtained":[{"floor":7,"key":"MawBank"},{"floor":9,"key":"Omamori"},{"floor":11,"key":"Bottled Flame"}],"event_choices":[{"cards_removed":["Strike_R"],"damage_healed":0,"gold_gain":0,"player_choice":"Offered Basic","damage_taken":0,"max_hp_gain":0,"max_hp_loss":0,"event_name":"Bonfire Elementals","floor":2,"gold_loss":0},{"damage_healed":0,"gold_gain":0,"player_choice":"Take Damage","damage_taken":18,"relics_obtained":["Golden Idol"],"max_hp_gain":0,"max_hp_loss":0,"event_name":"Golden Idol","floor":5,"gold_loss":0}],"is_beta":false,"boss_relics":[],"items_purged_floors":[],"is_endless":false,"potions_floor_spawned":[3,4,13,14],"killed_by":"Hexaghost","ascension_level":14}