{"gold_per_floor":[119,119,130,130,147,147,167,167,167,192,192,210,230,257,257,257],"floor_reached":16,"playtime":834,"items_purged":[],"score":162,"play_id":"9a6edc09-9631-4de3-82a7-ddefce7978e3","local_time":"20190131130539","is_ascension_mode":true,"campfire_choices":[{"data":"Cleave","floor":6,"key":"SMITH"},{"data":"Flame Barrier","floor":11,"key":"SMITH"},{"data":"True Grit","floor":15,"key":"SMITH"}],"neow_cost":"NONE","seed_source_timestamp":46225922026731,"circlet_count":0,"master_deck":["Strike_R","Strike_R","Strike_R","Defend_R","Defend_R","Defend_R","Defend_R","Bash+1","Feel No Pain","Shrug It Off","Cleave+1","True Grit+1","Flame Barrier+1","Inflame","Shockwave","Headbutt"],"relics":["Burning Blood","WingedGreaves","Meat on the Bone","Prayer Wheel"],"potions_floor_usage":[1,10,10,14],"damage_taken":[{"damage":10,"enemies":"Jaw Worm","floor":1,"turns":6},{"damage":0,"enemies":"2 Louse","floor":3,"turns":3},{"damage":0,"enemies":"Cultist","floor":5,"turns":4},{"damage":2,"enemies":"2 Fungi Beasts","floor":7,"turns":4},{"damage":28,"enemies":"Gremlin Nob","floor":10,"turns":4},{"damage":2,"enemies":"Looter","floor":12,"turns":5},{"damage":9,"enemies":"Gremlin Gang","floor":13,"turns":4},{"damage":25,"enemies":"3 Sentries","floor":14,"turns":7},{"damage":56,"enemies":"Hexaghost","floor":16,"turns":12}],"seed_played":"3945866071881340681","potions_obtained":[{"floor":0,"key":"Poison Potion"},{"floor":0,"key":"GamblersBrew"},{"floor":0,"key":"SmokeBomb"},{"floor":1,"key":"FairyPotion"},{"floor":5,"key":"Regen Potion"},{"floor":12,"key":"Swift Potion"},{"floor":13,"key":"PowerPotion"}],"is_trial":false,"path_per_floor":["M","?","M","?","M","R","M","?","T","E","R","M","M","E","R","B"],"character_chosen":"IRONCLAD","items_purchased":[],"campfire_rested":0,"item_purchase_floors":[],"current_hp_per_floor":[68,61,67,67,73,73,77,77,77,60,60,64,61,54,54,0],"gold":257,"neow_bonus":"THREE_SMALL_POTIONS","is_prod":false,"is_daily":false,"chose_seed":false,"campfire_upgraded":3,"win_rate":0,"timestamp":1548957939,"path_taken":["M","?","M","?","M","R","M","?","T","E","R","M","?","E","R","BOSS"],"build_version":"2019-01-23","purchased_purges":0,"victory":false,"max_hp_per_floor":[80,80,80,80,80,80,80,80,80,80,80,80,80,80,80,80],"card_choices":[{"not_picked":["Warcry","Thunderclap"],"picked":"Feel No Pain","floor":1},{"not_picked":["Cleave","Reckless Charge"],"picked":"Shrug It Off","floor":3},{"not_picked":["Metallicize","Evolve"],"picked":"Cleave","floor":5},{"not_picked":["Havoc","Rupture"],"picked":"True Grit","floor":7},{"not_picked":["Rupture","Feel No Pain"],"picked":"Flame Barrier","floor":10},{"not_picked":["Sever Soul","Pommel Strike"],"picked":"Inflame","floor":12},{"not_picked":["Bloodletting","Thunderclap"],"picked":"Shockwave","floor":13},{"not_picked":["Twin Strike","Impervious"],"picked":"Headbutt","floor":14}],"player_experience":421399,"relics_obtained":[{"floor":9,"key":"WingedGreaves"},{"floor":10,"key":"Meat on the Bone"},{"floor":14,"key":"Prayer Wheel"}],"event_choices":[{"cards_removed":["Strike_R"],"damage_healed":0,"gold_gain":0,"player_choice":"Card Removal","damage_taken":7,"max_hp_gain":0,"max_hp_loss":0,"event_name":"Golden Wing","floor":2,"gold_loss":0},{"damage_healed":0,"gold_gain":0,"player_choice":"Grow","damage_taken":0,"max_hp_gain":0,"max_hp_loss":0,"event_name":"Living Wall","floor":4,"gold_loss":0,"cards_upgraded":["Bash"]},{"cards_removed":["Strike_R"],"damage_healed":0,"gold_gain":0,"player_choice":"Purged","damage_taken":0,"max_hp_gain":0,"max_hp_loss":0,"event_name":"Purifier","floor":8,"gold_loss":0}],"is_beta":false,"boss_relics":[],"items_purged_floors":[],"is_endless":false,"potions_floor_spawned":[1,5,12,13],"killed_by":"Hexaghost","ascension_level":9}