{"gold_per_floor":[117,134,154,174,192,227,227,227,253,281,296,327,18,82,82,156,156,167,167,186,199,44,77,95,115,115,149,61,80,91,140,140,215,215,229,1228,1240,712,712],"floor_reached":39,"playtime":2980,"items_purged":["Strike_G","Normality"],"score":873,"play_id":"0d523d70-207b-4592-b541-7541a59b954f","local_time":"20190129201649","is_ascension_mode":true,"campfire_choices":[{"data":"Dagger Spray","floor":8,"key":"SMITH"},{"floor":15,"key":"REST"},{"floor":32,"key":"REST"}],"neow_cost":"NONE","seed_source_timestamp":612742992907282,"circlet_count":0,"master_deck":["AscendersBane","Defend_G","Defend_G","Defend_G","Defend_G","Defend_G","Strike_G","Strike_G","Strike_G","Strike_G","Survivor","Neutralize","Dagger Spray+1","Backstab","Flying Knee","Poisoned Stab","Quick Slash","Terror","Storm of Steel","Infinite Blades","Cloak And Dagger","After Image+1","Glass Knife","Backstab","Malaise","Cloak And Dagger+1","Blade Dance","Adrenaline","Footwork","Grand Finale","Cloak And Dagger","PiercingWail","Poisoned Stab+1","Well Laid Plans","Backstab","After Image","Glass Knife","Deflect","Normality","Accuracy","Parasite"],"relics":["Ring of the Serpent","Orichalcum","Bag of Marbles","Bag of Preparation","Bronze Scales","Happy Flower","Fusion Hammer","Centennial Puzzle","Dream Catcher","Smiling Mask","Membership Card","WingedGreaves"],"potions_floor_usage":[5,6,6,23,27,33,33,37,37,39],"damage_taken":[{"damage":0,"enemies":"Cultist","floor":1,"turns":4},{"damage":4,"enemies":"Small Slimes","floor":2,"turns":4},{"damage":1,"enemies":"2 Louse","floor":3,"turns":2},{"damage":0,"enemies":"Red Slaver","floor":4,"turns":3},{"damage":9,"enemies":"Exordium Thugs","floor":5,"turns":4},{"damage":20,"enemies":"Lagavulin","floor":6,"turns":6},{"damage":6,"enemies":"3 Sentries","floor":10,"turns":5},{"damage":0,"enemies":"2 Fungi Beasts","floor":11,"turns":1},{"damage":14,"enemies":"Lagavulin","floor":12,"turns":5},{"damage":2,"enemies":"3 Sentries","floor":14,"turns":6},{"damage":15,"enemies":"Hexaghost","floor":16,"turns":8},{"damage":1,"enemies":"Chosen","floor":18,"turns":4},{"damage":10,"enemies":"Spheric Guardian","floor":20,"turns":4},{"damage":1,"enemies":"Snake Plant","floor":21,"turns":4},{"damage":3,"enemies":"Gremlin Leader","floor":23,"turns":7},{"damage":6,"enemies":"Centurion and Healer","floor":24,"turns":4},{"damage":0,"enemies":"Snecko","floor":25,"turns":5},{"damage":5,"enemies":"Book of Stabbing","floor":27,"turns":5},{"damage":8,"enemies":"Shelled Parasite and Fungi","floor":29,"turns":3},{"damage":10,"enemies":"Snake Plant","floor":30,"turns":3},{"damage":9,"enemies":"Collector","floor":33,"turns":9},{"damage":1,"enemies":"3 Shapes","floor":35,"turns":5},{"damage":43,"enemies":"3 Darklings","floor":37,"turns":5},{"damage":25,"enemies":"Writhing Mass","floor":39,"turns":9}],"seed_played":"-6068315862864405635","potions_obtained":[{"floor":3,"key":"Explosive Potion"},{"floor":4,"key":"Block Potion"},{"floor":5,"key":"SteroidPotion"},{"floor":12,"key":"FearPotion"},{"floor":16,"key":"Regen Potion"},{"floor":20,"key":"Explosive Potion"},{"floor":25,"key":"Fire Potion"},{"floor":27,"key":"GamblersBrew"},{"floor":30,"key":"Weak Potion"},{"floor":33,"key":"LiquidBronze"},{"floor":35,"key":"Poison Potion"}],"is_trial":false,"path_per_floor":["M","M","M","M","M","E","?","R","T","E","M","E","$","?","R","B",null,"M","?","M","M","$","E","M","M","T","E","$","M","M","T","R","B",null,"M","?","M","$","M"],"character_chosen":"THE_SILENT","items_purchased":["After Image","Glass Knife","Footwork","Well Laid Plans","Membership Card","WingedGreaves","Accuracy","EssenceOfSteel"],"campfire_rested":2,"item_purchase_floors":[13,13,22,28,38,38,38,38],"current_hp_per_floor":[65,61,60,60,51,31,31,31,31,25,25,11,11,9,30,15,58,57,57,47,46,46,57,51,51,51,46,46,38,28,28,49,40,64,63,63,20,20,0],"gold":712,"neow_bonus":"TEN_PERCENT_HP_BONUS","is_prod":false,"is_daily":false,"chose_seed":false,"campfire_upgraded":1,"win_rate":0,"timestamp":1548814609,"path_taken":["M","M","?","M","M","E","?","R","T","E","M","E","$","?","R","BOSS","M","?","M","?","$","E","M","M","T","E","$","M","M","?","R","BOSS","M","?","M","$","M"],"build_version":"2019-01-23","purchased_purges":2,"victory":false,"max_hp_per_floor":[72,72,72,72,72,72,72,72,72,72,72,72,72,72,72,72,72,72,72,72,72,72,72,72,72,72,72,72,72,72,72,72,72,72,72,72,72,72,72],"card_choices":[{"not_picked":["Riddle With Holes","Predator"],"picked":"Dagger Spray","floor":1},{"not_picked":["Deadly Poison","Finisher"],"picked":"Backstab","floor":2},{"not_picked":["Deadly Poison","Underhanded Strike"],"picked":"Flying Knee","floor":3},{"not_picked":["Burst","Outmaneuver"],"picked":"Poisoned Stab","floor":4},{"not_picked":["Caltrops","Deadly Poison"],"picked":"Quick Slash","floor":5},{"not_picked":["Concentrate","Blade Dance"],"picked":"Terror","floor":6},{"not_picked":["Dagger Throw","Backflip"],"picked":"Storm of Steel","floor":10},{"not_picked":["Deadly Poison","Bouncing Flask"],"picked":"Infinite Blades","floor":11},{"not_picked":["Poisoned Stab","Masterful Stab"],"picked":"Cloak And Dagger","floor":12},{"not_picked":["Finisher","Backflip"],"picked":"Backstab","floor":14},{"not_picked":["Venomology","Envenom"],"picked":"Malaise","floor":16},{"not_picked":["Poisoned Stab","Acrobatics"],"picked":"Cloak And Dagger+1","floor":18},{"not_picked":["Flying Knee","Bouncing Flask"],"picked":"Blade Dance","floor":20},{"not_picked":["Skewer+1","Concentrate"],"picked":"Adrenaline","floor":21},{"not_picked":["Outmaneuver","Poisoned Stab"],"picked":"Grand Finale","floor":23},{"not_picked":["Dagger Spray","Skewer"],"picked":"Cloak And Dagger","floor":24},{"not_picked":["Underhanded Strike","Bane"],"picked":"PiercingWail","floor":25},{"not_picked":["Slice","Blade Dance"],"picked":"Poisoned Stab+1","floor":27},{"not_picked":["Tactician","Setup","Dodge and Roll"],"picked":"SKIP","floor":29},{"not_picked":["Deflect","Choke"],"picked":"Backstab","floor":30},{"not_picked":["Flying Knee","Caltrops"],"picked":"After Image","floor":32},{"not_picked":["Phantasmal Killer","Unload"],"picked":"Glass Knife","floor":33},{"not_picked":["Sucker Punch","Dagger Throw+1"],"picked":"Deflect","floor":35},{"not_picked":["Outmaneuver+1","Concentrate","Dagger Throw"],"picked":"SKIP","floor":37}],"player_experience":622344,"relics_obtained":[{"floor":6,"key":"Orichalcum"},{"floor":9,"key":"Bag of Marbles"},{"floor":10,"key":"Bag of Preparation"},{"floor":12,"key":"Bronze Scales"},{"floor":14,"key":"Happy Flower"},{"floor":23,"key":"Centennial Puzzle"},{"floor":27,"key":"Dream Catcher"},{"floor":31,"key":"Smiling Mask"}],"event_choices":[{"damage_healed":0,"gold_gain":0,"player_choice":"Ignored","damage_taken":0,"max_hp_gain":0,"max_hp_loss":0,"event_name":"Shining Light","floor":7,"gold_loss":0},{"damage_healed":0,"gold_gain":0,"player_choice":"Searched \u00271\u0027 times","damage_taken":0,"max_hp_gain":0,"max_hp_loss":0,"event_name":"Dead Adventurer","floor":14,"gold_loss":0},{"damage_healed":0,"gold_gain":0,"player_choice":"Forge","damage_taken":0,"max_hp_gain":0,"max_hp_loss":0,"event_name":"Accursed Blacksmith","floor":19,"gold_loss":0,"cards_upgraded":["After Image"]},{"damage_healed":0,"gold_gain":999,"player_choice":"Gold","damage_taken":0,"max_hp_gain":0,"max_hp_loss":0,"event_name":"MindBloom","floor":36,"gold_loss":0,"cards_obtained":["Normality","Normality"]}],"is_beta":false,"boss_relics":[{"not_picked":["WristBlade","Tiny House"],"picked":"Fusion Hammer"},{"not_picked":["HoveringKite","White Beast Statue"],"picked":"Ring of the Serpent"}],"items_purged_floors":[22,38],"is_endless":false,"potions_floor_spawned":[3,4,5,12,16,20,25,27,30,33,35],"killed_by":"Writhing Mass","ascension_level":17}