{"gold_per_floor":[112,32,42,42,54,85,97,110,110,210,210,160,88,101,101,206,206,206,206,206,206,1,1,1,1,1,1,1,1,1,1,1,1],"floor_reached":33,"playtime":2171,"items_purged":["Writhe"],"score":434,"play_id":"19c0d322-8fb6-459c-a5df-fbed19898f58","local_time":"20181029005829","is_ascension_mode":true,"campfire_choices":[{"floor":11.0,"key":"REST"},{"data":"True Grit","floor":15.0,"key":"SMITH"},{"floor":23,"key":"REST"},{"data":"Immolate","floor":29,"key":"SMITH"},{"floor":32,"key":"REST"}],"neow_cost":"CURSE","seed_source_timestamp":0,"circlet_count":0,"master_deck":["Strike_R","Strike_R","Strike_R","Strike_R","Strike_R","Defend_R","Defend_R","Defend_R","Defend_R","Bash","AscendersBane","Bludgeon","Power Through","Ghostly Armor","Shrug It Off","Pommel Strike","Perfected Strike","Iron Wave","Ghostly Armor","Anger","Headbutt","Inflame","True Grit+1","Immolate+1","Iron Wave","True Grit+1","Pommel Strike+1","Shockwave+1","Spot Weakness+1","Disarm+1","Disarm+1","True Grit+1"],"special_seed":0,"relics":["Burning Blood","Dream Catcher","Smiling Mask","Ectoplasm","Orichalcum","Oddly Smooth Stone","Sundial","Toxic Egg 2","WingedGreaves"],"potions_floor_usage":[28],"damage_taken":[{"damage":2.0,"enemies":"Small Slimes","floor":1.0,"turns":3.0},{"damage":12.0,"enemies":"Cultist","floor":3.0,"turns":4.0},{"damage":4.0,"enemies":"Jaw Worm","floor":5.0,"turns":3.0},{"damage":26.0,"enemies":"3 Sentries","floor":6.0,"turns":9.0},{"damage":11.0,"enemies":"2 Fungi Beasts","floor":7.0,"turns":4.0},{"damage":9.0,"enemies":"Blue Slaver","floor":8.0,"turns":4.0},{"damage":21.0,"enemies":"Exordium Thugs","floor":14.0,"turns":4.0},{"damage":47.0,"enemies":"Hexaghost","floor":16.0,"turns":12.0},{"damage":21,"enemies":"3 Byrds","floor":18,"turns":6},{"damage":17,"enemies":"Shell Parasite","floor":19,"turns":6},{"damage":14,"enemies":"Centurion and Healer","floor":21,"turns":6},{"damage":9,"enemies":"3 Cultists","floor":25,"turns":6},{"damage":26,"enemies":"Gremlin Leader","floor":27,"turns":5},{"damage":6,"enemies":"Snake Plant","floor":28,"turns":5},{"damage":12,"enemies":"Sentry and Sphere","floor":30,"turns":5},{"damage":9,"enemies":"Centurion and Healer","floor":31,"turns":7},{"damage":57,"enemies":"Automaton","floor":33,"turns":8}],"seed_played":"8581331094750561622","potions_obtained":[{"floor":4.0,"key":"Strength Potion"},{"floor":4.0,"key":"Regen Potion"},{"floor":4.0,"key":"Block Potion"},{"floor":6.0,"key":"EssenceOfSteel"},{"floor":18,"key":"SteroidPotion"},{"floor":27,"key":"Regen Potion"}],"is_trial":false,"path_per_floor":["M","$","M","?","M","E","M","M","T","?","R","?","$","M","R","B",null,"M","M","?","M","$","R","?","M","T","E","M","R","M","M","R"],"character_chosen":"IRONCLAD","items_purchased":["Ghostly Armor","Shrug It Off","Inflame","Oddly Smooth Stone"],"campfire_rested":3,"item_purchase_floors":[2,2,13,22],"current_hp_per_floor":[76,76,70,70,72,52,47,44,44,44,68,68,68,58,58,17,64,49,38,38,30,30,54,54,51,51,31,40,40,34,31,55,0],"gold":1,"neow_bonus":"THREE_RARE_CARDS","is_prod":false,"is_daily":false,"chose_seed":false,"campfire_upgraded":2,"win_rate":0,"timestamp":1540792709,"path_taken":["M","$","M","?","M","E","M","?","T","?","R","?","$","M","R","BOSS","M","M","?","M","$","R","?","M","T","E","M","R","M","M","R","BOSS"],"build_version":"2018-10-25v2","purchased_purges":1,"victory":false,"max_hp_per_floor":[80,80,80,80,80,80,80,80,80,80,80,80,80,80,80,80,80,80,80,80,80,80,80,80,80,80,80,80,80,80,80,80,80],"card_choices":[{"not_picked":["Berserk","Feed"],"picked":"Bludgeon","floor":0.0},{"not_picked":["Intimidate","Havoc"],"picked":"Power Through","floor":1.0},{"not_picked":["Heavy Blade","Evolve"],"picked":"Pommel Strike","floor":3.0},{"not_picked":["Flex","Armaments"],"picked":"Perfected Strike","floor":5.0},{"not_picked":["Anger","Dropkick"],"picked":"Iron Wave","floor":6.0},{"not_picked":["True Grit","Clash"],"picked":"Ghostly Armor","floor":7.0},{"not_picked":["Wild Strike","Fire Breathing"],"picked":"Anger","floor":8.0},{"not_picked":["Anger","Wild Strike"],"picked":"Headbutt","floor":11.0},{"not_picked":["Thunderclap","Uppercut"],"picked":"True Grit","floor":14.0},{"not_picked":["Berserk","Reaper"],"picked":"Immolate","floor":16.0},{"not_picked":["Headbutt","Havoc"],"picked":"Iron Wave","floor":18},{"not_picked":["Havoc","Searing Blow"],"picked":"True Grit+1","floor":19},{"not_picked":["Clothesline","Sword Boomerang","Warcry"],"picked":"SKIP","floor":21},{"not_picked":["Immolate","Clash"],"picked":"Pommel Strike+1","floor":23},{"not_picked":["Dropkick","Sword Boomerang"],"picked":"Shockwave+1","floor":25},{"not_picked":["Shockwave+1","Cleave+1"],"picked":"Spot Weakness+1","floor":27},{"not_picked":["Twin Strike","Sword Boomerang","Clothesline"],"picked":"SKIP","floor":28},{"not_picked":["Bloodletting+1","Limit Break+1"],"picked":"Disarm+1","floor":30},{"not_picked":["Rage+1","Carnage"],"picked":"Disarm+1","floor":31},{"not_picked":["Battle Trance+1","Iron Wave"],"picked":"True Grit+1","floor":32}],"player_experience":422990,"relics_obtained":[{"floor":6.0,"key":"Dream Catcher"},{"floor":9.0,"key":"Smiling Mask"},{"floor":26,"key":"Toxic Egg 2"},{"floor":27,"key":"WingedGreaves"}],"event_choices":[{"damage_healed":0.0,"max_hp_gain":0.0,"max_hp_loss":0.0,"gold_gain":0.0,"event_name":"The Lab","player_choice":"Got Potions","floor":4.0,"gold_loss":0.0,"damage_taken":0.0},{"damage_healed":0.0,"max_hp_gain":0.0,"max_hp_loss":0.0,"gold_gain":100.0,"event_name":"Golden Shrine","player_choice":"Pray","floor":10.0,"gold_loss":0.0,"damage_taken":0.0},{"cards_removed":["Regret"],"damage_healed":0.0,"max_hp_gain":0.0,"max_hp_loss":0.0,"gold_gain":0.0,"event_name":"The Cleric","player_choice":"Card Removal","floor":12.0,"gold_loss":50.0,"damage_taken":0.0},{"damage_healed":0,"gold_gain":0,"player_choice":"Opened","damage_taken":0,"relics_obtained":["Orichalcum"],"max_hp_gain":0,"max_hp_loss":0,"event_name":"The Mausoleum","floor":20,"gold_loss":0,"cards_obtained":["Writhe"]},{"damage_healed":0,"gold_gain":0,"player_choice":"Gave Potion","damage_taken":0,"relics_obtained":["Sundial"],"max_hp_gain":0,"max_hp_loss":0,"event_name":"WeMeetAgain","floor":24,"gold_loss":0}],"is_beta":false,"boss_relics":[{"not_picked":["Coffee Dripper","White Beast Statue"],"picked":"Ectoplasm"}],"items_purged_floors":[22],"is_endless":false,"potions_floor_spawned":[6,7,8,18,27],"killed_by":"Automaton","ascension_level":12}