{"gold_per_floor":[114,125,135,135,135,135,164,164,164,164,191,68,68,84,84,188,188,171,71,71,71,71,71,104,104,404,404,419,419,434,453,453,453],"floor_reached":33,"playtime":1047,"items_purged":["Strike_G","Strike_G"],"score":377,"play_id":"79386f00-30ba-4478-bf14-8a8c4e02df28","local_time":"20181115234337","is_ascension_mode":true,"campfire_choices":[{"data":"Neutralize","floor":6,"key":"SMITH"},{"data":"Malaise","floor":8,"key":"SMITH"},{"data":"Backflip","floor":10,"key":"SMITH"},{"floor":15,"key":"REST"},{"data":"Venomology","floor":23,"key":"SMITH"},{"data":"Blur","floor":25,"key":"SMITH"},{"data":"Caltrops","floor":27,"key":"SMITH"},{"floor":32,"key":"DIG"}],"neow_cost":"NONE","seed_source_timestamp":16657413706837,"circlet_count":0,"master_deck":["Defend_G","Defend_G","Defend_G","Defend_G","Defend_G","Strike_G","Survivor","Neutralize+1","Flechettes+1","Backflip","Dodge and Roll","Backflip+1","Malaise+1","Caltrops+1","PiercingWail","Cloak And Dagger","Venomology+1","Terror","PiercingWail","Blur+1","Ghostly","Ghostly","Ghostly","Ghostly","Ghostly","Heel Hook","Leg Sweep"],"relics":["Ring of the Snake","Shovel","Gambling Chip","Gremlin Horn","Runic Dome","MutagenicStrength","Bag of Preparation","Old Coin","Strawberry"],"potions_floor_usage":[7,24,28,28,33,33],"damage_taken":[{"damage":0,"enemies":"Cultist","floor":1,"turns":3},{"damage":0,"enemies":"Jaw Worm","floor":2,"turns":3},{"damage":0,"enemies":"2 Louse","floor":3,"turns":3},{"damage":32,"enemies":"Lagavulin","floor":7,"turns":10},{"damage":5,"enemies":"3 Sentries","floor":11,"turns":9},{"damage":0,"enemies":"2 Fungi Beasts","floor":14,"turns":3},{"damage":6,"enemies":"Hexaghost","floor":16,"turns":13},{"damage":10,"enemies":"2 Thieves","floor":18,"turns":4},{"damage":18,"enemies":"Slavers","floor":24,"turns":6},{"damage":0,"enemies":"Shell Parasite","floor":28,"turns":1},{"damage":0,"enemies":"Snake Plant","floor":30,"turns":6},{"damage":0,"enemies":"Centurion and Healer","floor":31,"turns":6},{"damage":40,"enemies":"Champ","floor":33,"turns":13}],"seed_played":"-2499297603715591367","potions_obtained":[{"floor":3,"key":"Fire Potion"},{"floor":11,"key":"SteroidPotion"},{"floor":31,"key":"PowerPotion"}],"is_trial":false,"path_per_floor":["M","M","M","?","?","R","E","R","T","R","E","$","?","M","R","B",null,"M","$","?","?","?","R","E","R","T","R","M","?","M","M","R","B"],"character_chosen":"THE_SILENT","items_purchased":["PiercingWail"],"campfire_rested":1,"item_purchase_floors":[12],"current_hp_per_floor":[63,63,63,63,63,63,31,31,31,31,26,26,19,19,40,34,61,51,51,51,51,51,51,33,33,33,33,33,33,33,33,40,0],"gold":453,"neow_bonus":"TRANSFORM_CARD","is_prod":false,"is_daily":false,"chose_seed":false,"campfire_upgraded":6,"win_rate":0,"timestamp":1542325417,"path_taken":["M","?","?","?","?","R","E","R","T","R","E","$","?","M","R","BOSS","M","$","?","?","?","R","E","R","T","R","M","?","?","M","R","BOSS"],"build_version":"2018-11-08","purchased_purges":2,"victory":false,"max_hp_per_floor":[70,70,70,70,70,70,70,70,70,70,70,70,70,70,70,70,70,70,70,70,70,70,70,70,70,70,70,70,35,35,35,42,42],"card_choices":[{"not_picked":["Dagger Throw","Bane"],"picked":"Backflip","floor":1},{"not_picked":["Skewer","Endless Agony"],"picked":"Dodge and Roll","floor":2},{"not_picked":["Choke","Infinite Blades"],"picked":"Backflip","floor":3},{"not_picked":["Skewer","Die Die Die"],"picked":"Malaise","floor":7},{"not_picked":["Deadly Poison","Underhanded Strike"],"picked":"Caltrops","floor":11},{"not_picked":["Underhanded Strike","Skewer"],"picked":"Cloak And Dagger","floor":14},{"not_picked":["Bullet Time","Corpse Explosion"],"picked":"Venomology","floor":16},{"not_picked":["Underhanded Strike+1","Infinite Blades"],"picked":"Terror","floor":18},{"not_picked":["Dagger Spray","Dagger Throw"],"picked":"Blur","floor":24},{"not_picked":["Terror+1","Dodge and Roll","Cloak And Dagger"],"picked":"SKIP","floor":28},{"not_picked":["Dagger Throw","Flying Knee"],"picked":"Heel Hook","floor":30},{"not_picked":["Glass Knife","Bane"],"picked":"Leg Sweep","floor":31}],"player_experience":171601,"relics_obtained":[{"floor":7,"key":"Shovel"},{"floor":9,"key":"Gambling Chip"},{"floor":11,"key":"Gremlin Horn"},{"floor":24,"key":"Bag of Preparation"},{"floor":26,"key":"Old Coin"},{"floor":32,"key":"Strawberry"}],"event_choices":[{"damage_healed":0,"gold_gain":0,"player_choice":"Ignored","damage_taken":0,"max_hp_gain":0,"max_hp_loss":0,"event_name":"Liars Game","floor":4,"gold_loss":0},{"damage_healed":0,"gold_gain":0,"player_choice":"Grow","damage_taken":0,"max_hp_gain":0,"max_hp_loss":0,"event_name":"Living Wall","floor":5,"gold_loss":0,"cards_upgraded":["Flechettes"]},{"cards_removed":["Strike_G"],"damage_healed":0,"gold_gain":0,"player_choice":"Card Removal","damage_taken":7,"max_hp_gain":0,"max_hp_loss":0,"event_name":"Golden Wing","floor":13,"gold_loss":0},{"damage_healed":0,"gold_gain":0,"player_choice":"Inject Mutagens","damage_taken":0,"relics_obtained":["MutagenicStrength"],"max_hp_gain":0,"max_hp_loss":0,"event_name":"Drug Dealer","floor":20,"gold_loss":0},{"damage_healed":0,"gold_gain":0,"player_choice":"Read","damage_taken":0,"max_hp_gain":0,"max_hp_loss":0,"event_name":"The Library","floor":22,"gold_loss":0,"cards_obtained":["PiercingWail"]},{"damage_healed":0,"gold_gain":0,"player_choice":"Became a Ghost","damage_taken":0,"max_hp_gain":0,"max_hp_loss":35,"event_name":"Ghosts","floor":29,"gold_loss":0,"cards_obtained":["Ghostly","Ghostly","Ghostly","Ghostly","Ghostly"]}],"is_beta":false,"boss_relics":[{"not_picked":["Orrery","Cursed Key"],"picked":"Runic Dome"}],"items_purged_floors":[12,19],"is_endless":false,"potions_floor_spawned":[3,11,31],"killed_by":"Champ","ascension_level":6}