{"gold_per_floor":[111,122,139,17,35,63,63,90,90,90,116,116,291,354,354,459,459,476,488,499,512,531,531,556,556,579,597,378,409,208,223,223,327,327,346,421,196,213,213,213,233,252,307,66,66],"floor_reached":45,"playtime":3241,"items_purged":["Doubt","Reckless Charge+1"],"score":567,"play_id":"0edaf1d7-2e4a-4e28-86ff-c96555f4331d","local_time":"20181207000516","is_ascension_mode":true,"campfire_choices":[{"data":"Feed","floor":7,"key":"SMITH"},{"data":"Rupture","floor":10,"key":"SMITH"},{"data":"Uppercut","floor":12,"key":"SMITH"},{"data":"Inflame","floor":15,"key":"SMITH"},{"floor":23,"key":"REST"},{"floor":25,"key":"REST"},{"floor":32,"key":"REST"},{"data":"Demon Form","floor":40,"key":"SMITH"}],"neow_cost":"NONE","seed_source_timestamp":3471773307792634,"circlet_count":0,"master_deck":["Strike_R","Strike_R+1","Strike_R","Defend_R","Defend_R","Defend_R","Defend_R","Bash","Cleave","Heavy Blade","Uppercut+1","Feed+1","Shrug It Off","Headbutt","Shrug It Off","Rupture+1","Ghostly Armor+1","Inflame+1","Demon Form+1","Clothesline+1","Battle Trance+1","Cleave","Feed+1","Armaments+1","Good Instincts+1","Heavy Blade","Shrug It Off+1","Whirlwind+1","Dual Wield+1","Warcry+1","Uppercut+1","Demon Form","Flex+1","Headbutt","Shrug It Off+1","Demon Form","Armaments+1"],"relics":["Burning Blood","Ancient Tea Set","Darkstone Periapt","Toxic Egg 2","Odd Mushroom","Centennial Puzzle","Sozu","Bag of Marbles","Whetstone","Red Mask","Juzu Bracelet","Astrolabe","Lantern","HandDrill"],"potions_floor_usage":[6,14,18],"damage_taken":[{"damage":1,"enemies":"Cultist","floor":1,"turns":3},{"damage":0,"enemies":"Small Slimes","floor":2,"turns":3},{"damage":6,"enemies":"Jaw Worm","floor":3,"turns":3},{"damage":1,"enemies":"3 Louse","floor":5,"turns":4},{"damage":18,"enemies":"Lagavulin","floor":6,"turns":7},{"damage":9,"enemies":"3 Sentries","floor":8,"turns":6},{"damage":10,"enemies":"The Mushroom Lair","floor":11,"turns":4},{"damage":11,"enemies":"3 Sentries","floor":14,"turns":9},{"damage":65,"enemies":"The Guardian","floor":16,"turns":15},{"damage":31,"enemies":"3 Byrds","floor":18,"turns":6},{"damage":10,"enemies":"Shell Parasite","floor":19,"turns":5},{"damage":41,"enemies":"Sentry and Sphere","floor":20,"turns":9},{"damage":18,"enemies":"Snake Plant","floor":21,"turns":5},{"damage":11,"enemies":"Snecko","floor":22,"turns":4},{"damage":56,"enemies":"Slavers","floor":24,"turns":5},{"damage":9,"enemies":"Chosen and Byrds","floor":27,"turns":6},{"damage":25,"enemies":"Masked Bandits","floor":29,"turns":4},{"damage":2,"enemies":"Cultist and Chosen","floor":31,"turns":4},{"damage":66,"enemies":"Champ","floor":33,"turns":9},{"damage":0,"enemies":"3 Darklings","floor":35,"turns":3},{"damage":14,"enemies":"Orb Walker","floor":38,"turns":4},{"damage":18,"enemies":"3 Darklings","floor":41,"turns":5},{"damage":29,"enemies":"Transient","floor":42,"turns":5},{"damage":95,"enemies":"Nemesis","floor":45,"turns":7}],"seed_played":"6272251146672203744","potions_obtained":[{"floor":3,"key":"Poison Potion"},{"floor":11,"key":"Swift Potion"},{"floor":16,"key":"Explosive Potion"}],"is_trial":false,"path_per_floor":["M","M","M","$","M","E","R","E","T","R","?","R","?","?","R","B",null,"M","M","M","M","M","R","E","R","T","M","$","?","$","M","R","B",null,"M","?","$","M","?","R","M","M","T","$","E"],"character_chosen":"IRONCLAD","items_purchased":["Feed","Shrug It Off","Armaments+1","Good Instincts+1","Shrug It Off+1","Juzu Bracelet","Demon Form","Flex+1","HandDrill","Armaments+1"],"campfire_rested":3,"item_purchase_floors":[4,4,28,28,30,30,37,37,44,44],"current_hp_per_floor":[88,88,88,88,91,82,82,83,83,83,83,83,89,88,88,29,112,91,87,52,44,39,75,28,64,64,69,69,54,54,62,103,43,139,139,126,126,122,122,122,110,87,87,87,0],"gold":66,"neow_bonus":"TEN_PERCENT_HP_BONUS","is_prod":false,"is_daily":false,"chose_seed":false,"campfire_upgraded":5,"win_rate":0,"timestamp":1544162716,"path_taken":["M","M","M","?","M","E","R","E","T","R","?","R","?","?","R","BOSS","M","M","M","M","M","R","E","R","T","M","$","?","$","M","R","BOSS","M","?","$","M","?","R","M","M","T","?","E"],"build_version":"2018-12-06","purchased_purges":2,"victory":false,"max_hp_per_floor":[88,88,88,88,91,94,94,98,98,98,102,102,108,112,112,112,112,116,116,116,120,120,120,123,123,123,131,131,135,135,139,139,139,139,139,139,139,143,143,143,143,143,143,143,143],"card_choices":[{"not_picked":["Anger","Sword Boomerang"],"picked":"Cleave","floor":1},{"not_picked":["Offering","Warcry"],"picked":"Heavy Blade","floor":2},{"not_picked":["Cleave","True Grit"],"picked":"Uppercut","floor":3},{"not_picked":["Second Wind","Clothesline"],"picked":"Headbutt","floor":5},{"not_picked":["Pommel Strike","Pummel"],"picked":"Shrug It Off","floor":6},{"not_picked":["Clash","Sword Boomerang"],"picked":"Rupture","floor":8},{"not_picked":["Perfected Strike","Carnage"],"picked":"Ghostly Armor+1","floor":11},{"not_picked":["Headbutt","Wild Strike"],"picked":"Inflame","floor":14},{"not_picked":["Immolate","Berserk"],"picked":"Demon Form","floor":16},{"not_picked":["Headbutt","Sentinel+1"],"picked":"Clothesline+1","floor":18},{"not_picked":["True Grit+1","Anger"],"picked":"Battle Trance+1","floor":19},{"not_picked":["Bloodletting+1","Havoc+1"],"picked":"Combust","floor":20},{"not_picked":["Sentinel+1","Inflame"],"picked":"Cleave","floor":21},{"not_picked":["Havoc+1","Rage+1"],"picked":"Feed","floor":22},{"not_picked":["Evolve","Perfected Strike","Feel No Pain"],"picked":"SKIP","floor":24},{"not_picked":["Clash","Havoc+1","Flex+1"],"picked":"SKIP","floor":27},{"not_picked":["Clash","Havoc+1","Flex+1"],"picked":"SKIP","floor":27},{"not_picked":["Clash","Havoc+1","Flex+1"],"picked":"SKIP","floor":27},{"not_picked":["Inflame","Cleave"],"picked":"Heavy Blade","floor":29},{"not_picked":["Wild Strike","Cleave"],"picked":"Whirlwind+1","floor":31},{"not_picked":["Twin Strike","Iron Wave"],"picked":"Uppercut+1","floor":35},{"not_picked":["Perfected Strike","Havoc+1"],"picked":"Headbutt","floor":38},{"not_picked":["Whirlwind","Sword Boomerang+1"],"picked":"Shrug It Off+1","floor":41},{"not_picked":["Clash","Cleave+1"],"picked":"Demon Form","floor":42}],"player_experience":443667,"relics_obtained":[{"floor":6,"key":"Ancient Tea Set"},{"floor":8,"key":"Darkstone Periapt"},{"floor":9,"key":"Toxic Egg 2"},{"floor":11,"key":"Odd Mushroom"},{"floor":14,"key":"Centennial Puzzle"},{"floor":24,"key":"Bag of Marbles"},{"floor":26,"key":"Whetstone"},{"floor":29,"key":"Red Mask"},{"floor":43,"key":"Lantern"}],"event_choices":[{"damage_healed":0,"gold_gain":0,"player_choice":"Fought Mushrooms","damage_taken":0,"max_hp_gain":0,"max_hp_loss":0,"event_name":"Mushrooms","floor":11,"gold_loss":0},{"damage_healed":0,"gold_gain":175,"player_choice":"AGREE","damage_taken":0,"max_hp_gain":0,"max_hp_loss":0,"event_name":"Liars Game","floor":13,"gold_loss":0,"cards_obtained":["Doubt"]},{"damage_healed":0,"gold_gain":30,"player_choice":"Searched \u00272\u0027 times","damage_taken":0,"max_hp_gain":0,"max_hp_loss":0,"event_name":"Dead Adventurer","floor":14,"gold_loss":0},{"damage_healed":0,"gold_gain":0,"player_choice":"Fought Bandits","damage_taken":0,"max_hp_gain":0,"max_hp_loss":0,"event_name":"Masked Bandits","floor":29,"gold_loss":0},{"damage_healed":0,"gold_gain":75,"player_choice":"Touch","damage_taken":13,"max_hp_gain":0,"max_hp_loss":0,"event_name":"FaceTrader","floor":36,"gold_loss":0},{"damage_healed":0,"gold_gain":0,"player_choice":"0 cards matched","damage_taken":0,"max_hp_gain":0,"max_hp_loss":0,"event_name":"Match and Keep!","floor":39,"gold_loss":0,"cards_obtained":[]}],"is_beta":false,"boss_relics":[{"not_picked":["Runic Cube","Mark of Pain"],"picked":"Sozu"},{"not_picked":["Runic Pyramid","Snecko Eye"],"picked":"Astrolabe"}],"items_purged_floors":[28,37],"is_endless":false,"potions_floor_spawned":[3,11,16,19,20,29,31,35,41],"killed_by":"Nemesis","ascension_level":1}