{"gold_per_floor":[14,14,33,43,58,58,58,58,112,128,128,53,123,23,23,23],"floor_reached":16,"playtime":413,"items_purged":["Strike_R","Strike_R"],"score":153,"play_id":"01f57e56-aefc-4991-a8f4-ee18df67bc4d","local_time":"20181214224029","is_ascension_mode":true,"campfire_choices":[{"data":"Thunderclap","floor":6,"key":"SMITH"},{"data":"Disarm","floor":11,"key":"SMITH"},{"data":"True Grit","floor":15,"key":"SMITH"}],"neow_cost":"NO_GOLD","seed_source_timestamp":120799765692958,"circlet_count":0,"master_deck":["AscendersBane","Strike_R","Strike_R","Defend_R","Defend_R","Bash","Battle Trance","Impervious","True Grit+1","Headbutt","Shrug It Off","Disarm+1","Thunderclap+1","Shrug It Off","Dropkick"],"relics":["Burning Blood","Golden Idol","Regal Pillow","Bag of Preparation"],"potions_floor_usage":[13,13,13,16],"damage_taken":[{"damage":1,"enemies":"2 Louse","floor":1,"turns":3},{"damage":0,"enemies":"Cultist","floor":3,"turns":4},{"damage":0,"enemies":"Jaw Worm","floor":4,"turns":3},{"damage":0,"enemies":"Large Slime","floor":5,"turns":5},{"damage":4,"enemies":"Blue Slaver","floor":10,"turns":5},{"damage":9,"enemies":"3 Sentries","floor":13,"turns":11},{"damage":75,"enemies":"Slime Boss","floor":16,"turns":10}],"seed_played":"6714681640819202471","potions_obtained":[{"floor":1,"key":"EntropicBrew"},{"floor":3,"key":"Swift Potion"}],"is_trial":false,"path_per_floor":["M","?","M","M","M","R","?","?","T","M","R","$","?","$","R","B"],"character_chosen":"IRONCLAD","items_purchased":[],"campfire_rested":0,"item_purchase_floors":[],"current_hp_per_floor":[73,73,75,75,75,75,69,69,69,69,69,69,66,66,66,0],"gold":23,"neow_bonus":"TRANSFORM_TWO_CARDS","is_prod":false,"is_daily":false,"chose_seed":false,"campfire_upgraded":3,"win_rate":0,"timestamp":1544827229,"path_taken":["M","?","M","?","M","R","?","?","T","M","R","$","?","$","R","BOSS"],"build_version":"2018-12-13","purchased_purges":2,"victory":false,"max_hp_per_floor":[75,75,75,75,75,75,69,69,69,69,69,69,69,69,69,69],"card_choices":[{"not_picked":["Carnage","Clothesline"],"picked":"True Grit","floor":1},{"not_picked":["Headbutt","Perfected Strike"],"picked":"Shrug It Off","floor":3},{"not_picked":["Iron Wave","Warcry"],"picked":"Disarm","floor":4},{"not_picked":["Warcry","Searing Blow"],"picked":"Thunderclap","floor":5},{"not_picked":["Dual Wield","Seeing Red"],"picked":"Shrug It Off","floor":10},{"not_picked":["Anger","True Grit"],"picked":"Dropkick","floor":13}],"player_experience":265461,"relics_obtained":[{"floor":9,"key":"Regal Pillow"},{"floor":13,"key":"Bag of Preparation"}],"event_choices":[{"damage_healed":0,"gold_gain":0,"player_choice":"1 cards matched","damage_taken":0,"max_hp_gain":0,"max_hp_loss":0,"event_name":"Match and Keep!","floor":2,"gold_loss":0,"cards_obtained":["Headbutt"]},{"damage_healed":0,"gold_gain":0,"player_choice":"Lose Max HP","damage_taken":0,"relics_obtained":["Golden Idol"],"max_hp_gain":0,"max_hp_loss":6,"event_name":"Golden Idol","floor":7,"gold_loss":0},{"cards_removed":["Strike_R"],"damage_healed":0,"gold_gain":0,"player_choice":"Forget","damage_taken":0,"max_hp_gain":0,"max_hp_loss":0,"event_name":"Living Wall","floor":8,"gold_loss":0},{"damage_healed":0,"gold_gain":0,"player_choice":"Searched \u00271\u0027 times","damage_taken":0,"max_hp_gain":0,"max_hp_loss":0,"event_name":"Dead Adventurer","floor":13,"gold_loss":0}],"is_beta":false,"boss_relics":[],"items_purged_floors":[12,14],"is_endless":false,"potions_floor_spawned":[1,3,5],"killed_by":"Slime Boss","ascension_level":14}