{"gold_per_floor":[110,110,110,4,16,45,62,62,62,90,110,110,135,152,152,254,254,269,284,284,301,301],"floor_reached":22,"playtime":2789,"items_purged":[],"score":237,"play_id":"5749798b-f861-4b9c-9668-74953b471c5d","local_time":"20180819021921","is_ascension_mode":true,"campfire_choices":[{"floor":8,"key":"REST"},{"floor":12,"key":"REST"},{"data":"Skewer","floor":15,"key":"SMITH"}],"neow_cost":"NONE","seed_source_timestamp":1131977991460021,"circlet_count":0,"master_deck":["Defend_G","Defend_G","Defend_G","Strike_G","Strike_G","Survivor","Neutralize","Dodge and Roll","Bullet Time","Noxious Fumes","Dagger Spray","Well Laid Plans","Backflip","Acrobatics","Bouncing Flask","Quick Slash","Skewer+1","Escape Plan+1","Tactician+1","Well Laid Plans+1","Cloak And Dagger","Noxious Fumes","Bane"],"relics":["Busted Crown","Potion Belt","Meat on the Bone","Orichalcum","Ornamental Fan","Astrolabe"],"potions_floor_usage":[10,13,16,21],"damage_taken":[{"damage":0,"enemies":"2 Louse","floor":1,"turns":4},{"damage":0,"enemies":"Cultist","floor":5,"turns":5},{"damage":60,"enemies":"Gremlin Nob","floor":6,"turns":6},{"damage":3,"enemies":"Small Slimes","floor":7,"turns":4},{"damage":8,"enemies":"3 Sentries","floor":10,"turns":8},{"damage":6,"enemies":"Looter","floor":11,"turns":4},{"damage":4,"enemies":"Gremlin Nob","floor":13,"turns":3},{"damage":3,"enemies":"2 Fungi Beasts","floor":14,"turns":4},{"damage":12,"enemies":"Slime Boss","floor":16,"turns":9},{"damage":0,"enemies":"3 Byrds","floor":18,"turns":5},{"damage":24,"enemies":"2 Thieves","floor":19,"turns":4},{"damage":45,"enemies":"Shelled Parasite and Fungi","floor":21,"turns":6},{"damage":14,"enemies":"Snecko","floor":22,"turns":2}],"seed_played":"-1408076680084194867","potions_obtained":[{"floor":5,"key":"SkillPotion"},{"floor":10,"key":"Poison Potion"},{"floor":13,"key":"SkillPotion"},{"floor":16,"key":"GamblersBrew"},{"floor":18,"key":"Poison Potion"}],"is_trial":false,"path_per_floor":["M","?","?","$","M","E","M","R","T","E","M","R","E","M","R","B",null,"M","M","?","M"],"character_chosen":"THE_SILENT","items_purchased":["Noxious Fumes","Dagger Spray"],"campfire_rested":2,"item_purchase_floors":[4,4],"current_hp_per_floor":[70,70,70,70,70,10,7,28,28,32,38,59,55,52,52,40,70,70,46,46,13,0],"gold":301,"neow_bonus":"BOSS_RELIC","is_prod":false,"is_daily":false,"chose_seed":false,"campfire_upgraded":1,"win_rate":0,"timestamp":1534663161,"path_taken":["M","?","?","?","M","E","M","R","T","E","M","R","E","?","R","BOSS","M","M","?","?","?"],"build_version":"2018-08-16","purchased_purges":0,"victory":false,"max_hp_per_floor":[70,70,70,70,70,70,70,70,70,70,70,70,70,70,70,70,70,70,70,70,70,70],"card_choices":[{"not_picked":[],"picked":"Dodge and Roll","floor":1},{"not_picked":[],"picked":"Well Laid Plans","floor":5},{"not_picked":[],"picked":"Backflip","floor":6},{"not_picked":[],"picked":"Acrobatics","floor":7},{"not_picked":[],"picked":"Bouncing Flask","floor":10},{"not_picked":[],"picked":"Quick Slash","floor":11},{"not_picked":["Accuracy"],"picked":"SKIP","floor":13},{"not_picked":[],"picked":"Skewer","floor":14},{"not_picked":["Dodge and Roll"],"picked":"SKIP","floor":18},{"not_picked":[],"picked":"Cloak And Dagger","floor":19},{"not_picked":[],"picked":"Bane","floor":21}],"player_experience":121785,"relics_obtained":[{"floor":6,"key":"Potion Belt"},{"floor":9,"key":"Meat on the Bone"},{"floor":10,"key":"Orichalcum"},{"floor":13,"key":"Ornamental Fan"}],"event_choices":[{"event_name":"Purifier","player_choice":"One Purge","floor":2,"damage_taken":0},{"event_name":"Living Wall","player_choice":"Change","floor":3,"damage_taken":0},{"event_name":"The Library","player_choice":"Read","floor":20,"damage_taken":0}],"is_beta":false,"boss_relics":[{"not_picked":["HoveringKite","Calling Bell"],"picked":"Astrolabe"}],"items_purged_floors":[],"is_endless":false,"potions_floor_spawned":[5,10,13,16,18],"killed_by":"Snecko","ascension_level":3}