{"gold_per_floor":[111,127,24,0,19,19,48,48,48,48,48,62,62,81,81,81],"floor_reached":16,"playtime":676,"items_purged":["Strike_G"],"score":195,"play_id":"d1506785-6a0e-4768-9dfe-9fb5513e2456","local_time":"20190202172106","is_ascension_mode":true,"campfire_choices":[{"data":"Neutralize","floor":6,"key":"SMITH"},{"data":"Caltrops","floor":8,"key":"SMITH"},{"data":"Quick Slash","floor":11,"key":"SMITH"},{"data":"Quick Slash","floor":13,"key":"SMITH"},{"data":"Backstab","floor":15,"key":"SMITH"}],"neow_cost":"NONE","seed_source_timestamp":1604407303123,"circlet_count":0,"master_deck":["AscendersBane","Defend_G","Defend_G","Defend_G","Defend_G","Defend_G","Strike_G","Strike_G","Strike_G","Strike_G","Survivor","Neutralize+1","Acrobatics","Caltrops+1","Quick Slash+1","Quick Slash+1","Footwork","Dodge and Roll","Backstab+1"],"relics":["Sozu","Darkstone Periapt","Shuriken"],"potions_floor_usage":[],"damage_taken":[{"damage":2,"enemies":"Cultist","floor":1,"turns":5},{"damage":4,"enemies":"2 Louse","floor":2,"turns":3},{"damage":0,"enemies":"Jaw Worm","floor":5,"turns":4},{"damage":24,"enemies":"3 Sentries","floor":7,"turns":10},{"damage":0,"enemies":"Looter","floor":12,"turns":5},{"damage":8,"enemies":"3 Louse","floor":14,"turns":4},{"damage":24,"enemies":"Slime Boss","floor":16,"turns":7}],"seed_played":"-3778024805995166042","potions_obtained":[],"is_trial":false,"path_per_floor":["M","M","$","?","M","R","E","R","T","?","R","M","R","M","R","B"],"character_chosen":"THE_SILENT","items_purchased":["Quick Slash"],"campfire_rested":0,"item_purchase_floors":[3],"current_hp_per_floor":[57,53,53,53,53,53,29,29,29,29,29,29,29,21,21,0],"gold":81,"neow_bonus":"BOSS_RELIC","is_prod":false,"is_daily":false,"chose_seed":false,"campfire_upgraded":5,"win_rate":0,"timestamp":1549128066,"path_taken":["M","M","$","?","M","R","E","R","T","?","R","M","R","M","R","BOSS"],"build_version":"2019-01-23","purchased_purges":1,"victory":false,"max_hp_per_floor":[66,66,66,66,66,66,66,66,66,66,66,66,66,66,66,66],"card_choices":[{"not_picked":["Prepared","Dodge and Roll"],"picked":"Acrobatics","floor":1},{"not_picked":["Infinite Blades","Quick Slash"],"picked":"Caltrops","floor":2},{"not_picked":["Blade Dance","Underhanded Strike"],"picked":"Quick Slash","floor":5},{"not_picked":["Die Die Die","Deflect"],"picked":"Footwork","floor":7},{"not_picked":["Prepared","Deadly Poison"],"picked":"Dodge and Roll","floor":12},{"not_picked":["Finisher","Well Laid Plans"],"picked":"Backstab","floor":14}],"player_experience":415700,"relics_obtained":[{"floor":7,"key":"Darkstone Periapt"},{"floor":9,"key":"Shuriken"}],"event_choices":[{"damage_healed":0,"gold_gain":0,"player_choice":"Left Gold","damage_taken":0,"max_hp_gain":0,"max_hp_loss":0,"event_name":"World of Goop","floor":4,"gold_loss":24},{"damage_healed":0,"gold_gain":0,"player_choice":"Searched \u00270\u0027 times","damage_taken":0,"max_hp_gain":0,"max_hp_loss":0,"event_name":"Dead Adventurer","floor":10,"gold_loss":0}],"is_beta":false,"boss_relics":[],"items_purged_floors":[3],"is_endless":false,"potions_floor_spawned":[2,7],"killed_by":"Slime Boss","ascension_level":19}