{"gold_per_floor":[116,35,50,4,4,34,45,45,90,100,100,115,115,149,161,274,286,310,322,334,346,368,380,392,404,443,455,487,512,524,536,548,662,674,701,713,725],"floor_reached":37,"playtime":1360,"items_purged":[],"score":396,"play_id":"670ff93a-2988-4343-bea2-ac064c25ee33","local_time":"20181130194747","is_ascension_mode":true,"campfire_choices":[{"floor":8,"key":"REST"},{"floor":11,"key":"REST"},{"floor":15,"key":"REST"},{"data":"Trip","floor":23,"key":"SMITH"},{"data":"Blade Dance","floor":25,"key":"SMITH"},{"data":"Noxious Fumes","floor":27,"key":"SMITH"},{"floor":30,"key":"REST"},{"floor":32,"key":"REST"}],"neow_cost":"NONE","seed_source_timestamp":534517734123246,"circlet_count":0,"master_deck":["Defend_G","Defend_G","Defend_G","Defend_G","Defend_G","Strike_G","Strike_G","Strike_G","Strike_G","Strike_G","Survivor","Neutralize","Wraith Form v2","Noxious Fumes+1","Trip+1","Cloak And Dagger+1","Blade Dance+1","Well Laid Plans","Slice+1","Escape Plan+1","Venomology","Regret","Regret","Pain","Infinite Blades","Dramatic Entrance"],"relics":["Ring of the Snake","Happy Flower","Regal Pillow","MawBank","Black Star","Bronze Scales","Calling Bell","Blood Vial","Pantograph","Prayer Wheel"],"potions_floor_usage":[6,14,16,22,24,28,29,37],"damage_taken":[{"damage":0,"enemies":"2 Louse","floor":1,"turns":2},{"damage":0,"enemies":"Cultist","floor":3,"turns":5},{"damage":51,"enemies":"Gremlin Nob","floor":6,"turns":5},{"damage":0,"enemies":"Small Slimes","floor":7,"turns":4},{"damage":3,"enemies":"Red Slaver","floor":10,"turns":4},{"damage":1,"enemies":"Blue Slaver","floor":12,"turns":5},{"damage":18,"enemies":"Lagavulin","floor":14,"turns":5},{"damage":50,"enemies":"Slime Boss","floor":16,"turns":15},{"damage":9,"enemies":"3 Byrds","floor":18,"turns":7},{"damage":18,"enemies":"Shell Parasite","floor":22,"turns":8},{"damage":2,"enemies":"Centurion and Healer","floor":24,"turns":4},{"damage":11,"enemies":"Snake Plant","floor":28,"turns":5},{"damage":38,"enemies":"3 Cultists","floor":29,"turns":6},{"damage":78,"enemies":"Champ","floor":33,"turns":16},{"damage":37,"enemies":"3 Shapes","floor":35,"turns":10},{"damage":53,"enemies":"Orb Walker","floor":37,"turns":4}],"seed_played":"-8060760002266841691","potions_obtained":[{"floor":1,"key":"Explosive Potion"},{"floor":10,"key":"Poison Potion"},{"floor":12,"key":"Regen Potion"},{"floor":14,"key":"Regen Potion"},{"floor":20,"key":"SkillPotion"},{"floor":20,"key":"FairyPotion"},{"floor":20,"key":"SmokeBomb"},{"floor":22,"key":"Energy Potion"},{"floor":28,"key":"AttackPotion"}],"is_trial":false,"path_per_floor":["M","$","M","$","?","E","M","R","T","M","R","M","?","E","R","B",null,"M","?","?","$","M","R","M","R","T","R","M","M","R","?","R","B",null,"M","?","M"],"character_chosen":"THE_SILENT","items_purchased":["Trip","Blade Dance"],"campfire_rested":5,"item_purchase_floors":[2,4],"current_hp_per_floor":[70,70,70,70,63,12,12,33,33,30,66,65,65,47,70,26,70,61,61,61,61,57,57,55,55,55,55,44,6,42,42,70,6,70,33,33,0],"gold":725,"neow_bonus":"ONE_RANDOM_RARE_CARD","is_prod":false,"is_daily":false,"chose_seed":false,"campfire_upgraded":3,"win_rate":0,"timestamp":1543628867,"path_taken":["M","$","M","$","?","E","?","R","T","M","R","M","?","E","R","BOSS","M","?","?","$","?","R","?","R","T","R","M","M","R","?","R","BOSS","M","?","M"],"build_version":"2018-11-15","purchased_purges":0,"victory":false,"max_hp_per_floor":[70,70,70,70,70,70,70,70,70,70,70,70,70,70,70,70,70,70,70,70,70,70,70,70,70,70,70,70,70,70,70,70,70,70,70,70,70],"card_choices":[{"not_picked":["Expertise","Calculated Gamble"],"picked":"Noxious Fumes","floor":1},{"not_picked":["Dodge and Roll","Bane"],"picked":"Cloak And Dagger","floor":3},{"not_picked":["Quick Slash","PiercingWail","Deflect"],"picked":"SKIP","floor":6},{"not_picked":["Flechettes","Crippling Poison","Riddle With Holes"],"picked":"SKIP","floor":7},{"not_picked":["All Out Attack","Deadly Poison","Poisoned Stab"],"picked":"SKIP","floor":10},{"not_picked":["Bouncing Flask","Bane","Underhanded Strike"],"picked":"SKIP","floor":12},{"not_picked":["Deadly Poison","Unload","Malaise"],"picked":"SKIP","floor":14},{"not_picked":["Masterful Stab","Deadly Poison","Dagger Throw"],"picked":"SKIP","floor":18},{"not_picked":["Prepared","Outmaneuver"],"picked":"Slice+1","floor":22},{"not_picked":["Crippling Poison","Poisoned Stab","Dodge and Roll"],"picked":"SKIP","floor":28},{"not_picked":["Catalyst","Quick Slash+1"],"picked":"Escape Plan+1","floor":29},{"not_picked":["A Thousand Cuts","Wraith Form v2"],"picked":"Venomology","floor":33},{"not_picked":["Well Laid Plans","Leg Sweep"],"picked":"Infinite Blades","floor":35},{"not_picked":["PiercingWail+1","Finisher+1","Riddle With Holes"],"picked":"SKIP","floor":35},{"not_picked":["Good Instincts","Bandage Up"],"picked":"Dramatic Entrance","floor":36}],"player_experience":59398,"relics_obtained":[{"floor":6,"key":"Happy Flower"},{"floor":9,"key":"Regal Pillow"},{"floor":14,"key":"MawBank"},{"floor":26,"key":"Bronze Scales"},{"floor":34,"key":"Blood Vial"},{"floor":34,"key":"Pantograph"},{"floor":34,"key":"Prayer Wheel"}],"event_choices":[{"damage_healed":0,"gold_gain":0,"player_choice":"Damaged","damage_taken":7,"max_hp_gain":0,"max_hp_loss":0,"event_name":"Wheel of Change","floor":5,"gold_loss":0},{"damage_healed":0,"gold_gain":0,"player_choice":"Forge","damage_taken":0,"max_hp_gain":0,"max_hp_loss":0,"event_name":"Accursed Blacksmith","floor":13,"gold_loss":0,"cards_upgraded":["Cloak And Dagger"]},{"damage_healed":0,"gold_gain":0,"player_choice":"Read","damage_taken":0,"max_hp_gain":0,"max_hp_loss":0,"event_name":"The Library","floor":19,"gold_loss":0,"cards_obtained":["Well Laid Plans"]},{"damage_healed":0,"gold_gain":0,"player_choice":"Got Potions","damage_taken":0,"max_hp_gain":0,"max_hp_loss":0,"event_name":"Lab","floor":20,"gold_loss":0},{"damage_healed":0,"gold_gain":0,"player_choice":"Ignored","damage_taken":0,"max_hp_gain":0,"max_hp_loss":0,"event_name":"Beggar","floor":31,"gold_loss":0},{"damage_healed":0,"gold_gain":0,"player_choice":"Memory 1","damage_taken":0,"max_hp_gain":0,"max_hp_loss":0,"event_name":"SensoryStone","floor":36,"gold_loss":0}],"is_beta":true,"boss_relics":[{"not_picked":["Orrery","Runic Pyramid"],"picked":"Black Star"},{"not_picked":["Runic Dome","Empty Cage"],"picked":"Calling Bell"}],"items_purged_floors":[],"is_endless":false,"potions_floor_spawned":[1,10,12,14,22,28],"killed_by":"Orb Walker","ascension_level":1}