{"gold_per_floor":[109,119,40,40,18,35,47,47,47,47,76,105,116,142,142,245,245,260,360,18,18,18,48,48,119,119,119,119,152,168,180,180,282,282,301,301,67,79,93,93,93,93,93,55,55,67,82,94,94,94],"floor_reached":51,"playtime":8037,"items_purged":["Defend_R"],"score":668,"play_id":"b30703b0-dd93-418b-8bde-4dec83fafa50","local_time":"20190203212239","is_ascension_mode":false,"campfire_choices":[{"data":"Defend_R","floor":8.0,"key":"SMITH"},{"floor":10.0,"key":"REST"},{"data":"Perfected Strike","floor":15,"key":"SMITH"},{"floor":24,"key":"REST"},{"floor":32,"key":"REST"},{"floor":40,"key":"REST"},{"data":"Infernal Blade","floor":42,"key":"SMITH"},{"data":"J.A.X.","floor":45,"key":"SMITH"},{"data":"Carnage","floor":49,"key":"SMITH"}],"neow_cost":"","seed_source_timestamp":0,"circlet_count":0,"master_deck":["Strike_R+1","Strike_R+1","Strike_R+1","Strike_R+1","Strike_R+1","Defend_R+1","Defend_R+1","Defend_R+1","Bash","Clothesline","Whirlwind+1","Inflame","Cleave","Ghostly Armor","Anger","Perfected Strike+1","Clash","Shrug It Off","Offering","Carnage+1","Iron Wave","Perfected Strike","Iron Wave","Offering","Necronomicurse","J.A.X.+1","Infernal Blade+1","Headbutt+1","Headbutt+1","Demon Form","Blood for Blood+1","Blind","Rage+1","Intimidate+1","Offering","Intimidate","True Grit+1","Armaments+1"],"special_seed":0,"relics":["Burning Blood","Pocketwatch","Odd Mushroom","Gambling Chip","Pen Nib","White Beast Statue","Shuriken","Torii","Sling","Bronze Scales","Bottled Lightning","Kunai","Necronomicon","Magic Flower","Eternal Feather","Lantern","Self Forming Clay"],"potions_floor_usage":[16,16,16,23,23,30,33,33,33,39,46,47,50,50,50],"damage_taken":[{"damage":17.0,"enemies":"Small Slimes","floor":1.0,"turns":4.0},{"damage":6.0,"enemies":"Cultist","floor":2.0,"turns":4.0},{"damage":3.0,"enemies":"Jaw Worm","floor":6.0,"turns":3.0},{"damage":12.0,"enemies":"3 Louse","floor":7.0,"turns":2.0},{"damage":0.0,"enemies":"The Mushroom Lair","floor":11.0,"turns":2.0},{"damage":14.0,"enemies":"Gremlin Nob","floor":12.0,"turns":4.0},{"damage":6.0,"enemies":"Blue Slaver","floor":13.0,"turns":3.0},{"damage":13,"enemies":"Lagavulin","floor":14,"turns":5},{"damage":38,"enemies":"The Guardian","floor":16,"turns":7},{"damage":8,"enemies":"Spheric Guardian","floor":18,"turns":3},{"damage":13,"enemies":"Colosseum Slavers","floor":19,"turns":3},{"damage":26,"enemies":"Colosseum Nobs","floor":19,"turns":5},{"damage":16,"enemies":"Slavers","floor":23,"turns":3},{"damage":12,"enemies":"Gremlin Leader","floor":29,"turns":4},{"damage":9,"enemies":"Chosen","floor":30,"turns":3},{"damage":19,"enemies":"Centurion and Healer","floor":31,"turns":4},{"damage":33,"enemies":"Champ","floor":33,"turns":9},{"damage":22,"enemies":"3 Darklings","floor":35,"turns":3},{"damage":24,"enemies":"3 Shapes","floor":38,"turns":3},{"damage":35,"enemies":"Writhing Mass","floor":39,"turns":5},{"damage":12,"enemies":"3 Darklings","floor":46,"turns":2},{"damage":14,"enemies":"Sphere and 2 Shapes","floor":47,"turns":5},{"damage":13,"enemies":"Spire Growth","floor":48,"turns":3},{"damage":60,"enemies":"Awakened One","floor":50,"turns":9}],"seed_played":"4808375157327808097","potions_obtained":[{"floor":1.0,"key":"SmokeBomb"},{"floor":6.0,"key":"Fire Potion"},{"floor":7.0,"key":"Strength Potion"},{"floor":12.0,"key":"Fire Potion"},{"floor":18,"key":"Poison Potion"},{"floor":19,"key":"Dexterity Potion"},{"floor":23,"key":"Weak Potion"},{"floor":29,"key":"BloodPotion"},{"floor":30,"key":"Energy Potion"},{"floor":31,"key":"Weak Potion"},{"floor":33,"key":"Explosive Potion"},{"floor":35,"key":"Strength Potion"},{"floor":38,"key":"GamblersBrew"},{"floor":39,"key":"PowerPotion"},{"floor":46,"key":"AttackPotion"},{"floor":47,"key":"Energy Potion"}],"is_trial":false,"path_per_floor":["M","M","$","?","$","M","M","R","T","R","?","E","M","E","R","B",null,"M","?","$","?","?","E","R","T","T","?","?","E","M","M","R","B",null,"M","?","$","M","M","R","?","R","T","$","R","M","M","M","R","B",null],"character_chosen":"IRONCLAD","items_purchased":["Inflame","Cleave","Perfected Strike","Iron Wave","Sling","Lantern","Blind","Intimidate"],"campfire_rested":4,"item_purchase_floors":[3,5,20,20,20,37,37,44],"current_hp_per_floor":[69,69,69,69,69,72,66,66,66,80,80,72,72,65,65,33,80,78,51,51,51,51,41,65,65,65,49,49,43,55,45,69,45,80,67,67,67,52,26,71,71,80,80,80,80,77,72,68,80,29],"gold":94,"neow_bonus":"","is_prod":false,"is_daily":false,"chose_seed":false,"campfire_upgraded":5,"win_rate":0.0,"timestamp":1549225359,"path_taken":["M","M","$","?","?","M","?","R","T","R","?","E","M","E","R","BOSS","M","?","$","?","?","E","R","?","T","?","?","E","M","M","R","BOSS","M","?","$","M","?","R","?","R","T","?","R","M","M","M","R","BOSS"],"build_version":"2019-01-23","purchased_purges":1,"victory":true,"max_hp_per_floor":[80,80,80,80,80,80,80,80,80,80,80,80,80,80,80,80,80,80,80,80,80,80,80,80,80,80,80,80,80,80,80,80,80,80,80,80,80,80,80,80,80,80,80,80,80,80,80,80,80,80],"card_choices":[{"not_picked":["Entrench","Headbutt"],"picked":"Clothesline","floor":1.0},{"not_picked":["True Grit","Headbutt"],"picked":"Whirlwind","floor":2.0},{"not_picked":["Headbutt","Anger"],"picked":"Ghostly Armor","floor":6.0},{"not_picked":["Twin Strike","Clothesline"],"picked":"Anger","floor":7.0},{"not_picked":["Clothesline","Headbutt"],"picked":"Perfected Strike","floor":11.0},{"not_picked":["Clothesline","Pummel"],"picked":"Juggernaut","floor":12.0},{"not_picked":["Rage","True Grit"],"picked":"Clash","floor":13},{"not_picked":["Armaments","Shockwave"],"picked":"Shrug It Off","floor":14},{"not_picked":["Reaper","Impervious"],"picked":"Offering","floor":16},{"not_picked":["Entrench","Clothesline"],"picked":"Carnage","floor":18},{"not_picked":["Sword Boomerang","Pommel Strike"],"picked":"Iron Wave","floor":19},{"not_picked":["Whirlwind","Carnage"],"picked":"Offering","floor":23},{"not_picked":["Reckless Charge","Iron Wave"],"picked":"Infernal Blade","floor":29},{"not_picked":["Perfected Strike","Warcry"],"picked":"Headbutt+1","floor":30},{"not_picked":["Pommel Strike","True Grit"],"picked":"Headbutt+1","floor":31},{"not_picked":["Juggernaut","Offering"],"picked":"Demon Form","floor":33},{"not_picked":["Pommel Strike+1","Body Slam"],"picked":"Blood for Blood+1","floor":35},{"not_picked":["Clothesline","Anger+1"],"picked":"Rage+1","floor":38},{"not_picked":["Iron Wave","True Grit"],"picked":"Intimidate+1","floor":39},{"not_picked":["Double Tap","Perfected Strike","Headbutt+1"],"picked":"SKIP","floor":46},{"not_picked":["Power Through","Sword Boomerang"],"picked":"True Grit+1","floor":47},{"not_picked":["Dual Wield","Perfected Strike"],"picked":"Armaments+1","floor":48}],"player_experience":0,"relics_obtained":[{"floor":9.0,"key":"Pocketwatch"},{"floor":11.0,"key":"Odd Mushroom"},{"floor":12.0,"key":"Gambling Chip"},{"floor":14,"key":"Pen Nib"},{"floor":19,"key":"Shuriken"},{"floor":19,"key":"Torii"},{"floor":23,"key":"Bronze Scales"},{"floor":25,"key":"Bottled Lightning"},{"floor":26,"key":"Kunai"},{"floor":27,"key":"Necronomicon"},{"floor":29,"key":"Magic Flower"},{"floor":43,"key":"Self Forming Clay"}],"event_choices":[{"damage_healed":0.0,"max_hp_gain":0.0,"max_hp_loss":0.0,"gold_gain":0.0,"event_name":"Upgrade Shrine","player_choice":"Upgraded","floor":4.0,"gold_loss":0.0,"damage_taken":0.0,"cards_upgraded":["Whirlwind"]},{"damage_healed":0.0,"max_hp_gain":0.0,"max_hp_loss":0.0,"gold_gain":0.0,"event_name":"Mushrooms","player_choice":"Fought Mushrooms","floor":11.0,"gold_loss":0.0,"damage_taken":0.0},{"damage_healed":0,"gold_gain":0,"player_choice":"Fight","damage_taken":0,"max_hp_gain":0,"max_hp_loss":0,"event_name":"Colosseum","floor":19,"gold_loss":0},{"damage_healed":0,"gold_gain":0,"player_choice":"Fought Nobs","damage_taken":0,"max_hp_gain":0,"max_hp_loss":0,"event_name":"Colosseum","floor":19,"gold_loss":0},{"damage_healed":0,"gold_gain":0,"player_choice":"Ignored","damage_taken":0,"max_hp_gain":0,"max_hp_loss":0,"event_name":"Beggar","floor":21,"gold_loss":0},{"damage_healed":0,"gold_gain":0,"player_choice":"Simplicity","damage_taken":0,"max_hp_gain":0,"max_hp_loss":0,"event_name":"Back to Basics","floor":22,"gold_loss":0,"cards_upgraded":["Strike_R","Strike_R","Strike_R","Strike_R","Strike_R","Defend_R","Defend_R"]},{"damage_healed":0,"gold_gain":0,"player_choice":"Obtained Book","damage_taken":16,"max_hp_gain":0,"max_hp_loss":0,"event_name":"Cursed Tome","floor":27,"gold_loss":0},{"damage_healed":0,"gold_gain":0,"player_choice":"Obtain J.A.X.","damage_taken":0,"max_hp_gain":0,"max_hp_loss":0,"event_name":"Drug Dealer","floor":28,"gold_loss":0,"cards_obtained":["J.A.X."]},{"damage_healed":0,"gold_gain":0,"player_choice":"Ignored","damage_taken":0,"max_hp_gain":0,"max_hp_loss":0,"event_name":"SecretPortal","floor":36,"gold_loss":0},{"damage_healed":0,"gold_gain":0,"cards_transformed":["Juggernaut"],"player_choice":"Transformed","damage_taken":0,"max_hp_gain":0,"max_hp_loss":0,"event_name":"Transmorgrifier","floor":41,"gold_loss":0,"cards_obtained":["Offering"]}],"is_beta":false,"boss_relics":[{"not_picked":["Sozu","Runic Dome"],"picked":"White Beast Statue"},{"not_picked":["Calling Bell","Astrolabe"],"picked":"Eternal Feather"}],"items_purged_floors":[20],"is_endless":false,"potions_floor_spawned":[1,6,7,12,18,19,19,23,29,30,31,33,35,38,39,46,47,48],"ascension_level":0}