{"gold_per_floor":[165,165,240,257,257,257,277,312,312,312],"floor_reached":10,"playtime":152,"items_purged":[],"score":106,"play_id":"652bb416-e32c-4c5e-b0e4-fae4c5b793fd","local_time":"20181130223013","is_ascension_mode":true,"campfire_choices":[{"data":"Iron Wave","floor":6,"key":"SMITH"}],"neow_cost":"NONE","seed_source_timestamp":9117319283081,"circlet_count":0,"master_deck":["AscendersBane","Strike_R","Strike_R","Strike_R","Strike_R+1","Strike_R+1","Defend_R","Defend_R","Defend_R","Defend_R","Bash+1","Iron Wave+1","Cleave","Pommel Strike","Sword Boomerang","Cleave"],"relics":["Tiny House","Blood Vial","Pantograph"],"potions_floor_usage":[8,8],"damage_taken":[{"damage":0,"enemies":"2 Louse","floor":1,"turns":3},{"damage":0,"enemies":"Small Slimes","floor":4,"turns":3},{"damage":0,"enemies":"Jaw Worm","floor":7,"turns":3},{"damage":35,"enemies":"Lagavulin","floor":8,"turns":5},{"damage":28,"enemies":"Exordium Wildlife","floor":10,"turns":4}],"seed_played":"6334015783648320518","potions_obtained":[{"floor":0,"key":"BloodPotion"},{"floor":4,"key":"FearPotion"},{"floor":8,"key":"Swift Potion"}],"is_trial":false,"path_per_floor":["M","?","?","M","?","R","M","E","T","M"],"character_chosen":"IRONCLAD","items_purchased":[],"campfire_rested":0,"item_purchase_floors":[],"current_hp_per_floor":[77,60,49,49,49,49,49,22,22,0],"gold":312,"neow_bonus":"BOSS_RELIC","is_prod":false,"is_daily":false,"chose_seed":false,"campfire_upgraded":1,"win_rate":0,"timestamp":1543617013,"path_taken":["M","?","?","M","?","R","M","E","T","M"],"build_version":"2018-11-15","purchased_purges":0,"victory":false,"max_hp_per_floor":[85,85,85,85,85,85,85,85,85,85],"card_choices":[{"not_picked":["Armaments","Rupture"],"picked":"Iron Wave","floor":0},{"not_picked":["Clothesline","True Grit"],"picked":"Cleave","floor":1},{"not_picked":["Perfected Strike","Evolve"],"picked":"Pommel Strike","floor":4},{"not_picked":["Searing Blow","Heavy Blade"],"picked":"Sword Boomerang","floor":7},{"not_picked":["Sentinel","Blood for Blood"],"picked":"Cleave","floor":8}],"player_experience":224898,"relics_obtained":[{"floor":8,"key":"Blood Vial"},{"floor":9,"key":"Pantograph"}],"event_choices":[{"damage_healed":0,"gold_gain":0,"player_choice":"Entered Light","damage_taken":17,"max_hp_gain":0,"max_hp_loss":0,"event_name":"Shining Light","floor":2,"gold_loss":0,"cards_upgraded":["Strike_R","Strike_R"]},{"damage_healed":0,"gold_gain":75,"player_choice":"Gather Gold","damage_taken":11,"max_hp_gain":0,"max_hp_loss":0,"event_name":"World of Goop","floor":3,"gold_loss":0},{"damage_healed":0,"gold_gain":0,"player_choice":"Ignored","damage_taken":0,"max_hp_gain":0,"max_hp_loss":0,"event_name":"Golden Idol","floor":5,"gold_loss":0}],"is_beta":false,"boss_relics":[],"items_purged_floors":[],"is_endless":false,"potions_floor_spawned":[4,8],"killed_by":"Exordium Wildlife","ascension_level":12}