{"gold_per_floor":[118,20,20,20,30,64,64,76,76,76],"floor_reached":10,"playtime":905,"items_purged":["Strike_G"],"score":76,"play_id":"a047eec0-339c-40e6-b99b-efbf38834cf0","local_time":"20181206040156","is_ascension_mode":true,"campfire_choices":[{"floor":7,"key":"REST"}],"neow_cost":"NONE","seed_source_timestamp":822221912355404,"circlet_count":0,"master_deck":["Defend_G","Defend_G","Defend_G+1","Defend_G+1","Defend_G","Strike_G","Strike_G","Strike_G","Survivor","Neutralize","Deadly Poison","Outmaneuver","Doppelganger","Bouncing Flask","Well Laid Plans"],"relics":["Ring of the Snake","Unceasing Top","Bird Faced Urn"],"potions_floor_usage":[10],"damage_taken":[{"damage":3,"enemies":"2 Louse","floor":1,"turns":3},{"damage":0,"enemies":"Cultist","floor":5,"turns":4},{"damage":54,"enemies":"Gremlin Nob","floor":6,"turns":5},{"damage":0,"enemies":"Jaw Worm","floor":8,"turns":5},{"damage":35,"enemies":"3 Sentries","floor":10,"turns":6}],"seed_played":"-4877740377098809051","potions_obtained":[{"floor":8,"key":"GhostInAJar"}],"is_trial":false,"path_per_floor":["M","$","?","?","M","E","R","M","T","E"],"character_chosen":"THE_SILENT","items_purchased":["Outmaneuver"],"campfire_rested":1,"item_purchase_floors":[2],"current_hp_per_floor":[74,74,59,59,59,5,28,28,28,0],"gold":76,"neow_bonus":"TEN_PERCENT_HP_BONUS","is_prod":false,"is_daily":false,"chose_seed":false,"campfire_upgraded":0,"win_rate":0,"timestamp":1544097716,"path_taken":["M","$","?","?","M","E","R","M","T","E"],"build_version":"2018-11-15","purchased_purges":1,"victory":false,"max_hp_per_floor":[77,77,77,77,77,77,77,77,77,77],"card_choices":[{"not_picked":["Underhanded Strike","Flying Knee"],"picked":"Deadly Poison","floor":1},{"not_picked":["Blade Dance","Dagger Spray"],"picked":"Bouncing Flask","floor":5},{"not_picked":["Skewer","Dagger Spray","Dash"],"picked":"SKIP","floor":6},{"not_picked":["Wraith Form v2","Deflect"],"picked":"Well Laid Plans","floor":8}],"player_experience":77556,"relics_obtained":[{"floor":6,"key":"Unceasing Top"},{"floor":9,"key":"Bird Faced Urn"}],"event_choices":[{"damage_healed":0,"gold_gain":0,"player_choice":"Entered Light","damage_taken":15,"max_hp_gain":0,"max_hp_loss":0,"event_name":"Shining Light","floor":3,"gold_loss":0,"cards_upgraded":["Defend_G","Defend_G"]},{"damage_healed":0,"gold_gain":0,"cards_transformed":["Strike_G"],"player_choice":"Transformed","damage_taken":0,"max_hp_gain":0,"max_hp_loss":0,"event_name":"Transmorgrifier","floor":4,"gold_loss":0,"cards_obtained":["Doppelganger"]}],"is_beta":false,"boss_relics":[],"items_purged_floors":[2],"is_endless":false,"potions_floor_spawned":[8],"killed_by":"3 Sentries","ascension_level":3}