{"gold_per_floor":[113,388,74,93,111,145,157,222,245,245,50,67,82,97,97,201,201,211,211,211,211,231,231,246,246,246,246,297,297,222,239,239,239],"floor_reached":33,"playtime":3230,"items_purged":["Regret"],"score":359,"play_id":"258d57cc-9b74-4f50-a78a-705ef2b58af7","local_time":"20190108130757","is_ascension_mode":true,"campfire_choices":[{"data":"Body Slam","floor":10.0,"key":"SMITH"},{"data":"Evolve","floor":15.0,"key":"SMITH"},{"data":"RitualDagger","floor":23,"key":"SMITH"},{"data":"Anger","floor":25,"key":"SMITH"},{"data":"Dark Embrace","floor":27,"key":"SMITH"},{"floor":29,"key":"RECALL"},{"data":"Bash","floor":32,"key":"SMITH"}],"neow_cost":"NONE","seed_source_timestamp":0,"circlet_count":0,"master_deck":["Strike_R","Strike_R","Strike_R","Defend_R","Defend_R","Defend_R","Defend_R","Bash+1","Searing Blow","Body Slam+1","Spot Weakness","Pommel Strike","Shrug It Off","Battle Trance","Clash","Shrug It Off","Dark Embrace+1","Flame Barrier","Anger+1","Evolve+1","Immolate","RitualDagger+1","Ghostly","Ghostly","Ghostly","Ghostly","Ghostly","Armaments+1"],"special_seed":0,"relics":["Burning Blood","Bag of Marbles","Strawberry","Tiny Chest","Orichalcum","ClockworkSouvenir","Eternal Feather","MutagenicStrength","Bottled Lightning"],"potions_floor_usage":[33],"damage_taken":[{"damage":9.0,"enemies":"Jaw Worm","floor":1.0,"turns":5.0},{"damage":1.0,"enemies":"Cultist","floor":4.0,"turns":4.0},{"damage":0.0,"enemies":"2 Louse","floor":5.0,"turns":2.0},{"damage":39.0,"enemies":"Lagavulin","floor":6.0,"turns":6.0},{"damage":1.0,"enemies":"Looter","floor":7.0,"turns":3.0},{"damage":5.0,"enemies":"Gremlin Nob","floor":8.0,"turns":3.0},{"damage":5.0,"enemies":"2 Fungi Beasts","floor":12.0,"turns":3.0},{"damage":5.0,"enemies":"Red Slaver","floor":13.0,"turns":3.0},{"damage":1.0,"enemies":"Exordium Thugs","floor":14.0,"turns":3.0},{"damage":48.0,"enemies":"The Guardian","floor":16.0,"turns":13.0},{"damage":34,"enemies":"Spheric Guardian","floor":18,"turns":6},{"damage":0,"enemies":"Chosen","floor":22,"turns":5},{"damage":13,"enemies":"Centurion and Healer","floor":24,"turns":7},{"damage":7,"enemies":"Snake Plant","floor":31,"turns":3},{"damage":56,"enemies":"Champ","floor":33,"turns":11}],"seed_played":"-224881529985096234","potions_obtained":[{"floor":5.0,"key":"Fire Potion"},{"floor":6.0,"key":"GamblersBrew"},{"floor":7.0,"key":"PowerPotion"},{"floor":13.0,"key":"Ancient Potion"},{"floor":16.0,"key":"LiquidBronze"},{"floor":22,"key":"BloodPotion"},{"floor":24,"key":"GamblersBrew"}],"is_trial":false,"path_per_floor":["M","?","$","M","M","E","M","E","T","R","$","M","M","M","R","B",null,"M","?","?","?","M","R","M","R","T","R","T","R","?","M","R","B"],"character_chosen":"IRONCLAD","items_purchased":["Bag of Marbles","Spot Weakness","Pommel Strike","ClockworkSouvenir"],"campfire_rested":0,"item_purchase_floors":[3,3,3,11],"current_hp_per_floor":[69,69,69,74,80,54,59,60,60,60,60,61,62,67,67,25,72,44,38,38,38,43,43,36,43,43,43,43,43,43,42,43,0],"gold":239,"neow_bonus":"TRANSFORM_CARD","is_prod":false,"is_daily":false,"chose_seed":false,"campfire_upgraded":6,"win_rate":0,"timestamp":1546981677,"path_taken":["M","?","$","M","M","E","M","E","T","R","$","?","M","M","R","BOSS","M","?","?","?","M","R","M","R","T","R","?","R","?","M","R","BOSS"],"build_version":"2019-01-03v4","purchased_purges":1,"victory":false,"max_hp_per_floor":[80,80,80,80,80,87,87,87,87,87,87,87,87,87,87,87,87,87,87,87,43,43,43,43,43,43,43,43,43,43,43,43,43],"card_choices":[{"not_picked":["Havoc","True Grit"],"picked":"Body Slam","floor":1.0},{"not_picked":["Reckless Charge","Combust"],"picked":"Shrug It Off","floor":4.0},{"not_picked":["Rampage","Iron Wave"],"picked":"Battle Trance","floor":5.0},{"not_picked":["True Grit","Heavy Blade"],"picked":"Clash","floor":6.0},{"not_picked":["Perfected Strike","Flex"],"picked":"Shrug It Off","floor":7.0},{"not_picked":["Hemokinesis","Clothesline"],"picked":"Dark Embrace","floor":8.0},{"not_picked":["Power Through","Body Slam"],"picked":"Flame Barrier","floor":12.0},{"not_picked":["Havoc","Cleave"],"picked":"Anger","floor":13.0},{"not_picked":["Cleave","Flex"],"picked":"Evolve","floor":14.0},{"not_picked":["Brutality","Berserk"],"picked":"Immolate","floor":16.0},{"not_picked":["True Grit","Spot Weakness","Heavy Blade+1"],"picked":"SKIP","floor":18},{"not_picked":["Battle Trance+1","Anger","Havoc+1"],"picked":"SKIP","floor":22},{"not_picked":["Cleave","Whirlwind+1"],"picked":"Armaments+1","floor":24},{"not_picked":["Corruption","Body Slam","Carnage"],"picked":"SKIP","floor":31}],"player_experience":236134,"relics_obtained":[{"floor":6.0,"key":"Strawberry"},{"floor":8.0,"key":"Tiny Chest"},{"floor":9.0,"key":"Orichalcum"},{"floor":26,"key":"Bottled Lightning"}],"event_choices":[{"damage_healed":0.0,"max_hp_gain":0.0,"max_hp_loss":0.0,"gold_gain":275.0,"event_name":"Golden Shrine","player_choice":"Desecrate","floor":2.0,"gold_loss":0.0,"damage_taken":0.0,"cards_obtained":["Regret"]},{"damage_healed":0,"gold_gain":0,"player_choice":"Joined the Cult","damage_taken":6,"max_hp_gain":0,"max_hp_loss":0,"event_name":"Nest","floor":19,"gold_loss":0,"cards_obtained":["RitualDagger"]},{"damage_healed":0,"gold_gain":0,"player_choice":"Inject Mutagens","damage_taken":0,"relics_obtained":["MutagenicStrength"],"max_hp_gain":0,"max_hp_loss":0,"event_name":"Drug Dealer","floor":20,"gold_loss":0},{"damage_healed":0,"gold_gain":0,"player_choice":"Became a Ghost","damage_taken":0,"max_hp_gain":0,"max_hp_loss":44,"event_name":"Ghosts","floor":21,"gold_loss":0,"cards_obtained":["Ghostly","Ghostly","Ghostly","Ghostly","Ghostly"]},{"cards_removed":["Strike_R"],"damage_healed":0,"gold_gain":0,"player_choice":"Gave Gold","damage_taken":0,"max_hp_gain":0,"max_hp_loss":0,"event_name":"Beggar","floor":30,"gold_loss":75}],"is_beta":false,"boss_relics":[{"not_picked":["Fusion Hammer","Empty Cage"],"picked":"Eternal Feather"}],"items_purged_floors":[3],"is_endless":false,"potions_floor_spawned":[5,6,7,13,16,22,24],"killed_by":"Champ","ascension_level":6}