{"gold_per_floor":[17,17,17,31,31,31,41,56,56,70,86,5,5,38,38,110,110,124,1,1,17,28,28,28],"floor_reached":24,"playtime":631,"items_purged":[],"score":376,"play_id":"e0f53f9a-651f-4eab-a491-ece8fdf78986","local_time":"20190119004342","is_ascension_mode":true,"campfire_choices":[{"data":"Juggernaut","floor":6,"key":"SMITH"},{"data":"Body Slam","floor":13,"key":"SMITH"},{"data":"Shrug It Off","floor":15,"key":"SMITH"},{"data":"True Grit","floor":23,"key":"SMITH"}],"neow_cost":"NO_GOLD","seed_source_timestamp":18493270230030,"circlet_count":0,"master_deck":["AscendersBane","Strike_R","Strike_R","Defend_R","Defend_R","Defend_R","Defend_R","Bash","Juggernaut+1","Shrug It Off+1","Body Slam+1","Metallicize","Barricade+1","Second Wind+1","Searing Blow+1","True Grit+1","Metallicize+1","Power Through"],"relics":["Burning Blood","Paper Frog","Frozen Egg 2","Astrolabe"],"potions_floor_usage":[14,16,22,24],"damage_taken":[{"damage":7,"enemies":"Small Slimes","floor":1,"turns":4},{"damage":6,"enemies":"Cultist","floor":4,"turns":3},{"damage":2,"enemies":"Jaw Worm","floor":7,"turns":5},{"damage":7,"enemies":"Red Slaver","floor":8,"turns":4},{"damage":6,"enemies":"Large Slime","floor":10,"turns":6},{"damage":8,"enemies":"Blue Slaver","floor":11,"turns":4},{"damage":10,"enemies":"3 Sentries","floor":14,"turns":5},{"damage":48,"enemies":"The Guardian","floor":16,"turns":12},{"damage":18,"enemies":"3 Byrds","floor":18,"turns":4},{"damage":8,"enemies":"Shell Parasite","floor":21,"turns":7},{"damage":18,"enemies":"Snecko","floor":22,"turns":6},{"damage":63,"enemies":"Slavers","floor":24,"turns":5}],"seed_played":"-7109595185095449343","potions_obtained":[{"floor":10,"key":"Weak Potion"},{"floor":11,"key":"EssenceOfSteel"},{"floor":14,"key":"Dexterity Potion"},{"floor":16,"key":"AttackPotion"}],"is_trial":false,"path_per_floor":["M","?","?","M","$","R","M","M","T","M","M","$","R","E","R","B",null,"M","$","?","M","M","R","E"],"character_chosen":"IRONCLAD","items_purchased":["Metallicize","Metallicize+1","Power Through"],"campfire_rested":0,"item_purchase_floors":[12,19,19],"current_hp_per_floor":[67,67,75,75,75,75,75,74,74,74,72,72,72,68,68,26,63,51,51,75,73,61,61,0],"gold":28,"neow_bonus":"THREE_RARE_CARDS","is_prod":false,"is_daily":false,"chose_seed":false,"campfire_upgraded":4,"win_rate":0,"timestamp":1547858622,"path_taken":["M","?","?","?","$","R","?","M","T","M","M","$","R","E","R","BOSS","M","$","?","M","?","R","E"],"build_version":"2019-01-17v2","purchased_purges":0,"victory":false,"max_hp_per_floor":[75,75,75,75,75,75,75,75,75,75,75,75,75,75,75,75,75,75,75,75,75,75,75,75],"card_choices":[{"not_picked":["Double Tap","Limit Break"],"picked":"Juggernaut","floor":0},{"not_picked":["Clash","Anger","Warcry"],"picked":"SKIP","floor":1},{"not_picked":["Heavy Blade","Sentinel"],"picked":"Shrug It Off","floor":4},{"not_picked":["Clash","Seeing Red","Carnage"],"picked":"SKIP","floor":7},{"not_picked":["Bloodletting","Fiend Fire"],"picked":"Body Slam","floor":8},{"not_picked":["Clash","Headbutt","Flex"],"picked":"SKIP","floor":10},{"not_picked":["Burning Pact","Headbutt","Fire Breathing"],"picked":"SKIP","floor":11},{"not_picked":["Thunderclap","Heavy Blade","Cleave"],"picked":"SKIP","floor":14},{"not_picked":["Limit Break","Fiend Fire"],"picked":"Barricade+1","floor":16},{"not_picked":["Clash","Anger"],"picked":"True Grit","floor":18},{"not_picked":["True Grit","Iron Wave","Perfected Strike"],"picked":"SKIP","floor":21},{"not_picked":["Fire Breathing+1","Wild Strike","Blood for Blood"],"picked":"SKIP","floor":22}],"player_experience":402714,"relics_obtained":[{"floor":9,"key":"Paper Frog"},{"floor":14,"key":"Frozen Egg 2"}],"event_choices":[{"damage_healed":0,"gold_gain":0,"player_choice":"Leave","damage_taken":0,"max_hp_gain":0,"max_hp_loss":0,"event_name":"The Cleric","floor":2,"gold_loss":0},{"damage_healed":8,"gold_gain":0,"player_choice":"Full Heal","damage_taken":0,"max_hp_gain":0,"max_hp_loss":0,"event_name":"Wheel of Change","floor":3,"gold_loss":0},{"cards_removed":["Bloodletting"],"damage_healed":24,"gold_gain":0,"player_choice":"Offered Uncommon","damage_taken":0,"max_hp_gain":0,"max_hp_loss":0,"event_name":"Bonfire Elementals","floor":20,"gold_loss":0}],"is_beta":false,"boss_relics":[{"not_picked":["White Beast Statue","Snecko Eye"],"picked":"Astrolabe"}],"items_purged_floors":[],"is_endless":false,"potions_floor_spawned":[10,11,14,16,18],"killed_by":"Slavers","ascension_level":18}