{"gold_per_floor":[110,11,11,26,38,38,49,49,102,116,86,86,86,101,101,232,232,251,266,285,139,164,164],"floor_reached":23,"playtime":430,"items_purged":["Strike_B","Strike_B"],"score":213,"play_id":"172b6fb4-bc1f-4f13-8b4c-2b8761898fdf","local_time":"20180924173210","is_ascension_mode":true,"campfire_choices":[{"data":"Defragment","floor":6,"key":"SMITH"},{"data":"Zap","floor":8,"key":"SMITH"},{"data":"Dualcast","floor":15,"key":"SMITH"}],"neow_cost":"","seed_source_timestamp":10121139823822,"circlet_count":0,"master_deck":["Defend_B","Defend_B","Defend_B","Defend_B","Zap+1","Dualcast+1","Ball Lightning","Defragment+1","Cold Snap","Ball Lightning","Echo Form","Reboot","Darkness","Go for the Eyes"],"relics":["Cracked Core","Lantern","Golden Idol","Busted Crown"],"potions_floor_usage":[20,22,22,23],"damage_taken":[{"damage":5,"enemies":"Small Slimes","floor":1,"turns":3},{"damage":2,"enemies":"Jaw Worm","floor":4,"turns":3},{"damage":3,"enemies":"2 Louse","floor":5,"turns":2},{"damage":3,"enemies":"Blue Slaver","floor":7,"turns":3},{"damage":1,"enemies":"Looter","floor":10,"turns":2},{"damage":14,"enemies":"Exordium Wildlife","floor":14,"turns":3},{"damage":1,"enemies":"Hexaghost","floor":16,"turns":6},{"damage":2,"enemies":"Chosen","floor":18,"turns":4},{"damage":11,"enemies":"Shell Parasite","floor":19,"turns":4},{"damage":17,"enemies":"Shelled Parasite and Fungi","floor":20,"turns":3},{"damage":14,"enemies":"Snecko","floor":22,"turns":4},{"damage":33,"enemies":"Slavers","floor":23,"turns":2}],"seed_played":"-6336534075462543696","potions_obtained":[{"floor":4,"key":"EssenceOfSteel"},{"floor":5,"key":"Fire Potion"},{"floor":7,"key":"Swift Potion"},{"floor":22,"key":"Dexterity Potion"}],"is_trial":false,"path_per_floor":["M","$","?","M","M","R","M","R","T","M","?","?","?","M","R","B",null,"M","M","M","$","M"],"character_chosen":"DEFECT","items_purchased":["Ball Lightning","Go for the Eyes"],"campfire_rested":0,"item_purchase_floors":[2,21],"current_hp_per_floor":[70,70,63,61,58,58,55,55,55,54,54,54,54,40,40,39,69,67,56,39,39,25,0],"gold":164,"neow_bonus":"","is_prod":false,"is_daily":false,"chose_seed":false,"campfire_upgraded":3,"win_rate":0,"timestamp":1537806730,"path_taken":["M","$","?","M","M","R","M","R","T","M","?","?","?","M","R","BOSS","M","M","M","$","M","E"],"build_version":"2018-09-20","purchased_purges":2,"victory":false,"max_hp_per_floor":[75,75,75,75,75,75,75,75,75,75,75,69,69,69,69,69,69,69,69,69,69,69,69],"card_choices":[{"not_picked":["Leap","Self Repair","Steam"],"picked":"SKIP","floor":1},{"not_picked":["Ball Lightning","Compile Driver"],"picked":"Defragment","floor":4},{"not_picked":["Compile Driver","Scrape"],"picked":"Cold Snap","floor":5},{"not_picked":["Auto Shields","Gash","Sweeping Beam"],"picked":"SKIP","floor":7},{"not_picked":["FTL","Storm"],"picked":"Ball Lightning","floor":10},{"not_picked":["Recycle","Steam"],"picked":"Echo Form","floor":14},{"not_picked":["Meteor Strike","Hyperbeam"],"picked":"Reboot","floor":16},{"not_picked":["Rebound"],"picked":"SKIP","floor":18},{"not_picked":[],"picked":"Darkness","floor":19},{"not_picked":["Rebound+1"],"picked":"SKIP","floor":20},{"not_picked":["Go for the Eyes"],"picked":"SKIP","floor":22}],"player_experience":45794,"relics_obtained":[{"floor":9,"key":"Lantern"}],"event_choices":[{"event_name":"Golden Wing","player_choice":"Card Removal","floor":3,"damage_taken":0},{"event_name":"World of Goop","player_choice":"Left","floor":11,"damage_taken":0},{"event_name":"Golden Idol","player_choice":"Lose Max HP","floor":12,"damage_taken":0},{"event_name":"Living Wall","player_choice":"Forget","floor":13,"damage_taken":0}],"is_beta":false,"boss_relics":[{"not_picked":["Runic Pyramid","Philosopher\u0027s Stone"],"picked":"Busted Crown"}],"items_purged_floors":[2,21],"is_endless":false,"potions_floor_spawned":[4,5,7,14,22],"killed_by":"Slavers","ascension_level":3}