{"gold_per_floor":[119,135,153,49,65,65,100,128,128,143,143,175,175,188,188,266,266,280,280,280,297,316,348,363,363,363,24,24,39,64,114,114,193,193,208,227,246,246,263,293,303,334,334,334,344,354,369,108,108,108,108,108,28,53,53],"floor_reached":56,"playtime":3941,"items_purged":["Strike_R+1","Strike_R+1"],"score":2168,"play_id":"a30b3291-e12b-4330-8b49-dc60cdbd6115","local_time":"20190204214504","is_ascension_mode":true,"campfire_choices":[{"data":"Whirlwind","floor":6,"key":"SMITH"},{"floor":11,"key":"REST"},{"data":"Uppercut","floor":13,"key":"SMITH"},{"data":"Metallicize","floor":15,"key":"SMITH"},{"data":"Demon Form","floor":25,"key":"SMITH"},{"data":"Feel No Pain","floor":28,"key":"SMITH"},{"data":"Offering","floor":32,"key":"SMITH"},{"floor":49,"key":"RECALL"},{"floor":52,"key":"REST"}],"neow_cost":"TEN_PERCENT_HP_LOSS","seed_source_timestamp":16801045293370,"circlet_count":0,"master_deck":["AscendersBane","Strike_R+1","Strike_R+1","Strike_R+1","Defend_R+1","Defend_R+1","Defend_R+1","Defend_R+1","Bash","Feed","Uppercut+1","Whirlwind+1","Shrug It Off","Metallicize+1","Offering+1","Evolve","Feel No Pain+1","Demon Form+1","Clothesline+1","Feel No Pain+1","Shockwave","Power Through","Reaper","Corruption","Dark Embrace","Shrug It Off+1","Armaments+1","Sword Boomerang+1","Flame Barrier","Pummel","True Grit+1","Inflame","Metallicize+1","Heavy Blade+1"],"relics":["Burning Blood","Bag of Marbles","Odd Mushroom","Pantograph","Blue Candle","Snecko Eye","Blood Vial","Lantern","The Courier","Fusion Hammer","Matryoshka","Anchor","Dream Catcher","Mummified Hand","Happy Flower","Red Skull"],"potions_floor_usage":[7,16,23,29,42,42,42],"damage_taken":[{"damage":10,"enemies":"Small Slimes","floor":1,"turns":6},{"damage":4,"enemies":"2 Louse","floor":2,"turns":3},{"damage":7,"enemies":"Cultist","floor":3,"turns":4},{"damage":17,"enemies":"Blue Slaver","floor":5,"turns":6},{"damage":35,"enemies":"Lagavulin","floor":7,"turns":9},{"damage":24,"enemies":"The Mushroom Lair","floor":8,"turns":6},{"damage":8,"enemies":"Lots of Slimes","floor":10,"turns":2},{"damage":15,"enemies":"3 Sentries","floor":12,"turns":6},{"damage":8,"enemies":"Red Slaver","floor":14,"turns":7},{"damage":19,"enemies":"Slime Boss","floor":16,"turns":9},{"damage":18,"enemies":"Shell Parasite","floor":18,"turns":9},{"damage":0,"enemies":"Spheric Guardian","floor":21,"turns":3},{"damage":20,"enemies":"Centurion and Healer","floor":22,"turns":4},{"damage":20,"enemies":"Slavers","floor":23,"turns":2},{"damage":14,"enemies":"Cultist and Chosen","floor":24,"turns":5},{"damage":10,"enemies":"Snake Plant","floor":29,"turns":4},{"damage":6,"enemies":"Gremlin Leader","floor":30,"turns":6},{"damage":27,"enemies":"Champ","floor":33,"turns":11},{"damage":6,"enemies":"Orb Walker","floor":35,"turns":4},{"damage":0,"enemies":"3 Shapes","floor":36,"turns":4},{"damage":17,"enemies":"Sphere and 2 Shapes","floor":37,"turns":5},{"damage":22,"enemies":"Writhing Mass","floor":39,"turns":7},{"damage":6,"enemies":"Giant Head","floor":40,"turns":6},{"damage":13,"enemies":"Spire Growth","floor":41,"turns":5},{"damage":23,"enemies":"Reptomancer","floor":42,"turns":3},{"damage":6,"enemies":"Transient","floor":45,"turns":5},{"damage":0,"enemies":"4 Shapes","floor":46,"turns":4},{"damage":12,"enemies":"Jaw Worm Horde","floor":47,"turns":4},{"damage":51,"enemies":"Time Eater","floor":50,"turns":8},{"damage":6,"enemies":"Shield and Spear","floor":54,"turns":4},{"damage":65,"enemies":"The Heart","floor":55,"turns":9}],"seed_played":"4489745684664859858","potions_obtained":[{"floor":1,"key":"LiquidBronze"},{"floor":2,"key":"Regen Potion"},{"floor":7,"key":"SteroidPotion"},{"floor":21,"key":"AttackPotion"},{"floor":24,"key":"Block Potion"},{"floor":29,"key":"GamblersBrew"},{"floor":40,"key":"EntropicBrew"},{"floor":46,"key":"Block Potion"}],"is_trial":false,"path_per_floor":["M","M","M","$","M","R","E","?","T","M","R","E","R","M","R","B",null,"M","?","?","M","M","E","M","R","T","$","R","M","E","?","R","B",null,"M","M","M","$","M","E","M","E","T","?","M","M","M","$","R","B",null,"R","$","E","B",null],"character_chosen":"IRONCLAD","items_purchased":["Shrug It Off","Metallicize","Reaper","Lantern","Happy Flower","Inflame"],"campfire_rested":2,"item_purchase_floors":[4,4,27,27,48,48],"current_hp_per_floor":[67,72,74,74,66,66,52,37,37,35,59,53,53,54,54,66,83,74,74,74,80,69,55,52,52,52,52,52,56,91,91,91,101,101,104,107,99,99,95,97,108,109,109,109,110,113,110,110,110,111,115,116,116,119,96],"gold":53,"neow_bonus":"THREE_RARE_CARDS","is_prod":false,"is_daily":false,"chose_seed":false,"campfire_upgraded":6,"win_rate":0,"timestamp":1549334704,"path_taken":["M","M","M","$","M","R","E","?","T","M","R","E","R","M","R","BOSS","M","?","?","M","M","E","M","R","T","$","R","M","E","?","R","BOSS","M","M","M","$","?","E","M","E","T","?","M","?","M","$","R","BOSS","R","$","E","BOSS"],"build_version":"2019-01-23","purchased_purges":2,"victory":true,"max_hp_per_floor":[71,74,77,77,80,80,80,83,83,83,83,86,86,89,89,89,89,92,92,92,92,95,95,98,98,98,98,98,98,101,101,101,101,101,104,107,110,110,110,110,110,110,110,110,110,113,116,116,116,116,116,116,116,119,119],"card_choices":[{"not_picked":["Bludgeon","Dark Embrace"],"picked":"Feed","floor":0},{"not_picked":["Clash","Perfected Strike"],"picked":"Uppercut","floor":1},{"not_picked":["Clash","Warcry"],"picked":"Whirlwind","floor":2},{"not_picked":["Burning Pact","Bloodletting","Perfected Strike"],"picked":"SKIP","floor":3},{"not_picked":["Flex","Reckless Charge","Wild Strike"],"picked":"SKIP","floor":5},{"not_picked":["Flame Barrier","Second Wind"],"picked":"Offering","floor":7},{"not_picked":["Heavy Blade","Clothesline"],"picked":"Evolve","floor":8},{"not_picked":["Havoc","Shockwave"],"picked":"Feel No Pain","floor":10},{"not_picked":["Thunderclap","Iron Wave","Cleave"],"picked":"SKIP","floor":12},{"not_picked":["Uppercut","Clash","Blood for Blood"],"picked":"SKIP","floor":14},{"not_picked":["Reaper","Limit Break"],"picked":"Demon Form","floor":16},{"not_picked":["Anger","Seeing Red"],"picked":"Clothesline+1","floor":18},{"not_picked":["Dual Wield","Uppercut"],"picked":"Feel No Pain+1","floor":21},{"not_picked":["Second Wind","Blood for Blood"],"picked":"Shockwave","floor":22},{"not_picked":["Rupture","Entrench"],"picked":"Power Through","floor":23},{"not_picked":["Sentinel","Dual Wield","Combust"],"picked":"SKIP","floor":24},{"not_picked":["Combust+1","Feel No Pain"],"picked":"Corruption","floor":29},{"not_picked":["Uppercut","Rupture+1","Clothesline"],"picked":"SKIP","floor":30},{"not_picked":["Demon Form","Barricade"],"picked":"Dark Embrace","floor":33},{"not_picked":["Sword Boomerang","Iron Wave"],"picked":"Shrug It Off+1","floor":35},{"not_picked":["Body Slam","Havoc"],"picked":"Armaments+1","floor":36},{"not_picked":["Pommel Strike","Iron Wave"],"picked":"Sword Boomerang+1","floor":37},{"not_picked":["Thunderclap","Heavy Blade","Pommel Strike"],"picked":"SKIP","floor":39},{"not_picked":["Body Slam","Evolve"],"picked":"Flame Barrier","floor":40},{"not_picked":["Clothesline","Whirlwind","Power Through"],"picked":"SKIP","floor":41},{"not_picked":["Sentinel","Bloodletting+1","Dual Wield"],"picked":"SKIP","floor":42},{"not_picked":["Entrench+1","Power Through"],"picked":"Pummel","floor":45},{"not_picked":["Cleave","Dark Embrace"],"picked":"True Grit+1","floor":46},{"not_picked":["Metallicize+1","Whirlwind","Flex"],"picked":"SKIP","floor":47},{"not_picked":["Evolve","Wild Strike"],"picked":"Metallicize+1","floor":52},{"not_picked":["Fiend Fire","Second Wind"],"picked":"Heavy Blade+1","floor":54}],"player_experience":525109,"relics_obtained":[{"floor":7,"key":"Bag of Marbles"},{"floor":8,"key":"Odd Mushroom"},{"floor":9,"key":"Pantograph"},{"floor":12,"key":"Blue Candle"},{"floor":23,"key":"Blood Vial"},{"floor":30,"key":"The Courier"},{"floor":40,"key":"Matryoshka"},{"floor":42,"key":"Anchor"},{"floor":43,"key":"Dream Catcher"},{"floor":43,"key":"Mummified Hand"},{"floor":54,"key":"Red Skull"}],"event_choices":[{"damage_healed":0,"gold_gain":0,"player_choice":"Fought Mushrooms","damage_taken":0,"max_hp_gain":0,"max_hp_loss":0,"event_name":"Mushrooms","floor":8,"gold_loss":0},{"damage_healed":0,"gold_gain":0,"player_choice":"Ignored","damage_taken":0,"max_hp_gain":0,"max_hp_loss":0,"event_name":"The Mausoleum","floor":19,"gold_loss":0},{"damage_healed":0,"gold_gain":0,"player_choice":"Simplicity","damage_taken":0,"max_hp_gain":0,"max_hp_loss":0,"event_name":"Back to Basics","floor":20,"gold_loss":0,"cards_upgraded":["Strike_R","Strike_R","Strike_R","Strike_R","Strike_R","Defend_R","Defend_R","Defend_R","Defend_R"]},{"damage_healed":0,"gold_gain":50,"player_choice":"Pray","damage_taken":0,"max_hp_gain":0,"max_hp_loss":0,"event_name":"Golden Shrine","floor":31,"gold_loss":0},{"damage_healed":0,"gold_gain":0,"player_choice":"Ignored","damage_taken":0,"max_hp_gain":0,"max_hp_loss":0,"event_name":"SecretPortal","floor":44,"gold_loss":0}],"is_beta":false,"boss_relics":[{"not_picked":["Black Star","Runic Dome"],"picked":"Snecko Eye"},{"not_picked":["Eternal Feather","Tiny House"],"picked":"Fusion Hammer"}],"items_purged_floors":[48,53],"is_endless":false,"potions_floor_spawned":[1,2,5,7,21,24,29,30,35,39,40,46,54],"ascension_level":16}