{"gold_per_floor":[146,146,158,61,81,111,167,177,177,202,202,216,231,247,247,350,350,361,64,64,80,80,91,122,135,135,135,135,153,153,169,169,266,266,277,151,164,164,164,164,182,202,202,218,218,234,234,234,234,234],"floor_reached":51,"playtime":1343,"items_purged":["Strike_B","Strike_B"],"score":708,"play_id":"ab5b7956-07cc-4196-844c-89cd27a612c7","local_time":"20180906200025","is_ascension_mode":false,"campfire_choices":[{"data":"Darkness","floor":11,"key":"SMITH"},{"data":"Zap","floor":15,"key":"SMITH"},{"data":"Rainbow","floor":27,"key":"SMITH"},{"data":"White Noise","floor":30,"key":"SMITH"},{"data":"Tempest","floor":32,"key":"SMITH"},{"data":"Turbo","floor":40,"key":"SMITH"},{"floor":45,"key":"REST"},{"data":"Darkness","floor":47,"key":"SMITH"},{"floor":49,"key":"REST"}],"neow_cost":"NONE","seed_source_timestamp":3989912243658,"circlet_count":0,"master_deck":["Defend_B+1","Defend_B+1","Zap+1","Dualcast+1","Doom and Gloom+1","Conserve Battery+1","Chill+1","Darkness+1","Cold Snap+1","Biased Cognition+1","Rainbow+1","Darkness+1","Shame","Defragment+1","White Noise+1","Tempest+1","Multi-Cast+1","Melter+1","Aggregate+1","Loop+1","Capacitor+1","Conserve Battery+1","Turbo+1","Conserve Battery+1","Darkness+1"],"relics":["Cracked Core","Tiny Chest","Frozen Egg 2","Pear","Darkstone Periapt","Potion Belt","Velvet Choker","DollysMirror","Ice Cream","Shovel","Anchor","Matryoshka","Ancient Tea Set","Pen Nib","Astrolabe","Bronze Scales","Dodecahedron","Mark of the Bloom"],"potions_floor_usage":[7,16,16,31,50,50,50,50],"damage_taken":[{"damage":0,"enemies":"2 Louse","floor":1,"turns":3},{"damage":1,"enemies":"Cultist","floor":3,"turns":3},{"damage":5,"enemies":"Jaw Worm","floor":5,"turns":5},{"damage":11,"enemies":"Lagavulin","floor":6,"turns":5},{"damage":15,"enemies":"Lagavulin Event","floor":7,"turns":4},{"damage":11,"enemies":"Exordium Wildlife","floor":8,"turns":5},{"damage":10,"enemies":"3 Sentries","floor":10,"turns":6},{"damage":0,"enemies":"3 Louse","floor":12,"turns":3},{"damage":1,"enemies":"Looter","floor":13,"turns":3},{"damage":6,"enemies":"Large Slime","floor":14,"turns":4},{"damage":18,"enemies":"The Guardian","floor":16,"turns":8},{"damage":4,"enemies":"2 Thieves","floor":18,"turns":5},{"damage":0,"enemies":"Spheric Guardian","floor":21,"turns":3},{"damage":5,"enemies":"Centurion and Healer","floor":23,"turns":6},{"damage":14,"enemies":"Book of Stabbing","floor":24,"turns":5},{"damage":5,"enemies":"Sentry and Sphere","floor":25,"turns":4},{"damage":0,"enemies":"Cultist and Chosen","floor":29,"turns":5},{"damage":0,"enemies":"Chosen and Byrds","floor":31,"turns":3},{"damage":31,"enemies":"Champ","floor":33,"turns":9},{"damage":5,"enemies":"3 Shapes","floor":35,"turns":3},{"damage":7,"enemies":"3 Darklings","floor":37,"turns":5},{"damage":25,"enemies":"Sphere and 2 Shapes","floor":41,"turns":6},{"damage":4,"enemies":"Spire Growth","floor":42,"turns":3},{"damage":0,"enemies":"3 Darklings","floor":44,"turns":4},{"damage":21,"enemies":"Reptomancer","floor":46,"turns":5},{"damage":14,"enemies":"Awakened One","floor":50,"turns":7}],"seed_played":"3558172190679241420","potions_obtained":[{"floor":1,"key":"FocusPotion"},{"floor":7,"key":"GamblersBrew"},{"floor":10,"key":"Block Potion"},{"floor":13,"key":"SpeedPotion"},{"floor":24,"key":"EssenceOfSteel"},{"floor":25,"key":"SpeedPotion"},{"floor":29,"key":"SpeedPotion"},{"floor":31,"key":"SteroidPotion"},{"floor":33,"key":"FearPotion"},{"floor":37,"key":"SteroidPotion"},{"floor":44,"key":"FocusPotion"}],"is_trial":false,"path_per_floor":["M","?","M","$","M","E","?","M","T","E","R","M","M","M","R","B",null,"M","$","?","M","?","M","E","M","T","R","T","M","R","M","R","B",null,"M","$","M","?","?","R","M","M","T","M","R","M","R","?","R","B"],"character_chosen":"DEFECT","items_purchased":["Conserve Battery","DollysMirror","Capacitor+1","Conserve Battery"],"campfire_rested":2,"item_purchase_floors":[4,19,36,36],"current_hp_per_floor":[75,80,79,79,74,63,58,47,47,37,37,37,36,30,30,12,90,86,86,86,86,92,87,73,68,68,68,68,68,68,68,68,37,96,91,91,84,84,84,84,59,55,55,55,82,61,61,61,61,47],"gold":234,"neow_bonus":"RANDOM_COMMON_RELIC","is_prod":false,"is_daily":false,"chose_seed":false,"campfire_upgraded":7,"win_rate":0,"timestamp":1536260425,"path_taken":["M","?","?","$","M","E","?","M","T","E","R","M","M","M","R","BOSS","M","$","?","?","?","M","E","?","T","R","?","M","R","M","R","BOSS","M","$","M","?","?","R","M","M","T","M","R","M","R","?","R","BOSS"],"build_version":"2018-08-30","purchased_purges":2,"victory":true,"max_hp_per_floor":[75,80,80,80,80,80,90,90,90,90,90,90,90,90,90,90,90,90,90,90,90,96,96,96,96,96,96,96,96,96,96,96,96,96,96,96,96,96,91,91,91,91,91,91,91,91,91,91,91,91],"card_choices":[{"not_picked":["Reprogram","Beam Cell"],"picked":"Doom and Gloom","floor":1},{"not_picked":["Leap","Streamline","Go for the Eyes"],"picked":"SKIP","floor":3},{"not_picked":["Double Energy","Coolheaded"],"picked":"Chill","floor":5},{"not_picked":["Fusion","Reprogram","Tempest"],"picked":"SKIP","floor":6},{"not_picked":["Leap","Turbo"],"picked":"Darkness","floor":7},{"not_picked":["Stack","Coolheaded","Go for the Eyes"],"picked":"SKIP","floor":8},{"not_picked":["Stack","Melter","Compile Driver"],"picked":"SKIP","floor":10},{"not_picked":["Go for the Eyes","Hologram"],"picked":"Cold Snap","floor":12},{"not_picked":["Reprogram","Steam Power","Reinforced Body"],"picked":"SKIP","floor":13},{"not_picked":["Coolheaded","Ball Lightning"],"picked":"Biased Cognition+1","floor":14},{"not_picked":["Hyperbeam","Buffer+1"],"picked":"Rainbow","floor":16},{"not_picked":["Sweeping Beam","Cold Snap","Beam Cell"],"picked":"SKIP","floor":18},{"not_picked":["Turbo","Steam Power+1","Streamline"],"picked":"SKIP","floor":21},{"not_picked":["Scrape","Coolheaded","Steam"],"picked":"SKIP","floor":23},{"not_picked":["Coolheaded","Redo+1"],"picked":"Defragment+1","floor":24},{"not_picked":["Streamline","Cold Snap+1"],"picked":"White Noise","floor":25},{"not_picked":["Melter","Doom and Gloom"],"picked":"Tempest","floor":29},{"not_picked":["Storm+1","Cold Snap","Compile Driver"],"picked":"SKIP","floor":31},{"not_picked":["All For One","Fission"],"picked":"Multi-Cast","floor":33},{"not_picked":["Skim+1","Compile Driver+1","Stack"],"picked":"SKIP","floor":35},{"not_picked":["Steam+1","Auto Shields+1"],"picked":"Turbo","floor":37},{"not_picked":["Streamline+1","Rip and Tear"],"picked":"Conserve Battery+1","floor":41},{"not_picked":["Skim","Stack+1","Sunder+1"],"picked":"SKIP","floor":42},{"not_picked":["Barrage","Beam Cell","Ball Lightning+1"],"picked":"SKIP","floor":44},{"not_picked":["Barrage+1","Blizzard+1"],"picked":"Darkness","floor":46}],"player_experience":22043,"relics_obtained":[{"floor":6,"key":"Frozen Egg 2"},{"floor":9,"key":"Darkstone Periapt"},{"floor":10,"key":"Potion Belt"},{"floor":24,"key":"Anchor"},{"floor":26,"key":"Matryoshka"},{"floor":28,"key":"Ancient Tea Set"},{"floor":28,"key":"Pen Nib"},{"floor":43,"key":"Bronze Scales"},{"floor":43,"key":"Dodecahedron"}],"event_choices":[{"event_name":"Big Fish","player_choice":"Donut","floor":2,"damage_taken":0},{"event_name":"Dead Adventurer","player_choice":"Searched \u00273\u0027 times","floor":7,"damage_taken":0},{"event_name":"WeMeetAgain","player_choice":"Potion","floor":20,"damage_taken":0},{"event_name":"Addict","player_choice":"Stole Relic","floor":22,"damage_taken":0},{"event_name":"Falling","player_choice":"Removed Skill","floor":38,"damage_taken":0},{"event_name":"Winding Halls","player_choice":"Max HP","floor":39,"damage_taken":0},{"event_name":"MindBloom","player_choice":"Upgrade","floor":48,"damage_taken":0}],"is_beta":false,"boss_relics":[{"not_picked":["White Beast Statue","Orrery"],"picked":"Velvet Choker"},{"not_picked":["Lizard Tail","Runic Pyramid"],"picked":"Astrolabe"}],"items_purged_floors":[4,19],"is_endless":false,"potions_floor_spawned":[1,7,10,13,24,25,29,31,33,37,44],"ascension_level":0}