{"gold_per_floor":[12,87,107,117,117,117,117,67,67,80,114,114,134,149,149,248,248,264,2,2,2,12,12,12,12,90,15,15,34,34,34,34,131,131,147,147,164,164,164,205,217,257,269,191,203,234,256,100,100,100],"floor_reached":50,"playtime":1197,"items_purged":["Strike_G","Defend_G"],"score":769,"play_id":"18aa5edf-2892-43aa-97d2-62bf5b17646a","local_time":"20181209023202","is_ascension_mode":true,"campfire_choices":[{"data":"Neutralize","floor":6,"key":"SMITH"},{"data":"Sucker Punch","floor":12,"key":"SMITH"},{"data":"Riddle With Holes","floor":15,"key":"SMITH"},{"data":"Sadistic Nature","floor":23,"key":"SMITH"},{"data":"Glass Knife","floor":25,"key":"SMITH"},{"floor":30,"key":"REST"},{"data":"Poisoned Stab","floor":32,"key":"SMITH"},{"floor":41,"key":"REST"},{"floor":45,"key":"REST"},{"floor":49,"key":"REST"}],"neow_cost":"NO_GOLD","seed_source_timestamp":48721423100812,"circlet_count":0,"master_deck":["AscendersBane","Defend_G","Defend_G+1","Survivor","Neutralize+1","Riddle With Holes+1","Poisoned Stab+1","Terror","PiercingWail","Sucker Punch+1","Backstab","Backflip","Glass Knife+1","Sadistic Nature+1","Slice+1","Poisoned Stab","Heel Hook","PiercingWail","Choke+1","Slice+1","Crippling Poison+1","Blade Dance+1","Wraith Form v2"],"relics":["Ring of the Serpent","Du-Vu Doll","Dodecahedron","Centennial Puzzle","Matryoshka","MutagenicStrength","Pen Nib","Astrolabe","Bronze Scales","MawBank","Bottled Lightning","Blood Vial","Vajra"],"potions_floor_usage":[11,16,18,46],"damage_taken":[{"damage":0,"enemies":"Small Slimes","floor":1,"turns":7},{"damage":0,"enemies":"Jaw Worm","floor":3,"turns":6},{"damage":0,"enemies":"2 Louse","floor":4,"turns":3},{"damage":0,"enemies":"Large Slime","floor":10,"turns":3},{"damage":10,"enemies":"Lagavulin","floor":11,"turns":4},{"damage":0,"enemies":"Blue Slaver","floor":13,"turns":3},{"damage":0,"enemies":"Looter","floor":14,"turns":2},{"damage":28,"enemies":"The Guardian","floor":16,"turns":9},{"damage":3,"enemies":"2 Thieves","floor":18,"turns":3},{"damage":0,"enemies":"Chosen","floor":22,"turns":3},{"damage":24,"enemies":"Snake Plant","floor":29,"turns":2},{"damage":43,"enemies":"Collector","floor":33,"turns":5},{"damage":6,"enemies":"3 Darklings","floor":35,"turns":4},{"damage":4,"enemies":"3 Shapes","floor":37,"turns":5},{"damage":34,"enemies":"Reptomancer","floor":40,"turns":7},{"damage":31,"enemies":"Nemesis","floor":42,"turns":5},{"damage":0,"enemies":"Spire Growth","floor":46,"turns":3},{"damage":18,"enemies":"4 Shapes","floor":47,"turns":2},{"damage":53,"enemies":"Time Eater","floor":50,"turns":8}],"seed_played":"5272795122414982135","potions_obtained":[{"floor":1,"key":"PowerPotion"},{"floor":11,"key":"Fire Potion"},{"floor":14,"key":"Fruit Juice"},{"floor":40,"key":"Energy Potion"},{"floor":42,"key":"FairyPotion"}],"is_trial":false,"path_per_floor":["M","?","M","M","?","R","?","?","T","M","E","R","M","M","R","B",null,"M","$","?","$","M","R","?","R","T","$","?","M","R","T","R","B",null,"M","?","M","?","T","E","R","E","T","?","R","M","M","$","R","B"],"character_chosen":"THE_SILENT","items_purchased":["Sadistic Nature","Heel Hook","Wraith Form v2"],"campfire_rested":4,"item_purchase_floors":[19,27,48],"current_hp_per_floor":[63,52,52,52,49,49,49,49,49,49,39,39,39,39,39,16,60,57,57,57,57,57,57,57,57,57,57,57,33,55,55,55,12,59,53,53,49,49,49,15,36,5,5,5,26,28,12,12,33,0],"gold":100,"neow_bonus":"REMOVE_TWO","is_prod":false,"is_daily":false,"chose_seed":false,"campfire_upgraded":6,"win_rate":0,"timestamp":1544322722,"path_taken":["M","?","M","M","?","R","?","?","T","M","E","R","M","M","R","BOSS","M","$","?","$","M","R","?","R","T","$","?","M","R","?","R","BOSS","M","?","M","?","?","E","R","E","T","?","R","M","M","$","R","BOSS"],"build_version":"2018-12-06","purchased_purges":2,"victory":false,"max_hp_per_floor":[70,70,70,70,70,70,70,70,70,70,70,70,70,70,70,75,75,75,75,75,75,75,75,75,75,75,75,75,75,75,75,75,75,75,75,71,71,71,71,71,71,71,71,71,71,71,71,71,71,71],"card_choices":[{"not_picked":["Endless Agony","Prepared"],"picked":"Riddle With Holes","floor":1},{"not_picked":["Underhanded Strike","Endless Agony"],"picked":"Poisoned Stab","floor":3},{"not_picked":["Slice","Outmaneuver"],"picked":"Terror","floor":4},{"not_picked":["Prepared","Flying Knee"],"picked":"PiercingWail","floor":10},{"not_picked":["Blur","Acrobatics"],"picked":"Sucker Punch","floor":11},{"not_picked":["Dagger Throw","Choke"],"picked":"Backstab","floor":13},{"not_picked":["Blade Dance","Choke"],"picked":"Backflip","floor":14},{"not_picked":["Malaise","Storm of Steel"],"picked":"Glass Knife","floor":16},{"not_picked":["Backflip","Deadly Poison"],"picked":"Backstab","floor":18},{"not_picked":["Backstab","Masterful Stab"],"picked":"Slice+1","floor":22},{"not_picked":["Sucker Punch","All Out Attack"],"picked":"PiercingWail","floor":29},{"not_picked":["Bane","Distraction"],"picked":"Blade Dance+1","floor":35},{"not_picked":["Quick Slash","PiercingWail","Dodge and Roll"],"picked":"SKIP","floor":37},{"not_picked":["Concentrate","Eviscerate+1","Outmaneuver"],"picked":"SKIP","floor":40},{"not_picked":["Underhanded Strike","Setup+1","Accuracy"],"picked":"SKIP","floor":42},{"not_picked":["Acrobatics","Outmaneuver+1","Riddle With Holes+1"],"picked":"SKIP","floor":46},{"not_picked":["Outmaneuver+1","Finisher","Dagger Spray"],"picked":"SKIP","floor":47}],"player_experience":249565,"relics_obtained":[{"floor":9,"key":"Dodecahedron"},{"floor":11,"key":"Centennial Puzzle"},{"floor":26,"key":"Matryoshka"},{"floor":31,"key":"Pen Nib"},{"floor":39,"key":"Bronze Scales"},{"floor":39,"key":"MawBank"},{"floor":40,"key":"Bottled Lightning"},{"floor":42,"key":"Blood Vial"},{"floor":43,"key":"Vajra"}],"event_choices":[{"damage_healed":0,"gold_gain":75,"player_choice":"Gather Gold","damage_taken":11,"max_hp_gain":0,"max_hp_loss":0,"event_name":"World of Goop","floor":2,"gold_loss":0},{"damage_healed":0,"gold_gain":0,"player_choice":"Success","damage_taken":3,"relics_obtained":["Du-Vu Doll"],"max_hp_gain":0,"max_hp_loss":0,"event_name":"Scrap Ooze","floor":5,"gold_loss":0},{"damage_healed":0,"gold_gain":0,"player_choice":"Ignored","damage_taken":0,"max_hp_gain":0,"max_hp_loss":0,"event_name":"Liars Game","floor":7,"gold_loss":0},{"cards_removed":["Strike_G"],"damage_healed":0,"gold_gain":0,"player_choice":"Card Removal","damage_taken":0,"max_hp_gain":0,"max_hp_loss":0,"event_name":"The Cleric","floor":8,"gold_loss":50},{"damage_healed":0,"gold_gain":0,"player_choice":"Ignored","damage_taken":0,"max_hp_gain":0,"max_hp_loss":0,"event_name":"Vampires","floor":20,"gold_loss":0},{"damage_healed":0,"gold_gain":0,"player_choice":"Read","damage_taken":0,"max_hp_gain":0,"max_hp_loss":0,"event_name":"The Library","floor":24,"gold_loss":0,"cards_obtained":["Poisoned Stab"]},{"damage_healed":0,"gold_gain":0,"player_choice":"Inject Mutagens","damage_taken":0,"relics_obtained":["MutagenicStrength"],"max_hp_gain":0,"max_hp_loss":0,"event_name":"Drug Dealer","floor":28,"gold_loss":0},{"damage_healed":0,"gold_gain":0,"player_choice":"Max HP","damage_taken":0,"max_hp_gain":0,"max_hp_loss":4,"event_name":"Winding Halls","floor":36,"gold_loss":0},{"damage_healed":0,"gold_gain":0,"player_choice":"Ignored","damage_taken":0,"max_hp_gain":0,"max_hp_loss":0,"event_name":"Mysterious Sphere","floor":38,"gold_loss":0},{"cards_removed":["Backstab"],"damage_healed":0,"gold_gain":0,"player_choice":"Upgrade and Remove","damage_taken":0,"max_hp_gain":0,"max_hp_loss":0,"event_name":"Designer","floor":44,"gold_loss":90,"cards_upgraded":["Defend_G"]}],"is_beta":false,"boss_relics":[{"not_picked":["Runic Dome","Pandora\u0027s Box"],"picked":"Ring of the Serpent"},{"not_picked":["Calling Bell","Coffee Dripper"],"picked":"Astrolabe"}],"items_purged_floors":[19,48],"is_endless":false,"potions_floor_spawned":[1,11,14,40,42],"killed_by":"Time Eater","ascension_level":11}