{"gold_per_floor":[113,113,63,78,96,131,131,150,174,174,195,195,195,38,38,134,134,150,25,25,37,65,77,100,112,124,136,173,202,234,22,22,125,125,143,143,160,179,179,206,77,77,126,126,139,156,156,173,173,173],"floor_reached":51,"playtime":1403,"items_purged":["Strike_B","Strike_B","Defend_B"],"score":1119,"play_id":"5b71d932-68cb-4aee-8b30-ad34c9374cdb","local_time":"20181020162628","is_ascension_mode":true,"campfire_choices":[{"data":"Defragment","floor":7,"key":"SMITH"},{"data":"White Noise","floor":10,"key":"SMITH"},{"data":"Biased Cognition","floor":12,"key":"SMITH"},{"floor":15,"key":"REST"},{"data":"Chill","floor":23,"key":"SMITH"},{"data":"Genetic Algorithm","floor":25,"key":"SMITH"},{"data":"Dualcast","floor":27,"key":"SMITH"},{"data":"Loop","floor":32,"key":"SMITH"},{"data":"Heatsinks","floor":42,"key":"SMITH"},{"data":"Deep Breath","floor":49,"key":"SMITH"}],"neow_cost":"NONE","seed_source_timestamp":33326310146173,"circlet_count":0,"master_deck":["Defend_B","Defend_B","Zap+1","Dualcast+1","Biased Cognition+1","Genetic Algorithm+1","White Noise+1","Defragment+1","Reboot","Conserve Battery","Echo Form","Electrodynamics","Chill+1","Ball Lightning","Shame","Loop+1","Static Discharge","Amplify+1","Heatsinks+1","Self Repair","Deep Breath+1","Metamorphosis","Flash of Steel+1","Storm+1"],"relics":["FrozenCore","Vajra","PreservedInsect","Odd Mushroom","MawBank","Bronze Scales","Molten Egg 2","Mummified Hand","ClockworkSouvenir","Sozu","Calipers","Smiling Mask","Potion Belt"],"potions_floor_usage":[8,50,50],"damage_taken":[{"damage":0,"enemies":"Cultist","floor":1,"turns":3},{"damage":1,"enemies":"Jaw Worm","floor":4,"turns":3},{"damage":0,"enemies":"Small Slimes","floor":5,"turns":2},{"damage":22,"enemies":"3 Sentries","floor":6,"turns":7},{"damage":1,"enemies":"2 Fungi Beasts","floor":8,"turns":3},{"damage":5,"enemies":"The Mushroom Lair","floor":11,"turns":3},{"damage":36,"enemies":"Hexaghost","floor":16,"turns":7},{"damage":0,"enemies":"Spheric Guardian","floor":18,"turns":3},{"damage":0,"enemies":"3 Byrds","floor":22,"turns":3},{"damage":1,"enemies":"Sentry and Sphere","floor":24,"turns":4},{"damage":0,"enemies":"Book of Stabbing","floor":28,"turns":4},{"damage":0,"enemies":"Centurion and Healer","floor":29,"turns":4},{"damage":6,"enemies":"3 Cultists","floor":30,"turns":3},{"damage":17,"enemies":"Automaton","floor":33,"turns":5},{"damage":0,"enemies":"3 Darklings","floor":35,"turns":5},{"damage":8,"enemies":"3 Shapes","floor":37,"turns":4},{"damage":0,"enemies":"Maw","floor":38,"turns":5},{"damage":5,"enemies":"Mind Bloom Boss Battle","floor":39,"turns":5},{"damage":6,"enemies":"Giant Head","floor":40,"turns":5},{"damage":0,"enemies":"Spire Growth","floor":45,"turns":2},{"damage":13,"enemies":"Transient","floor":46,"turns":5},{"damage":0,"enemies":"Maw","floor":48,"turns":1},{"damage":0,"enemies":"Awakened One","floor":50,"turns":6}],"seed_played":"5313393788227525800","potions_obtained":[{"floor":5,"key":"PowerPotion"},{"floor":6,"key":"FearPotion"},{"floor":8,"key":"Fire Potion"},{"floor":16,"key":"SmokeBomb"},{"floor":22,"key":"GamblersBrew"},{"floor":30,"key":"FocusPotion"}],"is_trial":false,"path_per_floor":["M","?","?","M","M","E","R","M","T","R","?","R","?","$","R","B",null,"M","$","?","?","M","R","M","R","T","R","E","M","M","$","R","B",null,"M","?","M","M","?","E","$","R","T","?","M","M","?","M","R","B"],"character_chosen":"DEFECT","items_purchased":["Echo Form","Ball Lightning","ClockworkSouvenir","Static Discharge","Self Repair"],"campfire_rested":1,"item_purchase_floors":[14,19,31,31,41],"current_hp_per_floor":[68,68,68,67,67,45,45,44,44,44,39,39,44,44,68,32,68,68,68,68,68,68,68,67,67,67,67,67,67,61,61,61,44,71,71,71,63,63,58,52,52,52,52,42,49,50,50,64,64,71],"gold":173,"neow_bonus":"TRANSFORM_CARD","is_prod":false,"is_daily":false,"chose_seed":false,"campfire_upgraded":9,"win_rate":0,"timestamp":1540049188,"path_taken":["M","?","?","M","M","E","R","?","T","R","?","R","?","$","R","BOSS","M","$","?","?","M","R","M","R","T","R","E","M","M","$","R","BOSS","M","?","M","?","?","E","$","R","T","?","?","M","?","?","R","BOSS"],"build_version":"2018-10-18","purchased_purges":3,"victory":true,"max_hp_per_floor":[75,75,75,75,75,75,75,75,75,75,75,75,80,80,80,80,80,80,80,80,80,80,80,80,80,80,80,80,80,80,80,80,80,80,80,80,80,80,80,80,80,80,80,80,80,80,80,80,80,80],"card_choices":[{"not_picked":["Streamline","Beam Cell"],"picked":"Genetic Algorithm","floor":1},{"not_picked":["Blizzard","Redo"],"picked":"White Noise","floor":4},{"not_picked":["Barrage","Sweeping Beam"],"picked":"Defragment","floor":5},{"not_picked":["Steam","Genetic Algorithm"],"picked":"Reboot","floor":6},{"not_picked":["Stack","Rebound","Sweeping Beam"],"picked":"SKIP","floor":8},{"not_picked":["Reinforced Body","Ball Lightning"],"picked":"Conserve Battery","floor":11},{"not_picked":["Rainbow","Seek"],"picked":"Electrodynamics","floor":16},{"not_picked":["Redo","Go for the Eyes"],"picked":"Chill","floor":18},{"not_picked":["Rip and Tear","Stack","Sunder+1"],"picked":"SKIP","floor":22},{"not_picked":["Skim","Rebound","All For One"],"picked":"SKIP","floor":24},{"not_picked":["Barrage+1","Cold Snap+1"],"picked":"Loop","floor":28},{"not_picked":["Ball Lightning+1","Go for the Eyes+1","Barrage+1"],"picked":"SKIP","floor":29},{"not_picked":["Barrage+1","Gash+1","Beam Cell+1"],"picked":"SKIP","floor":30},{"not_picked":["All For One+1","Electrodynamics"],"picked":"Amplify","floor":33},{"not_picked":["Turbo+1","Compile Driver+1","Cold Snap+1"],"picked":"SKIP","floor":35},{"not_picked":["Skim","Conserve Battery","Consume+1"],"picked":"SKIP","floor":37},{"not_picked":["Sweeping Beam+1","Compile Driver+1","Meteor Strike+1"],"picked":"SKIP","floor":38},{"not_picked":["Lockon+1","Aggregate"],"picked":"Heatsinks","floor":39},{"not_picked":["Turbo+1","Stack+1","Chill"],"picked":"SKIP","floor":40},{"not_picked":["Discovery","Enlightenment"],"picked":"Deep Breath","floor":44},{"not_picked":["Swift Strike+1","PanicButton"],"picked":"Metamorphosis","floor":44},{"not_picked":["Trip","Purity"],"picked":"Flash of Steel+1","floor":44},{"not_picked":["Static Discharge","Conserve Battery","Coolheaded"],"picked":"SKIP","floor":45},{"not_picked":["Double Energy","Hologram"],"picked":"Storm+1","floor":46},{"not_picked":["Barrage+1","Gash+1","Electrodynamics"],"picked":"SKIP","floor":48}],"player_experience":76295,"relics_obtained":[{"floor":6,"key":"Vajra"},{"floor":9,"key":"PreservedInsect"},{"floor":11,"key":"Odd Mushroom"},{"floor":26,"key":"Molten Egg 2"},{"floor":28,"key":"Mummified Hand"},{"floor":39,"key":"Calipers"},{"floor":40,"key":"Smiling Mask"},{"floor":43,"key":"Potion Belt"}],"event_choices":[{"damage_healed":0,"gold_gain":0,"player_choice":"Forge","damage_taken":0,"max_hp_gain":0,"max_hp_loss":0,"event_name":"Accursed Blacksmith","floor":2,"gold_loss":0,"cards_upgraded":["Zap"]},{"cards_removed":["Strike_B"],"damage_healed":0,"gold_gain":0,"player_choice":"Card Removal","damage_taken":0,"max_hp_gain":0,"max_hp_loss":0,"event_name":"The Cleric","floor":3,"gold_loss":50},{"damage_healed":0,"gold_gain":0,"player_choice":"Fought Mushrooms","damage_taken":0,"max_hp_gain":0,"max_hp_loss":0,"event_name":"Mushrooms","floor":11,"gold_loss":0},{"damage_healed":0,"gold_gain":0,"player_choice":"Donut","damage_taken":0,"max_hp_gain":5,"max_hp_loss":0,"event_name":"Big Fish","floor":13,"gold_loss":0},{"damage_healed":0,"gold_gain":0,"player_choice":"Gave Potion","damage_taken":0,"relics_obtained":["MawBank"],"max_hp_gain":0,"max_hp_loss":0,"event_name":"WeMeetAgain","floor":20,"gold_loss":0},{"damage_healed":0,"gold_gain":0,"player_choice":"Stole Relic","damage_taken":0,"relics_obtained":["Bronze Scales"],"max_hp_gain":0,"max_hp_loss":0,"event_name":"Addict","floor":21,"gold_loss":0,"cards_obtained":["Shame"]},{"damage_healed":0,"gold_gain":0,"player_choice":"Upgraded","damage_taken":0,"max_hp_gain":0,"max_hp_loss":0,"event_name":"Upgrade Shrine","floor":36,"gold_loss":0,"cards_upgraded":["Amplify"]},{"damage_healed":0,"gold_gain":0,"player_choice":"Fight","damage_taken":0,"max_hp_gain":0,"max_hp_loss":0,"event_name":"MindBloom","floor":39,"gold_loss":0},{"damage_healed":0,"gold_gain":0,"player_choice":"Memory 3","damage_taken":10,"max_hp_gain":0,"max_hp_loss":0,"event_name":"SensoryStone","floor":44,"gold_loss":0},{"cards_removed":["Defend_B"],"damage_healed":0,"gold_gain":0,"player_choice":"Purged","damage_taken":0,"max_hp_gain":0,"max_hp_loss":0,"event_name":"Purifier","floor":47,"gold_loss":0}],"is_beta":false,"boss_relics":[{"not_picked":["Snecko Eye","Astrolabe"],"picked":"FrozenCore"},{"not_picked":["Philosopher\u0027s Stone","Coffee Dripper"],"picked":"Sozu"}],"items_purged_floors":[14,19,41],"is_endless":false,"potions_floor_spawned":[5,6,8,16,22,24,30,33,37,40,46],"ascension_level":6}