{"gold_per_floor":[116,126,139,139,149,179,179,199,271,222,249,265,279,279,279,378,378,393,343,363,373,373,373,68,68,68,83,83,83,108,108,108,204,204,214,214,229,252,80,80,114,114,139,62,80,80,113,113,113,113],"floor_reached":51,"playtime":3919,"items_purged":[],"score":768,"play_id":"4bdd7c5b-7e33-4859-9664-7a553e9a3f6b","local_time":"20190118131627","is_ascension_mode":true,"campfire_choices":[{"data":"Bash","floor":7,"key":"SMITH"},{"floor":15,"key":"REST"},{"data":"Inflame","floor":23,"key":"SMITH"},{"data":"Armaments","floor":25,"key":"SMITH"},{"data":"Whirlwind","floor":28,"key":"SMITH"},{"floor":32,"key":"REST"},{"data":"Madness","floor":40,"key":"SMITH"},{"data":"Seeing Red","floor":42,"key":"SMITH"},{"floor":49,"key":"REST"}],"neow_cost":"NONE","seed_source_timestamp":782217341258600,"circlet_count":0,"master_deck":["Strike_R","Strike_R","Strike_R","Defend_R","Defend_R","Defend_R","Defend_R","Bash+1","Anger+1","Iron Wave","Clothesline","Pummel","Flame Barrier+1","Armaments+1","Seeing Red+1","Whirlwind+1","Reaper","Flame Barrier+1","Disarm+1","Inflame+1","Heavy Blade+1","Flex+1","Feed+1","Sword Boomerang+1","Headbutt+1","Barricade+1","Madness","Madness+1","Master of Strategy","Battle Trance+1","Inflame"],"relics":["Burning Blood","Mango","Ornamental Fan","Ice Cream","Philosopher\u0027s Stone","PreservedInsect","Orichalcum","Gremlin Horn","MutagenicStrength","Pen Nib","Astrolabe","Anchor","Ancient Tea Set","Whetstone","Molten Egg 2"],"potions_floor_usage":[5,5,11,18,18,21,27,27,33,47,50],"damage_taken":[{"damage":8,"enemies":"2 Louse","floor":1,"turns":3},{"damage":0,"enemies":"Small Slimes","floor":2,"turns":2},{"damage":1,"enemies":"Cultist","floor":3,"turns":3},{"damage":10,"enemies":"Gremlin Gang","floor":5,"turns":5},{"damage":38,"enemies":"3 Sentries","floor":6,"turns":12},{"damage":6,"enemies":"Exordium Wildlife","floor":8,"turns":6},{"damage":21,"enemies":"Lagavulin","floor":11,"turns":7},{"damage":0,"enemies":"2 Fungi Beasts","floor":12,"turns":4},{"damage":5,"enemies":"Looter","floor":13,"turns":3},{"damage":30,"enemies":"The Guardian","floor":16,"turns":11},{"damage":16,"enemies":"2 Thieves","floor":18,"turns":4},{"damage":11,"enemies":"Spheric Guardian","floor":20,"turns":4},{"damage":40,"enemies":"Centurion and Healer","floor":21,"turns":12},{"damage":6,"enemies":"Snecko","floor":27,"turns":4},{"damage":28,"enemies":"Slavers","floor":30,"turns":4},{"damage":69,"enemies":"Automaton","floor":33,"turns":10},{"damage":26,"enemies":"3 Darklings","floor":35,"turns":4},{"damage":6,"enemies":"Orb Walker","floor":37,"turns":3},{"damage":0,"enemies":"Reptomancer","floor":41,"turns":2},{"damage":2,"enemies":"4 Shapes","floor":45,"turns":1},{"damage":47,"enemies":"Nemesis","floor":47,"turns":5},{"damage":99,"enemies":"Donu and Deca","floor":50,"turns":9}],"seed_played":"7537936718153130334","potions_obtained":[{"floor":2,"key":"FearPotion"},{"floor":3,"key":"SkillPotion"},{"floor":6,"key":"Dexterity Potion"},{"floor":11,"key":"Poison Potion"},{"floor":16,"key":"Block Potion"},{"floor":18,"key":"Regen Potion"},{"floor":20,"key":"Ancient Potion"},{"floor":30,"key":"LiquidBronze"},{"floor":45,"key":"Swift Potion"},{"floor":47,"key":"SpeedPotion"}],"is_trial":false,"path_per_floor":["M","M","M","?","M","E","R","M","T","$","E","M","M","?","R","B",null,"M","?","M","M","?","R","$","R","T","M","R","?","E","?","R","B",null,"M","?","M","T","$","R","E","R","T","$","M","$","E","?","R","B",null],"character_chosen":"IRONCLAD","items_purchased":["SkillPotion","PreservedInsect","Orichalcum","Master of Strategy","Inflame"],"campfire_rested":3,"item_purchase_floors":[10,24,24,39,44],"current_hp_per_floor":[86,88,88,93,89,71,71,71,71,71,56,62,63,63,95,71,107,100,100,96,70,70,70,70,70,70,79,79,79,64,64,96,44,107,87,74,74,74,74,74,80,80,80,80,84,84,59,59,91,14],"gold":113,"neow_bonus":"TEN_PERCENT_HP_BONUS","is_prod":false,"is_daily":false,"chose_seed":false,"campfire_upgraded":6,"win_rate":0,"timestamp":1547835387,"path_taken":["M","M","M","?","M","E","R","M","T","$","E","M","M","?","R","BOSS","M","?","M","?","?","R","$","R","T","M","R","?","E","?","R","BOSS","M","?","M","?","$","R","E","R","T","?","?","$","E","?","R","BOSS"],"build_version":"2019-01-17v2","purchased_purges":0,"victory":true,"max_hp_per_floor":[88,88,88,93,93,107,107,107,107,107,107,107,107,107,107,107,107,107,107,107,107,107,107,107,107,107,107,107,107,107,107,107,107,107,107,107,107,107,107,107,107,107,107,107,107,107,107,107,107,107],"card_choices":[{"not_picked":["Shrug It Off","Sword Boomerang"],"picked":"Anger","floor":1},{"not_picked":["Hemokinesis","Havoc"],"picked":"Iron Wave","floor":2},{"not_picked":["Headbutt","Thunderclap"],"picked":"Clothesline","floor":3},{"not_picked":["Clothesline","Warcry"],"picked":"Pummel","floor":5},{"not_picked":["Impervious","Body Slam"],"picked":"Flame Barrier","floor":6},{"not_picked":["Infernal Blade","Wild Strike"],"picked":"Armaments","floor":8},{"not_picked":["Warcry","Iron Wave"],"picked":"Seeing Red","floor":11},{"not_picked":["Heavy Blade","Havoc"],"picked":"Whirlwind","floor":12},{"not_picked":["Bloodletting","Fiend Fire"],"picked":"Flex","floor":13},{"not_picked":["Fiend Fire","Brutality"],"picked":"Reaper","floor":16},{"not_picked":["Clothesline","True Grit"],"picked":"Feel No Pain","floor":18},{"not_picked":["Pommel Strike","Anger"],"picked":"Flame Barrier+1","floor":20},{"not_picked":["Fire Breathing","Clash"],"picked":"Disarm+1","floor":21},{"not_picked":["Evolve","Havoc"],"picked":"Heavy Blade+1","floor":27},{"not_picked":["Iron Wave","Entrench"],"picked":"Flex+1","floor":30},{"not_picked":["Fiend Fire","Berserk"],"picked":"Feed","floor":33},{"not_picked":["True Grit","Armaments+1","Wild Strike"],"picked":"SKIP","floor":35},{"not_picked":["Blood for Blood+1","Sentinel","Body Slam"],"picked":"SKIP","floor":37},{"not_picked":["Iron Wave+1","Armaments+1"],"picked":"Battle Trance+1","floor":41},{"not_picked":["Thunderclap","Clothesline+1","Sword Boomerang"],"picked":"SKIP","floor":45},{"not_picked":["Cleave","Rampage","Wild Strike+1"],"picked":"SKIP","floor":47}],"player_experience":37270,"relics_obtained":[{"floor":6,"key":"Mango"},{"floor":9,"key":"Ornamental Fan"},{"floor":11,"key":"Ice Cream"},{"floor":26,"key":"Gremlin Horn"},{"floor":30,"key":"Pen Nib"},{"floor":38,"key":"Anchor"},{"floor":41,"key":"Ancient Tea Set"},{"floor":43,"key":"Whetstone"},{"floor":47,"key":"Molten Egg 2"}],"event_choices":[{"damage_healed":0,"gold_gain":0,"player_choice":"Donut","damage_taken":0,"max_hp_gain":5,"max_hp_loss":0,"event_name":"Big Fish","floor":4,"gold_loss":0},{"damage_healed":0,"gold_gain":0,"player_choice":"Upgraded","damage_taken":0,"max_hp_gain":0,"max_hp_loss":0,"event_name":"Upgrade Shrine","floor":14,"gold_loss":0,"cards_upgraded":["Flame Barrier"]},{"damage_healed":0,"gold_gain":0,"player_choice":"Bet on Owner","damage_taken":0,"max_hp_gain":0,"max_hp_loss":0,"event_name":"The Joust","floor":19,"gold_loss":50},{"damage_healed":0,"gold_gain":0,"player_choice":"Read","damage_taken":0,"max_hp_gain":0,"max_hp_loss":0,"event_name":"The Library","floor":22,"gold_loss":0,"cards_obtained":["Inflame"]},{"damage_healed":0,"gold_gain":0,"player_choice":"Inject Mutagens","damage_taken":0,"relics_obtained":["MutagenicStrength"],"max_hp_gain":0,"max_hp_loss":0,"event_name":"Drug Dealer","floor":29,"gold_loss":0},{"damage_healed":0,"gold_gain":0,"player_choice":"Ignored","damage_taken":0,"max_hp_gain":0,"max_hp_loss":0,"event_name":"Beggar","floor":31,"gold_loss":0},{"damage_healed":0,"gold_gain":0,"player_choice":"Embrace Madness","damage_taken":13,"max_hp_gain":0,"max_hp_loss":0,"event_name":"Winding Halls","floor":36,"gold_loss":0,"cards_obtained":["Madness","Madness"]},{"cards_removed":["Flex"],"damage_healed":0,"gold_gain":0,"player_choice":"Removed Skill","damage_taken":0,"max_hp_gain":0,"max_hp_loss":0,"event_name":"Falling","floor":48,"gold_loss":0}],"is_beta":false,"boss_relics":[{"not_picked":["Lizard Tail","Black Blood"],"picked":"Philosopher\u0027s Stone"},{"not_picked":["Snecko Eye","Coffee Dripper"],"picked":"Astrolabe"}],"items_purged_floors":[],"is_endless":false,"potions_floor_spawned":[2,3,6,11,16,18,20,30,45,47],"ascension_level":1}