{"gold_per_floor":[109,109,109,34,0,0,28,28,78,25,42,55,55,68,68,172,172,190,33,33,52,52,52,52,80,127,127,146,158,170,184,184,184],"floor_reached":33,"playtime":634,"items_purged":["Strike_R"],"score":464,"play_id":"7f70bda8-f326-49a2-8342-ab9f108dccd5","local_time":"20181127232004","is_ascension_mode":true,"campfire_choices":[{"data":"Immolate","floor":6,"key":"SMITH"},{"data":"Whirlwind","floor":8,"key":"SMITH"},{"data":"True Grit","floor":15,"key":"SMITH"},{"data":"Body Slam","floor":23,"key":"SMITH"},{"data":"Body Slam","floor":27,"key":"SMITH"},{"data":"Offering","floor":32,"key":"SMITH"}],"neow_cost":"CURSE","seed_source_timestamp":17730051615745,"circlet_count":0,"master_deck":["AscendersBane","Bash","Immolate+1","Thunderclap","Whirlwind+1","True Grit+1","Iron Wave","Offering+1","True Grit+1","Body Slam+1","Thunderclap+1","Shrug It Off","Body Slam+1","Iron Wave+1","Body Slam+1","Flame Barrier","Armaments+1"],"relics":["Burning Blood","Charon\u0027s Ashes","Centennial Puzzle","Mummified Hand","Pandora\u0027s Box","War Paint","Orichalcum","Whetstone"],"potions_floor_usage":[7,16,33],"damage_taken":[{"damage":7,"enemies":"Jaw Worm","floor":1,"turns":3},{"damage":0,"enemies":"Gremlin Nob","floor":7,"turns":2},{"damage":3,"enemies":"2 Louse","floor":11,"turns":2},{"damage":0,"enemies":"Cultist","floor":12,"turns":2},{"damage":0,"enemies":"Looter","floor":14,"turns":3},{"damage":74,"enemies":"The Guardian","floor":16,"turns":15},{"damage":6,"enemies":"3 Byrds","floor":18,"turns":2},{"damage":9,"enemies":"Shell Parasite","floor":21,"turns":3},{"damage":30,"enemies":"Book of Stabbing","floor":25,"turns":4},{"damage":9,"enemies":"Chosen and Byrds","floor":28,"turns":2},{"damage":4,"enemies":"Snake Plant","floor":29,"turns":2},{"damage":6,"enemies":"Centurion and Healer","floor":30,"turns":2},{"damage":6,"enemies":"Snecko","floor":31,"turns":3},{"damage":67,"enemies":"Automaton","floor":33,"turns":6}],"seed_played":"2288233628133780399","potions_obtained":[{"floor":1,"key":"Energy Potion"},{"floor":7,"key":"BloodPotion"},{"floor":25,"key":"SteroidPotion"},{"floor":28,"key":"SmokeBomb"},{"floor":31,"key":"BloodPotion"}],"is_trial":false,"path_per_floor":["M","?","?","$","?","R","E","R","T","$","M","M","T","M","R","B",null,"M","$","?","M","?","R","?","E","T","R","M","M","M","M","R","B"],"character_chosen":"IRONCLAD","items_purchased":["True Grit","War Paint"],"campfire_rested":0,"item_purchase_floors":[10,19],"current_hp_per_floor":[71,71,55,55,55,55,61,61,61,61,64,70,70,76,76,16,64,64,64,64,61,61,61,66,42,42,42,39,41,41,41,41,0],"gold":184,"neow_bonus":"THREE_RARE_CARDS","is_prod":false,"is_daily":false,"chose_seed":false,"campfire_upgraded":6,"win_rate":0,"timestamp":1543360804,"path_taken":["M","?","?","?","?","R","E","R","T","?","M","?","?","M","R","BOSS","M","?","?","M","?","R","?","E","T","R","M","?","?","M","R","BOSS"],"build_version":"2018-11-15","purchased_purges":1,"victory":false,"max_hp_per_floor":[80,80,80,80,80,80,80,80,80,80,80,80,80,80,80,80,80,80,80,80,80,80,80,80,80,80,80,80,80,80,80,80,80],"card_choices":[{"not_picked":["Offering","Feed"],"picked":"Immolate","floor":0},{"not_picked":["Havoc","Disarm"],"picked":"Thunderclap","floor":1},{"not_picked":["Dropkick","Perfected Strike"],"picked":"Whirlwind","floor":7},{"not_picked":["Blood for Blood","Wild Strike","Havoc"],"picked":"SKIP","floor":11},{"not_picked":["Whirlwind","Pommel Strike"],"picked":"Iron Wave","floor":12},{"not_picked":["Dropkick","Twin Strike","Searing Blow"],"picked":"SKIP","floor":14},{"not_picked":["Berserk","Impervious"],"picked":"Offering","floor":16},{"not_picked":["True Grit","Carnage"],"picked":"Body Slam+1","floor":18},{"not_picked":["Power Through","Sword Boomerang","Havoc"],"picked":"SKIP","floor":21},{"not_picked":["Reckless Charge","Carnage","Twin Strike"],"picked":"SKIP","floor":25},{"not_picked":["Ghostly Armor","Perfected Strike"],"picked":"Flame Barrier","floor":28},{"not_picked":["Sword Boomerang","Sever Soul"],"picked":"Armaments+1","floor":29},{"not_picked":["Limit Break","Sword Boomerang","Flame Barrier"],"picked":"SKIP","floor":30},{"not_picked":["Headbutt","Seeing Red+1","Clothesline"],"picked":"SKIP","floor":31}],"player_experience":216430,"relics_obtained":[{"floor":7,"key":"Charon\u0027s Ashes"},{"floor":9,"key":"Centennial Puzzle"},{"floor":13,"key":"Mummified Hand"},{"floor":25,"key":"Orichalcum"},{"floor":26,"key":"Whetstone"}],"event_choices":[{"cards_removed":["Regret"],"damage_healed":0,"gold_gain":0,"player_choice":"Forget","damage_taken":0,"max_hp_gain":0,"max_hp_loss":0,"event_name":"Living Wall","floor":2,"gold_loss":0},{"damage_healed":0,"gold_gain":0,"player_choice":"Entered Light","damage_taken":16,"max_hp_gain":0,"max_hp_loss":0,"event_name":"Shining Light","floor":3,"gold_loss":0,"cards_upgraded":["Defend_R","Strike_R"]},{"damage_healed":0,"gold_gain":0,"player_choice":"Left Gold","damage_taken":0,"max_hp_gain":0,"max_hp_loss":0,"event_name":"World of Goop","floor":5,"gold_loss":34},{"cards_removed":["Havoc"],"damage_healed":0,"gold_gain":0,"player_choice":"Elegance","damage_taken":0,"max_hp_gain":0,"max_hp_loss":0,"event_name":"Back to Basics","floor":20,"gold_loss":0},{"damage_healed":0,"gold_gain":0,"player_choice":"Ignored","damage_taken":0,"max_hp_gain":0,"max_hp_loss":0,"event_name":"Ghosts","floor":22,"gold_loss":0},{"cards_removed":["Havoc"],"damage_healed":5,"gold_gain":0,"player_choice":"Offered Common","damage_taken":0,"max_hp_gain":0,"max_hp_loss":0,"event_name":"Bonfire Elementals","floor":24,"gold_loss":0},{"cards_removed":["Havoc"],"damage_healed":5,"gold_gain":0,"player_choice":"Offered Special","damage_taken":0,"max_hp_gain":0,"max_hp_loss":0,"event_name":"Bonfire Elementals","floor":24,"gold_loss":0}],"is_beta":false,"boss_relics":[{"not_picked":["Eternal Feather","Black Star"],"picked":"Pandora\u0027s Box"}],"items_purged_floors":[4],"is_endless":false,"potions_floor_spawned":[1,7,25,28,30,31],"killed_by":"Automaton","ascension_level":12}