{"gold_per_floor":[114,129,144,159,159,159,189,189,189,189,35,65,80,95,95,195,195,210,210,225,240,255,255,285,285,285,300,300,38,38,38,38,138,138,153,168,168,168,183,243,17,47,47,77,92,92,107,122,122,122],"floor_reached":51,"playtime":2845,"items_purged":[],"score":894,"play_id":"0daeb0c3-af60-4844-af84-42b7dd2a1427","local_time":"20181226170114","daily_mods":["Chimera","Vintage","DeadlyEvents"],"is_ascension_mode":false,"campfire_choices":[{"data":"Zap","floor":6,"key":"SMITH"},{"data":"1","floor":8,"key":"LIFT"},{"data":"2","floor":10,"key":"LIFT"},{"data":"3","floor":15,"key":"LIFT"},{"data":"Cold Snap","floor":23,"key":"SMITH"},{"floor":25,"key":"REST"},{"floor":28,"key":"REST"},{"data":"Beam Cell","floor":30,"key":"SMITH"},{"floor":32,"key":"REST"},{"floor":49,"key":"REST"}],"neow_cost":"","seed_source_timestamp":0,"circlet_count":0,"master_deck":["Bash","Survivor","Zap+1","Strike_R+1","Strike_G","Strike_B","Defend_R","Defend_G","Defend_B","Cold Snap","Rip and Tear+1","Skim","Cold Snap+1","Electrodynamics","Heatsinks+1","Beam Cell+1","Loop+1","Apotheosis+1","Defragment+1","Gash","Redo+1","Creative AI+1","Beam Cell+1","Redo+1","White Noise+1","Go for the Eyes+1"],"special_seed":17891,"relics":["Cracked Core","Bottled Lightning","Bag of Preparation","Question Card","Girya","Singing Bowl","Pear","Shuriken","Vajra","Dream Catcher","Mercury Hourglass","Black Star","Nunchaku","Enchiridion","Pen Nib","Whetstone","Toxic Egg 2","Mummified Hand","Frozen Egg 2","Bronze Scales","Letter Opener","Inserter","Dodecahedron","Boot","Sundial","Anchor","Tiny Chest","Blood Vial","Lee\u0027s Waffle","Orichalcum","Omamori","Strawberry","Symbiotic Virus","Art of War","Cables","Oddly Smooth Stone","Kunai"],"potions_floor_usage":[7,18,24,24,24,33,33,44,44,50,50],"damage_taken":[{"damage":0,"enemies":"Cultist","floor":1,"turns":3},{"damage":2,"enemies":"Jaw Worm","floor":2,"turns":4},{"damage":2,"enemies":"Small Slimes","floor":3,"turns":3},{"damage":7,"enemies":"3 Louse","floor":4,"turns":3},{"damage":10,"enemies":"3 Sentries","floor":7,"turns":6},{"damage":9,"enemies":"Lagavulin","floor":12,"turns":4},{"damage":5,"enemies":"Blue Slaver","floor":13,"turns":2},{"damage":1,"enemies":"Red Slaver","floor":14,"turns":2},{"damage":0,"enemies":"Slime Boss","floor":16,"turns":5},{"damage":0,"enemies":"Shell Parasite","floor":18,"turns":4},{"damage":2,"enemies":"3 Byrds","floor":20,"turns":3},{"damage":0,"enemies":"Snecko","floor":21,"turns":3},{"damage":8,"enemies":"Sentry and Sphere","floor":22,"turns":3},{"damage":28,"enemies":"Slavers","floor":24,"turns":4},{"damage":5,"enemies":"Cultist and Chosen","floor":27,"turns":2},{"damage":23,"enemies":"Champ","floor":33,"turns":6},{"damage":5,"enemies":"3 Darklings","floor":35,"turns":2},{"damage":0,"enemies":"3 Shapes","floor":36,"turns":3},{"damage":0,"enemies":"Sphere and 2 Shapes","floor":39,"turns":2},{"damage":35,"enemies":"Nemesis","floor":40,"turns":4},{"damage":5,"enemies":"Reptomancer","floor":42,"turns":2},{"damage":0,"enemies":"Giant Head","floor":44,"turns":6},{"damage":0,"enemies":"Transient","floor":45,"turns":5},{"damage":20,"enemies":"Writhing Mass","floor":47,"turns":3},{"damage":0,"enemies":"Spire Growth","floor":48,"turns":2},{"damage":27,"enemies":"Awakened One","floor":50,"turns":6}],"seed_played":"4795555821384986317","potions_obtained":[{"floor":3,"key":"Fire Potion"},{"floor":7,"key":"LiquidBronze"},{"floor":13,"key":"Explosive Potion"},{"floor":14,"key":"Swift Potion"},{"floor":20,"key":"Dexterity Potion"},{"floor":24,"key":"Dexterity Potion"},{"floor":27,"key":"SkillPotion"},{"floor":33,"key":"Dexterity Potion"},{"floor":35,"key":"SteroidPotion"},{"floor":36,"key":"LiquidBronze"},{"floor":39,"key":"Dexterity Potion"},{"floor":44,"key":"Poison Potion"}],"is_trial":false,"path_per_floor":["M","M","M","M","?","R","E","R","T","R","$","E","M","M","R","B",null,"M","?","M","M","M","R","E","R","T","M","R","$","R","?","R","B",null,"M","M","?","T","M","E","$","E","T","E","M","T","M","M","R","B",null],"character_chosen":"DEFECT","items_purchased":["Rip and Tear","Skim","Cold Snap","Apotheosis+1","Defragment+1","Gash","Lee\u0027s Waffle","Redo+1"],"campfire_rested":4,"item_purchase_floors":[11,11,11,29,29,29,41,41],"current_hp_per_floor":[75,73,71,64,52,52,52,52,52,52,52,45,40,39,39,39,87,87,71,69,69,61,61,33,59,59,54,80,80,80,80,87,64,87,82,82,82,82,82,47,94,89,96,98,100,100,81,83,103,76],"gold":122,"neow_bonus":"","is_prod":false,"is_daily":true,"chose_seed":false,"campfire_upgraded":3,"win_rate":0,"timestamp":1545865274,"path_taken":["M","M","M","?","?","R","?","R","T","R","$","E","M","M","R","BOSS","M","?","?","M","M","R","E","R","T","M","R","$","R","?","R","BOSS","M","M","?","?","?","E","?","?","T","E","M","?","M","M","R","BOSS"],"build_version":"2018-12-20","purchased_purges":0,"victory":true,"max_hp_per_floor":[75,75,75,75,75,75,85,85,85,85,85,87,87,87,87,87,87,87,87,87,87,87,87,87,87,87,87,87,87,87,87,87,87,87,87,87,87,87,87,87,94,94,101,101,101,101,101,101,103,103],"card_choices":[{"not_picked":["Go for the Eyes","Reinforced Body","Auto Shields"],"picked":"Cold Snap","floor":7},{"not_picked":["BootSequence","Reprogram","Hologram","Fission"],"picked":"Singing Bowl","floor":12},{"not_picked":["Meteor Strike","Creative AI","Amplify"],"picked":"Electrodynamics","floor":16},{"not_picked":["Rainbow+1","Redo+1","Barrage"],"picked":"Heatsinks","floor":24},{"not_picked":["Streamline+1","Rebound+1","Barrage"],"picked":"Beam Cell","floor":25},{"not_picked":["BootSequence+1","Blizzard+1","Steam+1"],"picked":"Loop+1","floor":28},{"not_picked":["Rebound+1","Gash","Conserve Battery+1"],"picked":"Redo+1","floor":32},{"not_picked":["Thunder Strike","Amplify+1","Hyperbeam"],"picked":"Creative AI+1","floor":33},{"not_picked":["Rebound","Hello World+1","Recycle+1"],"picked":"Beam Cell+1","floor":40},{"not_picked":["Conserve Battery+1","Auto Shields+1","Melter+1"],"picked":"White Noise+1","floor":42},{"not_picked":["Redo+1","Undo+1","Hologram+1"],"picked":"Go for the Eyes+1","floor":44},{"not_picked":["Turbo+1","Cold Snap+1","Lockon","Rebound+1"],"picked":"Singing Bowl","floor":49}],"player_experience":458845,"relics_obtained":[{"floor":1,"key":"Bottled Lightning"},{"floor":2,"key":"Bag of Preparation"},{"floor":3,"key":"Question Card"},{"floor":4,"key":"Girya"},{"floor":7,"key":"Pear"},{"floor":9,"key":"Shuriken"},{"floor":12,"key":"Vajra"},{"floor":13,"key":"Dream Catcher"},{"floor":14,"key":"Mercury Hourglass"},{"floor":18,"key":"Nunchaku"},{"floor":19,"key":"Enchiridion"},{"floor":20,"key":"Pen Nib"},{"floor":21,"key":"Whetstone"},{"floor":22,"key":"Toxic Egg 2"},{"floor":24,"key":"Mummified Hand"},{"floor":24,"key":"Frozen Egg 2"},{"floor":26,"key":"Bronze Scales"},{"floor":27,"key":"Letter Opener"},{"floor":35,"key":"Dodecahedron"},{"floor":36,"key":"Boot"},{"floor":38,"key":"Sundial"},{"floor":39,"key":"Anchor"},{"floor":40,"key":"Tiny Chest"},{"floor":40,"key":"Blood Vial"},{"floor":42,"key":"Orichalcum"},{"floor":42,"key":"Omamori"},{"floor":43,"key":"Strawberry"},{"floor":44,"key":"Symbiotic Virus"},{"floor":45,"key":"Art of War"},{"floor":46,"key":"Cables"},{"floor":47,"key":"Oddly Smooth Stone"},{"floor":48,"key":"Kunai"}],"event_choices":[{"damage_healed":0,"gold_gain":0,"player_choice":"Success","damage_taken":12,"relics_obtained":["Singing Bowl"],"max_hp_gain":0,"max_hp_loss":0,"event_name":"Scrap Ooze","floor":5,"gold_loss":0},{"damage_healed":0,"gold_gain":0,"player_choice":"Obtained Book","damage_taken":16,"max_hp_gain":0,"max_hp_loss":0,"event_name":"Cursed Tome","floor":19,"gold_loss":0},{"damage_healed":0,"gold_gain":0,"player_choice":"Ignored","damage_taken":0,"max_hp_gain":0,"max_hp_loss":0,"event_name":"Beggar","floor":31,"gold_loss":0},{"damage_healed":0,"gold_gain":0,"player_choice":"Ignored","damage_taken":0,"max_hp_gain":0,"max_hp_loss":0,"event_name":"Tomb of Lord Red Mask","floor":37,"gold_loss":0}],"is_beta":false,"boss_relics":[{"not_picked":["Tiny House","Runic Pyramid"],"picked":"Black Star"},{"not_picked":["Philosopher\u0027s Stone","Snecko Eye"],"picked":"Inserter"}],"items_purged_floors":[],"is_endless":false,"potions_floor_spawned":[3,7,13,14,20,24,27,33,35,36,39,44],"ascension_level":0}