{"gold_per_floor":[119,119,26,36,53,53,83,83,108,135,148,175,187,200,200,200],"floor_reached":16,"playtime":772,"items_purged":[],"score":195,"play_id":"78f16f5c-9ec0-4d25-827f-f4e1a8919cef","local_time":"20181110153044","is_ascension_mode":true,"campfire_choices":[{"data":"Perfected Strike","floor":6,"key":"SMITH"},{"data":"Pommel Strike","floor":8,"key":"SMITH"},{"data":"Perfected Strike","floor":15,"key":"SMITH"}],"neow_cost":"CURSE","seed_source_timestamp":1197017179909145,"circlet_count":0,"master_deck":["AscendersBane","Strike_R","Strike_R","Strike_R","Strike_R","Strike_R","Defend_R","Defend_R","Defend_R","Defend_R","Bash","Flash of Steel","Swift Strike","Perfected Strike+1","Finesse","Heavy Blade","Heavy Blade","Pommel Strike+1","Perfected Strike+1","Shrug It Off"],"relics":["Burning Blood","Vajra","Lantern","Champion Belt","Frozen Egg 2"],"potions_floor_usage":[16,16],"damage_taken":[{"damage":3,"enemies":"2 Louse","floor":1,"turns":3},{"damage":1,"enemies":"Cultist","floor":4,"turns":3},{"damage":0,"enemies":"Small Slimes","floor":5,"turns":3},{"damage":38,"enemies":"Lagavulin","floor":7,"turns":6},{"damage":16,"enemies":"Gremlin Nob","floor":10,"turns":3},{"damage":0,"enemies":"Looter","floor":11,"turns":2},{"damage":30,"enemies":"Lagavulin","floor":12,"turns":4},{"damage":7,"enemies":"Exordium Wildlife","floor":13,"turns":2},{"damage":14,"enemies":"Large Slime","floor":14,"turns":3},{"damage":14,"enemies":"Hexaghost","floor":16,"turns":8}],"seed_played":"-6903966410583849639","potions_obtained":[{"floor":1,"key":"Dexterity Potion"},{"floor":12,"key":"Block Potion"}],"is_trial":false,"path_per_floor":["M","?","$","M","M","R","E","R","T","E","M","E","M","M","R","B"],"character_chosen":"IRONCLAD","items_purchased":["Finesse"],"campfire_rested":0,"item_purchase_floors":[3],"current_hp_per_floor":[75,75,75,80,80,80,48,48,48,38,44,20,19,11,11,0],"gold":200,"neow_bonus":"RANDOM_COLORLESS_2","is_prod":false,"is_daily":false,"chose_seed":false,"campfire_upgraded":3,"win_rate":0,"timestamp":1541885444,"path_taken":["M","?","$","M","M","R","E","R","T","E","M","E","?","M","R","BOSS"],"build_version":"2018-11-08","purchased_purges":0,"victory":false,"max_hp_per_floor":[80,80,80,80,80,80,80,80,80,80,80,80,80,80,80,80],"card_choices":[{"not_picked":["Headbutt","Pommel Strike"],"picked":"Perfected Strike","floor":1},{"not_picked":["Anger","Combust"],"picked":"Heavy Blade","floor":4},{"not_picked":["Combust","Twin Strike"],"picked":"Heavy Blade","floor":5},{"not_picked":["Uppercut","Offering"],"picked":"Pommel Strike","floor":7},{"not_picked":["Intimidate","True Grit","Wild Strike"],"picked":"SKIP","floor":10},{"not_picked":["Shrug It Off","Sever Soul"],"picked":"Perfected Strike","floor":11},{"not_picked":["Dropkick","Sentinel","Hemokinesis"],"picked":"SKIP","floor":12},{"not_picked":["Entrench","Headbutt","Clash"],"picked":"SKIP","floor":13},{"not_picked":["Warcry","Body Slam"],"picked":"Shrug It Off","floor":14}],"player_experience":431263,"relics_obtained":[{"floor":7,"key":"Vajra"},{"floor":9,"key":"Lantern"},{"floor":10,"key":"Champion Belt"},{"floor":12,"key":"Frozen Egg 2"}],"event_choices":[{"cards_removed":["Injury"],"damage_healed":0,"gold_gain":0,"player_choice":"Removed Curses","damage_taken":0,"max_hp_gain":0,"max_hp_loss":0,"event_name":"Fountain of Cleansing","floor":2,"gold_loss":0}],"is_beta":false,"boss_relics":[],"items_purged_floors":[],"is_endless":false,"potions_floor_spawned":[1,12,14],"killed_by":"Hexaghost","ascension_level":12}