{"gold_per_floor":[115,130,43,56,56,56,66,82,106,106,123,123,23,23,23,100,100,115,15,15,33,46,46,46],"floor_reached":24,"playtime":426,"items_purged":["Strike_R","Strike_R"],"score":320,"play_id":"966224dd-1d96-4dee-85a5-89e4949f3e4d","local_time":"20181220230040","is_ascension_mode":true,"campfire_choices":[{"data":"Iron Wave","floor":6,"key":"SMITH"},{"data":"Carnage","floor":10,"key":"SMITH"},{"data":"Thunderclap","floor":15,"key":"SMITH"},{"data":"Whirlwind","floor":23,"key":"SMITH"}],"neow_cost":"NONE","seed_source_timestamp":15951928453566,"circlet_count":0,"master_deck":["AscendersBane","Strike_R","Strike_R","Defend_R","Defend_R","Defend_R","Defend_R","Bash","Seeing Red","Carnage+1","Disarm","Iron Wave+1","Thunderclap","Thunderclap+1","Metallicize","Headbutt","Offering","Whirlwind+1"],"relics":["Burning Blood","NeowsBlessing","Art of War","Happy Flower","Cursed Key"],"potions_floor_usage":[7,21],"damage_taken":[{"damage":0,"enemies":"Cultist","floor":1,"turns":1},{"damage":0,"enemies":"2 Louse","floor":2,"turns":1},{"damage":0,"enemies":"Jaw Worm","floor":4,"turns":1},{"damage":14,"enemies":"Large Slime","floor":7,"turns":6},{"damage":20,"enemies":"Exordium Thugs","floor":8,"turns":4},{"damage":6,"enemies":"Exordium Wildlife","floor":11,"turns":3},{"damage":35,"enemies":"The Guardian","floor":16,"turns":9},{"damage":30,"enemies":"2 Thieves","floor":18,"turns":4},{"damage":9,"enemies":"Spheric Guardian","floor":21,"turns":3},{"damage":6,"enemies":"3 Cultists","floor":22,"turns":3},{"damage":28,"enemies":"Shelled Parasite and Fungi","floor":24,"turns":3}],"seed_played":"-7083341888599512223","potions_obtained":[{"floor":1,"key":"GamblersBrew"},{"floor":4,"key":"FearPotion"},{"floor":11,"key":"FearPotion"},{"floor":16,"key":"Swift Potion"},{"floor":22,"key":"Strength Potion"}],"is_trial":false,"path_per_floor":["M","M","$","M","?","R","M","M","T","R","M","?","$","?","R","B",null,"M","$","?","M","M","R","M"],"character_chosen":"IRONCLAD","items_purchased":["Disarm","Iron Wave","Headbutt"],"campfire_rested":0,"item_purchase_floors":[3,3,13],"current_hp_per_floor":[74,75,75,75,72,72,64,50,50,50,50,75,75,75,75,46,68,44,44,30,27,27,27,0],"gold":46,"neow_bonus":"THREE_ENEMY_KILL","is_prod":false,"is_daily":false,"chose_seed":false,"campfire_upgraded":4,"win_rate":0,"timestamp":1545346840,"path_taken":["M","M","$","?","?","R","M","M","T","R","M","?","?","?","R","BOSS","M","$","?","M","M","R","M"],"build_version":"2018-12-13","purchased_purges":2,"victory":false,"max_hp_per_floor":[75,75,75,75,75,75,75,75,75,75,75,75,75,75,75,75,75,75,75,80,80,80,80,80],"card_choices":[{"not_picked":["Intimidate","Twin Strike"],"picked":"Seeing Red","floor":1},{"not_picked":["Shrug It Off","Fire Breathing"],"picked":"Carnage","floor":2},{"not_picked":["Headbutt","Havoc","Dropkick"],"picked":"SKIP","floor":4},{"not_picked":["Corruption","Rage"],"picked":"Thunderclap","floor":7},{"not_picked":["Armaments","Clothesline"],"picked":"Thunderclap","floor":8},{"not_picked":["Reckless Charge","Anger"],"picked":"Metallicize","floor":11},{"not_picked":["Impervious","Fiend Fire"],"picked":"Offering","floor":16},{"not_picked":["Sword Boomerang+1","Uppercut"],"picked":"Whirlwind","floor":18},{"not_picked":["Sever Soul","Metallicize","Fire Breathing"],"picked":"SKIP","floor":21},{"not_picked":["Hemokinesis","Headbutt","Sentinel"],"picked":"SKIP","floor":22}],"player_experience":289003,"relics_obtained":[{"floor":9,"key":"Happy Flower"}],"event_choices":[{"damage_healed":0,"gold_gain":0,"player_choice":"Success","damage_taken":3,"relics_obtained":["Art of War"],"max_hp_gain":0,"max_hp_loss":0,"event_name":"Scrap Ooze","floor":5,"gold_loss":0},{"damage_healed":25,"gold_gain":0,"player_choice":"Banana","damage_taken":0,"max_hp_gain":0,"max_hp_loss":0,"event_name":"Big Fish","floor":12,"gold_loss":0},{"cards_removed":["Strike_R"],"damage_healed":0,"gold_gain":0,"player_choice":"Offered Basic","damage_taken":0,"max_hp_gain":0,"max_hp_loss":0,"event_name":"Bonfire Elementals","floor":14,"gold_loss":0},{"damage_healed":0,"gold_gain":0,"player_choice":"Shed Blood","damage_taken":19,"max_hp_gain":5,"max_hp_loss":0,"event_name":"Forgotten Altar","floor":20,"gold_loss":0}],"is_beta":false,"boss_relics":[{"not_picked":["White Beast Statue","Black Star"],"picked":"Cursed Key"}],"items_purged_floors":[13,19],"is_endless":false,"potions_floor_spawned":[1,4,11,16,22],"killed_by":"Shelled Parasite and Fungi","ascension_level":14}