{"gold_per_floor":[111,36,51,66,66,95,95,113,113,113,8,8,24,54,54,132,132,151,151,151,170,183,183,96,96,96,96,110,110,128,138,138,209,209,209,209,226,237,237,237,237,237,262,262,262,276,276],"floor_reached":47,"playtime":4361,"items_purged":["Pain"],"score":783,"play_id":"b62bc6dc-a238-4dc3-b1d5-8400712026dc","local_time":"20190202002457","is_ascension_mode":true,"campfire_choices":[{"floor":7,"key":"REST"},{"data":"Infinite Blades","floor":10,"key":"SMITH"},{"floor":12,"key":"REST"},{"data":"Dash","floor":15,"key":"SMITH"},{"data":"RitualDagger","floor":23,"key":"SMITH"},{"data":"Terror","floor":25,"key":"SMITH"},{"data":"A Thousand Cuts","floor":27,"key":"SMITH"},{"data":"Accuracy","floor":29,"key":"SMITH"},{"data":"Cloak And Dagger","floor":32,"key":"SMITH"},{"data":"Adrenaline","floor":40,"key":"SMITH"},{"data":"Burst","floor":41,"key":"SMITH"},{"data":"Thinking Ahead","floor":42,"key":"SMITH"},{"data":"Blur","floor":44,"key":"SMITH"}],"neow_cost":"CURSE","seed_source_timestamp":1921775489351789,"circlet_count":0,"master_deck":["AscendersBane","Defend_G","Defend_G","Defend_G","Defend_G","Defend_G","Survivor","Neutralize","Slice","Infinite Blades+1","Cloak And Dagger+1","PiercingWail","Escape Plan","Dash+1","Dramatic Entrance","Escape Plan","A Thousand Cuts+1","Backstab","RitualDagger+1","Backflip+1","Terror+1","Accuracy+1","Blur+1","Cloak And Dagger+1","Caltrops","Adrenaline+1","Burst+1","Deflect","Acrobatics","Thinking Ahead+1","Shame","Accuracy"],"relics":["Ring of the Snake","Paper Crane","Meat on the Bone","Blood Vial","Nloth\u0027s Gift","WingedGreaves","Cursed Key","Happy Flower"],"potions_floor_usage":[3,13,16,21,30,31,33,35,38,47],"damage_taken":[{"damage":16,"enemies":"Jaw Worm","floor":1,"turns":5},{"damage":0,"enemies":"Cultist","floor":3,"turns":3},{"damage":0,"enemies":"2 Louse","floor":4,"turns":3},{"damage":31,"enemies":"Lagavulin","floor":6,"turns":10},{"damage":10,"enemies":"Lots of Slimes","floor":8,"turns":5},{"damage":0,"enemies":"Gremlin Gang","floor":13,"turns":4},{"damage":14,"enemies":"3 Sentries","floor":14,"turns":7},{"damage":11,"enemies":"The Guardian","floor":16,"turns":17},{"damage":38,"enemies":"Spheric Guardian","floor":18,"turns":8},{"damage":3,"enemies":"Chosen","floor":21,"turns":6},{"damage":0,"enemies":"3 Cultists","floor":22,"turns":5},{"damage":19,"enemies":"Snake Plant","floor":28,"turns":5},{"damage":23,"enemies":"Cultist and Chosen","floor":30,"turns":9},{"damage":0,"enemies":"Chosen and Byrds","floor":31,"turns":6},{"damage":19,"enemies":"Automaton","floor":33,"turns":10},{"damage":0,"enemies":"3 Shapes","floor":35,"turns":1},{"damage":0,"enemies":"Orb Walker","floor":37,"turns":2},{"damage":22,"enemies":"4 Shapes","floor":38,"turns":8},{"damage":29,"enemies":"Transient","floor":46,"turns":5},{"damage":31,"enemies":"Reptomancer","floor":47,"turns":5}],"seed_played":"-6240357314309711881","potions_obtained":[{"floor":1,"key":"AttackPotion"},{"floor":4,"key":"GhostInAJar"},{"floor":8,"key":"FearPotion"},{"floor":16,"key":"GhostInAJar"},{"floor":21,"key":"SmokeBomb"},{"floor":28,"key":"SpeedPotion"},{"floor":30,"key":"SteroidPotion"},{"floor":31,"key":"GhostInAJar"},{"floor":37,"key":"AttackPotion"},{"floor":38,"key":"Strength Potion"}],"is_trial":false,"path_per_floor":["M","$","M","M","?","E","R","M","T","R","$","R","M","E","R","B",null,"M","?","?","M","M","R","$","R","T","R","M","R","M","M","R","B",null,"M","?","M","M","?","R","R","R","T","R","?","M","E"],"character_chosen":"THE_SILENT","items_purchased":["Dramatic Entrance","Accuracy"],"campfire_rested":2,"item_purchase_floors":[11,24],"current_hp_per_floor":[43,43,43,43,43,12,31,21,21,21,21,40,40,38,38,41,60,36,30,30,41,43,43,43,43,43,43,38,38,29,43,43,38,59,61,61,63,43,43,43,43,43,43,43,43,28,0],"gold":276,"neow_bonus":"TRANSFORM_TWO_CARDS","is_prod":false,"is_daily":false,"chose_seed":false,"campfire_upgraded":11,"win_rate":0,"timestamp":1549095897,"path_taken":["M","$","M","M","?","E","R","M","T","R","?","R","?","E","R","BOSS","M","?","?","M","?","R","$","R","T","R","M","R","?","M","R","BOSS","M","?","?","M","?","R","R","R","T","R","?","M","E"],"build_version":"2019-01-23","purchased_purges":1,"victory":false,"max_hp_per_floor":[66,66,66,66,66,66,66,66,66,66,66,66,66,66,66,66,66,66,66,66,66,66,66,66,66,66,66,66,66,66,66,66,66,66,66,66,66,66,66,66,66,66,66,66,63,63,63],"card_choices":[{"not_picked":["Masterful Stab","Dodge and Roll"],"picked":"Cloak And Dagger","floor":1},{"not_picked":["Outmaneuver","Distraction"],"picked":"PiercingWail","floor":3},{"not_picked":["Concentrate","Flechettes","Underhanded Strike"],"picked":"SKIP","floor":4},{"not_picked":["Catalyst","Prepared"],"picked":"Escape Plan","floor":6},{"not_picked":["Dagger Throw","Setup"],"picked":"Dash","floor":8},{"not_picked":["Prepared","Backflip"],"picked":"Escape Plan","floor":13},{"not_picked":["Expertise","Dodge and Roll","Calculated Gamble"],"picked":"SKIP","floor":14},{"not_picked":["Storm of Steel","Doppelganger"],"picked":"A Thousand Cuts","floor":16},{"not_picked":["Backflip+1","Deflect"],"picked":"Backstab","floor":18},{"not_picked":["Prepared","Quick Slash"],"picked":"Backflip+1","floor":21},{"not_picked":["Backflip","Outmaneuver"],"picked":"Terror","floor":22},{"not_picked":["Sucker Punch","Poisoned Stab"],"picked":"Blur","floor":28},{"not_picked":["Backflip+1","Predator"],"picked":"Cloak And Dagger","floor":30},{"not_picked":["Dagger Spray+1","Prepared"],"picked":"Caltrops","floor":31},{"not_picked":["Unload","Grand Finale"],"picked":"Adrenaline","floor":33},{"not_picked":["Deadly Poison","Flying Knee"],"picked":"Deflect","floor":37},{"not_picked":["Blade Dance","Outmaneuver"],"picked":"Acrobatics","floor":38},{"not_picked":["Metamorphosis","Blind"],"picked":"Thinking Ahead","floor":39},{"not_picked":["Leg Sweep","Choke"],"picked":"Accuracy","floor":46}],"player_experience":585209,"relics_obtained":[{"floor":6,"key":"Paper Crane"},{"floor":9,"key":"Meat on the Bone"},{"floor":14,"key":"Blood Vial"},{"floor":26,"key":"WingedGreaves"},{"floor":43,"key":"Happy Flower"}],"event_choices":[{"damage_healed":0,"gold_gain":0,"player_choice":"Forge","damage_taken":0,"max_hp_gain":0,"max_hp_loss":0,"event_name":"Accursed Blacksmith","floor":5,"gold_loss":0,"cards_upgraded":["Cloak And Dagger"]},{"damage_healed":0,"gold_gain":0,"player_choice":"Joined the Cult","damage_taken":6,"max_hp_gain":0,"max_hp_loss":0,"event_name":"Nest","floor":19,"gold_loss":0,"cards_obtained":["RitualDagger"]},{"damage_healed":0,"gold_gain":0,"player_choice":"Traded Relic","damage_taken":0,"relics_obtained":["Nloth\u0027s Gift"],"max_hp_gain":0,"max_hp_loss":0,"event_name":"N\u0027loth","floor":20,"relics_lost":["Empty Cage"],"gold_loss":0},{"damage_healed":0,"gold_gain":0,"cards_transformed":["Strike_G"],"player_choice":"Transformed","damage_taken":0,"max_hp_gain":0,"max_hp_loss":0,"event_name":"Transmorgrifier","floor":36,"gold_loss":0,"cards_obtained":["Burst"]},{"damage_healed":0,"gold_gain":0,"player_choice":"Memory 1","damage_taken":0,"max_hp_gain":0,"max_hp_loss":0,"event_name":"SensoryStone","floor":39,"gold_loss":0},{"damage_healed":0,"gold_gain":0,"player_choice":"Max HP","damage_taken":0,"max_hp_gain":0,"max_hp_loss":3,"event_name":"Winding Halls","floor":45,"gold_loss":0}],"is_beta":false,"boss_relics":[{"not_picked":["HoveringKite","Eternal Feather"],"picked":"Empty Cage"},{"not_picked":["Ring of the Serpent","Busted Crown"],"picked":"Cursed Key"}],"items_purged_floors":[2],"is_endless":false,"potions_floor_spawned":[1,4,8,16,21,28,30,31,37,38],"killed_by":"Reptomancer","ascension_level":16}