{"gold_per_floor":[15,190,210,135,155,155,168,168,168,168,202,202,218,237,237,341,341,351,351,26,39,51,51,83,113,139,101,113,125,54,67,67,67],"floor_reached":33,"playtime":2510,"items_purged":["Doubt"],"score":417,"play_id":"ac7b46cb-491b-4da9-9b4a-1b5eb682fc62","local_time":"20180910202243","is_ascension_mode":true,"campfire_choices":[{"data":"True Grit","floor":6,"key":"SMITH"},{"data":"Anger","floor":8,"key":"SMITH"},{"floor":10,"key":"DIG"},{"floor":12,"key":"DIG"},{"floor":15,"key":"DIG"},{"floor":23,"key":"REST"},{"floor":25,"key":"DIG"},{"floor":32,"key":"DIG"}],"neow_cost":"NO_GOLD","seed_source_timestamp":1025046510733291,"circlet_count":0,"master_deck":["Strike_R","Strike_R","Strike_R","Strike_R","Strike_R","Defend_R","Defend_R","Defend_R","Defend_R","Bash+1","AscendersBane","Anger+1","Carnage","True Grit+1","Ghostly Armor","Exhume","Flame Barrier","Rampage+1","Double Tap","Pommel Strike+1","Flame Barrier","Immolate","Barricade","Feel No Pain","Carnage","Power Through","Infernal Blade"],"relics":["Burning Blood","StoneCalendar","Shovel","Question Card","Meat on the Bone","Bag of Preparation","Regal Pillow","Fusion Hammer","Kunai","Whetstone","Tiny Chest","Dream Catcher","Vajra"],"potions_floor_usage":[16,16,19,24,33,33],"damage_taken":[{"damage":1,"enemies":"Cultist","floor":1,"turns":3},{"damage":5,"enemies":"2 Louse","floor":3,"turns":4},{"damage":7,"enemies":"Jaw Worm","floor":5,"turns":3},{"damage":8,"enemies":"3 Louse","floor":7,"turns":4},{"damage":16,"enemies":"Lagavulin","floor":11,"turns":5},{"damage":4,"enemies":"Exordium Thugs","floor":13,"turns":5},{"damage":17,"enemies":"Large Slime","floor":14,"turns":6},{"damage":59,"enemies":"The Guardian","floor":16,"turns":12},{"damage":18,"enemies":"Chosen","floor":18,"turns":5},{"damage":26,"enemies":"Colosseum Slavers","floor":19,"turns":6},{"damage":19,"enemies":"Spheric Guardian","floor":21,"turns":5},{"damage":27,"enemies":"Chosen and Byrds","floor":22,"turns":7},{"damage":27,"enemies":"Slavers","floor":24,"turns":5},{"damage":23,"enemies":"Snake Plant","floor":28,"turns":4},{"damage":24,"enemies":"Cultist and Chosen","floor":29,"turns":7},{"damage":16,"enemies":"Shelled Parasite and Fungi","floor":31,"turns":7},{"damage":68,"enemies":"Champ","floor":33,"turns":13}],"seed_played":"-3268011534345226685","potions_obtained":[{"floor":1,"key":"BloodPotion"},{"floor":7,"key":"Poison Potion"},{"floor":11,"key":"AttackPotion"},{"floor":18,"key":"BloodPotion"},{"floor":22,"key":"AttackPotion"},{"floor":24,"key":"SteroidPotion"},{"floor":28,"key":"Ancient Potion"}],"is_trial":false,"path_per_floor":["M","?","M","$","M","R","M","R","T","R","E","R","M","M","R","B",null,"M","?","$","M","M","R","E","R","T","$","M","M","$","M","R"],"character_chosen":"IRONCLAD","items_purchased":["Kunai","Flame Barrier","Feel No Pain","Power Through"],"campfire_rested":1,"item_purchase_floors":[20,20,27,30],"current_hp_per_floor":[77,77,78,78,77,77,75,75,75,75,65,65,67,56,56,27,67,55,55,55,54,45,80,59,59,59,59,54,48,48,50,50,0],"gold":67,"neow_bonus":"ONE_RARE_RELIC","is_prod":false,"is_daily":false,"chose_seed":false,"campfire_upgraded":2,"win_rate":0,"timestamp":1536628963,"path_taken":["M","?","?","$","M","R","M","R","T","R","E","R","?","M","R","BOSS","M","?","$","M","M","R","E","R","T","?","M","M","$","M","R","BOSS"],"build_version":"2018-09-06","purchased_purges":1,"victory":false,"max_hp_per_floor":[80,80,80,80,80,80,80,80,80,80,80,80,80,80,80,80,80,80,80,80,80,80,80,80,80,80,80,80,80,80,80,80,80],"card_choices":[{"not_picked":["Spot Weakness","Wild Strike"],"picked":"Anger","floor":1},{"not_picked":["Heavy Blade","True Grit"],"picked":"Carnage","floor":3},{"not_picked":["Sword Boomerang","Perfected Strike"],"picked":"True Grit","floor":5},{"not_picked":["Body Slam","Dual Wield"],"picked":"Ghostly Armor","floor":7},{"not_picked":["Blood for Blood","True Grit","Sword Boomerang"],"picked":"Exhume","floor":11},{"not_picked":["Dual Wield","Evolve","Shrug It Off"],"picked":"Flame Barrier","floor":13},{"not_picked":["True Grit","Flex","Second Wind"],"picked":"Rampage","floor":14},{"not_picked":["Feed","Limit Break","Brutality"],"picked":"Double Tap","floor":16},{"not_picked":["Anger","Seeing Red","Flex+1"],"picked":"Pommel Strike+1","floor":18},{"not_picked":["Perfected Strike+1","Reckless Charge+1","Sword Boomerang","Body Slam"],"picked":"SKIP","floor":21},{"not_picked":["Sword Boomerang","Armaments","Wild Strike+1"],"picked":"Immolate","floor":22},{"not_picked":["Pommel Strike","Twin Strike","Thunderclap"],"picked":"Barricade","floor":24},{"not_picked":["Warcry","Bloodletting","Perfected Strike+1","Whirlwind"],"picked":"SKIP","floor":28},{"not_picked":["Twin Strike","Clash","Battle Trance+1"],"picked":"Carnage","floor":29},{"not_picked":["Clothesline","Heavy Blade","Shrug It Off"],"picked":"Infernal Blade","floor":31}],"player_experience":305971,"relics_obtained":[{"floor":9,"key":"Shovel"},{"floor":10,"key":"Question Card"},{"floor":11,"key":"Meat on the Bone"},{"floor":12,"key":"Bag of Preparation"},{"floor":15,"key":"Regal Pillow"},{"floor":24,"key":"Whetstone"},{"floor":25,"key":"Tiny Chest"},{"floor":26,"key":"Dream Catcher"},{"floor":32,"key":"Vajra"}],"event_choices":[{"event_name":"Liars Game","player_choice":"agreed","floor":2,"damage_taken":0},{"event_name":"Colosseum","player_choice":"Fight","floor":19,"damage_taken":0},{"event_name":"Colosseum","player_choice":"Fled From Nobs","floor":19,"damage_taken":0}],"is_beta":false,"boss_relics":[{"not_picked":["Ectoplasm","Busted Crown"],"picked":"Fusion Hammer"}],"items_purged_floors":[4],"is_endless":false,"potions_floor_spawned":[1,7,11,18,22,24,28],"killed_by":"Champ","ascension_level":11}