{"gold_per_floor":[118,137,16,16,116,116,66,77,77,0,10,21,51,66,66,166,166,106,106,106,12,12,12,12,12,12,12,12,12,12,12,12,12,12,12,12,12,12,12,12,12,12,12,12,12,12,12,12],"floor_reached":48,"playtime":1398,"items_purged":["Strike_R"],"score":440,"play_id":"e2c8b8a0-984e-464c-b90e-d839450dab70","local_time":"20180902202602","is_ascension_mode":false,"campfire_choices":[{"data":"Defend_R","floor":6,"key":"PURGE"},{"data":"Strike_R","floor":15,"key":"PURGE"},{"data":"Limit Break","floor":23,"key":"SMITH"},{"data":"Whirlwind","floor":29,"key":"SMITH"},{"data":"Defend_R+1","floor":32,"key":"PURGE"},{"data":"Flex","floor":40,"key":"PURGE"},{"data":"Bash","floor":42,"key":"PURGE"}],"neow_cost":"TEN_PERCENT_HP_LOSS","seed_source_timestamp":20532975048983,"circlet_count":0,"master_deck":["Strike_R+1","Strike_R+1","Defend_R+1","Defend_R+1","Cleave+1","Shrug It Off+1","Inflame+1","Pommel Strike+1","Limit Break+1","Finesse+1","Inflame+1","Whirlwind+1","True Grit+1","Reaper+1","Inflame+1"],"relics":["Burning Blood","Peace Pipe","Meat on the Bone","Pantograph","Ectoplasm","Red Mask","Dream Catcher","Sozu","Question Card","Mark of the Bloom"],"potions_floor_usage":[11,16,16,24,25,30,47,48],"damage_taken":[{"damage":6,"enemies":"Cultist","floor":1,"turns":3},{"damage":6,"enemies":"2 Louse","floor":2,"turns":3},{"damage":0,"enemies":"Small Slimes","floor":8,"turns":3},{"damage":2,"enemies":"Looter","floor":11,"turns":4},{"damage":14,"enemies":"Blue Slaver","floor":12,"turns":4},{"damage":26,"enemies":"3 Sentries","floor":13,"turns":8},{"damage":0,"enemies":"Gremlin Gang","floor":14,"turns":3},{"damage":69,"enemies":"Slime Boss","floor":16,"turns":15},{"damage":17,"enemies":"2 Thieves","floor":18,"turns":4},{"damage":22,"enemies":"Masked Bandits","floor":19,"turns":4},{"damage":20,"enemies":"Spheric Guardian","floor":20,"turns":4},{"damage":19,"enemies":"Snecko","floor":24,"turns":6},{"damage":14,"enemies":"Chosen and Byrds","floor":25,"turns":5},{"damage":15,"enemies":"Cultist and Chosen","floor":27,"turns":6},{"damage":20,"enemies":"Snake Plant","floor":30,"turns":3},{"damage":19,"enemies":"Snecko","floor":31,"turns":8},{"damage":39,"enemies":"Champ","floor":33,"turns":7},{"damage":10,"enemies":"3 Darklings","floor":35,"turns":3},{"damage":9,"enemies":"3 Shapes","floor":37,"turns":2},{"damage":26,"enemies":"Sphere and 2 Shapes","floor":39,"turns":5},{"damage":30,"enemies":"Maw","floor":41,"turns":7},{"damage":27,"enemies":"Transient","floor":44,"turns":5},{"damage":4,"enemies":"3 Darklings","floor":46,"turns":2},{"damage":3,"enemies":"4 Shapes","floor":47,"turns":3},{"damage":48,"enemies":"Nemesis","floor":48,"turns":6}],"seed_played":"8720111660453533401","potions_obtained":[{"floor":1,"key":"LiquidBronze"},{"floor":4,"key":"Poison Potion"},{"floor":4,"key":"SkillPotion"},{"floor":13,"key":"AttackPotion"},{"floor":19,"key":"Weak Potion"},{"floor":24,"key":"LiquidBronze"},{"floor":30,"key":"Fire Potion"},{"floor":31,"key":"Regen Potion"},{"floor":33,"key":"Block Potion"}],"is_trial":false,"path_per_floor":["M","M","$","?","?","R","?","M","T","$","M","M","E","M","R","B",null,"M","?","M","$","?","R","M","M","T","M","?","R","M","M","R","B",null,"M","?","M","?","M","R","M","R","T","M","?","M","M"],"character_chosen":"IRONCLAD","items_purchased":["Shrug It Off","Inflame","Finesse"],"campfire_rested":0,"item_purchase_floors":[3,10,21],"current_hp_per_floor":[72,72,72,72,72,72,72,72,72,72,72,64,44,50,50,21,72,61,45,43,43,43,43,42,46,46,49,49,49,47,46,46,50,72,68,68,65,65,52,52,72,72,72,51,51,47,44,0],"gold":12,"neow_bonus":"ONE_RARE_RELIC","is_prod":false,"is_daily":false,"chose_seed":false,"campfire_upgraded":2,"win_rate":0,"timestamp":1535916362,"path_taken":["M","?","$","?","?","R","?","?","T","$","?","M","E","M","R","BOSS","M","?","M","$","?","R","M","M","T","M","?","R","M","M","R","BOSS","M","?","M","?","M","R","?","R","T","M","?","M","M","E"],"build_version":"2018-08-30","purchased_purges":1,"victory":false,"max_hp_per_floor":[72,72,72,72,72,72,72,72,72,72,72,72,72,72,72,72,72,72,72,72,72,72,72,72,72,72,72,72,72,72,72,72,72,72,72,72,72,72,72,72,72,72,72,72,72,72,72,72],"card_choices":[{"not_picked":["Shockwave","Blood for Blood"],"picked":"Flex","floor":1},{"not_picked":["Reckless Charge","Flex"],"picked":"Cleave","floor":2},{"not_picked":["Shockwave","True Grit","Clothesline"],"picked":"SKIP","floor":8},{"not_picked":["Body Slam","Metallicize","Twin Strike"],"picked":"SKIP","floor":11},{"not_picked":["Warcry","Iron Wave","Second Wind"],"picked":"SKIP","floor":12},{"not_picked":["Flame Barrier","True Grit"],"picked":"Pommel Strike","floor":13},{"not_picked":["Perfected Strike","Clash","Power Through"],"picked":"SKIP","floor":14},{"not_picked":["Double Tap","Feed"],"picked":"Limit Break","floor":16},{"not_picked":["Power Through+1","Cleave+1","Anger"],"picked":"SKIP","floor":18},{"not_picked":["Dual Wield+1","Cleave","Armaments"],"picked":"SKIP","floor":20},{"not_picked":["Berserk","Flex"],"picked":"Inflame","floor":24},{"not_picked":["Twin Strike","Anger","Dual Wield"],"picked":"SKIP","floor":25},{"not_picked":["Burning Pact","Cleave"],"picked":"Whirlwind","floor":27},{"not_picked":["Combust+1","Whirlwind"],"picked":"True Grit+1","floor":30},{"not_picked":["Blood for Blood","Cleave","Heavy Blade"],"picked":"SKIP","floor":31},{"not_picked":["Bludgeon","Brutality"],"picked":"Reaper","floor":33},{"not_picked":["Bloodletting+1","Ghostly Armor","Pummel"],"picked":"SKIP","floor":35},{"not_picked":["Headbutt","Twin Strike","Flex"],"picked":"SKIP","floor":37},{"not_picked":["Shrug It Off+1","Headbutt","Reckless Charge"],"picked":"SKIP","floor":39},{"not_picked":["Clothesline+1","Clash+1","Anger"],"picked":"SKIP","floor":41},{"not_picked":["Rupture+1","Warcry","Double Tap"],"picked":"Inflame+1","floor":44},{"not_picked":["Heavy Blade","Second Wind+1","Headbutt+1","Shrug It Off"],"picked":"SKIP","floor":46},{"not_picked":["Infernal Blade+1","Rampage+1","Dropkick","Hemokinesis+1"],"picked":"SKIP","floor":47}],"player_experience":6559,"relics_obtained":[{"floor":9,"key":"Meat on the Bone"},{"floor":13,"key":"Pantograph"},{"floor":19,"key":"Red Mask"},{"floor":26,"key":"Dream Catcher"},{"floor":43,"key":"Question Card"}],"event_choices":[{"event_name":"The Lab","player_choice":"Got Potions","floor":4,"damage_taken":0},{"event_name":"Wheel of Change","player_choice":"Gold","floor":5,"damage_taken":0},{"event_name":"The Cleric","player_choice":"Card Removal","floor":7,"damage_taken":0},{"event_name":"Masked Bandits","player_choice":"Fought Bandits","floor":19,"damage_taken":0},{"event_name":"Cursed Tome","player_choice":"Ignored","floor":22,"damage_taken":0},{"event_name":"Back to Basics","player_choice":"Simplicity","floor":28,"damage_taken":0},{"event_name":"SensoryStone","player_choice":"Memory 1","floor":36,"damage_taken":0},{"event_name":"Upgrade Shrine","player_choice":"Upgraded","floor":38,"damage_taken":0},{"event_name":"MindBloom","player_choice":"Upgrade","floor":45,"damage_taken":0}],"is_beta":false,"boss_relics":[{"not_picked":["Velvet Choker","Calling Bell"],"picked":"Ectoplasm"},{"not_picked":["Tiny House","Cursed Key"],"picked":"Sozu"}],"items_purged_floors":[3],"is_endless":false,"potions_floor_spawned":[1,13,19,24,30,31,33,44,46],"killed_by":"Nemesis","ascension_level":0}