{"gold_per_floor":[110,125,140,151,168,168,154,229,229,244,244,244,244,194,194,292,292,311,311,87,12,12,12,28,28,99,131,146,146,146,161,161,256,256,271,271,271,3,13,13,23,23,23,23,34,34,34,52,52,52],"floor_reached":51,"playtime":5731,"items_purged":["Strike_B"],"score":682,"play_id":"b259d035-7be7-47ed-af19-a095a5f7e155","local_time":"20190131213735","is_ascension_mode":false,"campfire_choices":[{"data":"Dualcast","floor":6,"key":"SMITH"},{"data":"Zap","floor":11,"key":"SMITH"},{"data":"Hologram","floor":13,"key":"SMITH"},{"floor":15,"key":"REST"},{"data":"Hologram","floor":23,"key":"SMITH"},{"floor":25,"key":"REST"},{"data":"Ghostly","floor":30,"key":"SMITH"},{"data":"Ghostly","floor":32,"key":"SMITH"},{"floor":40,"key":"REST"},{"data":"Streamline","floor":42,"key":"SMITH"},{"data":"Ghostly","floor":44,"key":"SMITH"},{"data":"Ghostly","floor":46,"key":"SMITH"},{"floor":49,"key":"REST"}],"neow_cost":"NONE","seed_source_timestamp":267167828490143,"circlet_count":0,"master_deck":["Strike_B","Strike_B","Defend_B","Defend_B","Defend_B","Zap+1","Dualcast+1","Leap","Beam Cell","Hologram+1","Rebound","Steam+1","Gash","Leap","Compile Driver+1","Necronomicurse","Hologram+1","Coolheaded+1","Stack+1","Go for the Eyes","Streamline+1","Ghostly+1","Ghostly+1","Ghostly+1","Ghostly+1","Gash","Hologram+1","Parasite","Steam+1","Beam Cell+1"],"relics":["Nuclear Battery","Meat on the Bone","Runic Pyramid","Necronomicon","Lantern","Ornamental Fan","Gremlin Horn","Velvet Choker","Runic Capacitor","Kunai","War Paint"],"potions_floor_usage":[28,33,50,50],"damage_taken":[{"damage":0,"enemies":"Small Slimes","floor":1,"turns":3},{"damage":0,"enemies":"2 Louse","floor":2,"turns":3},{"damage":0,"enemies":"Jaw Worm","floor":3,"turns":5},{"damage":0,"enemies":"Blue Slaver","floor":4,"turns":5},{"damage":0,"enemies":"Large Slime","floor":5,"turns":4},{"damage":4,"enemies":"Exordium Thugs","floor":7,"turns":4},{"damage":3,"enemies":"2 Fungi Beasts","floor":10,"turns":3},{"damage":74,"enemies":"Slime Boss","floor":16,"turns":16},{"damage":9,"enemies":"Shell Parasite","floor":18,"turns":9},{"damage":11,"enemies":"Chosen","floor":24,"turns":7},{"damage":45,"enemies":"Slavers","floor":27,"turns":7},{"damage":8,"enemies":"Snake Plant","floor":28,"turns":7},{"damage":0,"enemies":"Centurion and Healer","floor":31,"turns":6},{"damage":11,"enemies":"Collector","floor":33,"turns":14},{"damage":13,"enemies":"3 Darklings","floor":35,"turns":7},{"damage":4,"enemies":"3 Shapes","floor":39,"turns":6},{"damage":0,"enemies":"Writhing Mass","floor":41,"turns":8},{"damage":3,"enemies":"4 Shapes","floor":45,"turns":5},{"damage":0,"enemies":"Sphere and 2 Shapes","floor":48,"turns":7},{"damage":2,"enemies":"Time Eater","floor":50,"turns":13}],"seed_played":"3307735909090710182","potions_obtained":[{"floor":3,"key":"Block Potion"},{"floor":4,"key":"SteroidPotion"},{"floor":7,"key":"Dexterity Potion"},{"floor":18,"key":"PowerPotion"},{"floor":45,"key":"Strength Potion"},{"floor":48,"key":"AttackPotion"}],"is_trial":false,"path_per_floor":["M","M","M","M","M","R","M","?","T","M","R","?","R","?","R","B",null,"M","?","$","?","$","R","M","R","T","E","M","?","R","M","R","B",null,"M","?","?","$","M","R","M","R","T","R","M","R","T","M","R","B",null],"character_chosen":"DEFECT","items_purchased":["Lantern","Hologram","Coolheaded","Runic Capacitor"],"campfire_rested":4,"item_purchase_floors":[20,20,20,38],"current_hp_per_floor":[75,75,75,75,75,75,71,60,60,57,57,57,57,57,75,13,75,66,50,50,50,50,50,39,61,61,28,32,32,32,32,32,21,37,24,24,24,24,20,31,31,31,31,31,28,28,28,28,37,35],"gold":52,"neow_bonus":"BOSS_RELIC","is_prod":false,"is_daily":false,"chose_seed":false,"campfire_upgraded":9,"win_rate":0,"timestamp":1548999455,"path_taken":["M","M","M","M","M","R","M","?","T","M","R","?","R","?","R","BOSS","M","?","$","?","?","R","M","R","T","E","M","?","R","M","R","BOSS","M","?","?","$","M","R","M","R","T","R","M","R","?","M","R","BOSS"],"build_version":"2019-01-23","purchased_purges":1,"victory":true,"max_hp_per_floor":[75,75,75,75,75,75,75,75,75,75,75,75,75,75,75,75,75,75,75,75,75,75,75,75,75,75,75,75,37,37,37,37,37,37,37,37,37,37,37,37,37,37,37,37,37,37,37,37,37,37],"card_choices":[{"not_picked":["Steam","Recycle"],"picked":"Leap","floor":1},{"not_picked":["Turbo","Defragment"],"picked":"Beam Cell","floor":2},{"not_picked":["Stack","Barrage"],"picked":"Hologram","floor":3},{"not_picked":["Steam Power","Coolheaded"],"picked":"Rebound","floor":4},{"not_picked":["Stack","Thunder Strike"],"picked":"Steam","floor":5},{"not_picked":["Hologram","Conserve Battery"],"picked":"Gash","floor":7},{"not_picked":["Scrape","Barrage"],"picked":"Leap","floor":10},{"not_picked":["Rebound","Capacitor"],"picked":"Compile Driver+1","floor":18},{"not_picked":["Turbo","Go for the Eyes"],"picked":"Stack+1","floor":24},{"not_picked":["Darkness","Steam"],"picked":"Go for the Eyes","floor":27},{"not_picked":["Static Discharge","Barrage"],"picked":"Streamline","floor":28},{"not_picked":["Force Field","Undo+1"],"picked":"Gash","floor":31},{"not_picked":["Storm+1","Reprogram","Barrage"],"picked":"SKIP","floor":35},{"not_picked":["Beam Cell+1","FTL"],"picked":"Hologram+1","floor":39},{"not_picked":["Recycle+1","Streamline","Rebound+1"],"picked":"SKIP","floor":41},{"not_picked":["Recycle+1","Streamline","Rebound+1"],"picked":"SKIP","floor":41},{"not_picked":["Scrape","Barrage"],"picked":"Steam+1","floor":45},{"not_picked":["Defragment","Double Energy+1"],"picked":"Beam Cell+1","floor":48}],"player_experience":377614,"relics_obtained":[{"floor":9,"key":"Meat on the Bone"},{"floor":19,"key":"Necronomicon"},{"floor":26,"key":"Ornamental Fan"},{"floor":27,"key":"Gremlin Horn"},{"floor":43,"key":"Kunai"},{"floor":47,"key":"War Paint"}],"event_choices":[{"damage_healed":0,"gold_gain":75,"player_choice":"Gather Gold","damage_taken":11,"max_hp_gain":0,"max_hp_loss":0,"event_name":"World of Goop","floor":8,"gold_loss":0},{"damage_healed":0,"gold_gain":0,"player_choice":"Searched \u00270\u0027 times","damage_taken":0,"max_hp_gain":0,"max_hp_loss":0,"event_name":"Dead Adventurer","floor":12,"gold_loss":0},{"cards_removed":["Strike_B"],"damage_healed":0,"gold_gain":0,"player_choice":"Card Removal","damage_taken":0,"max_hp_gain":0,"max_hp_loss":0,"event_name":"The Cleric","floor":14,"gold_loss":50},{"damage_healed":0,"gold_gain":0,"player_choice":"Obtained Book","damage_taken":16,"max_hp_gain":0,"max_hp_loss":0,"event_name":"Cursed Tome","floor":19,"gold_loss":0},{"cards_removed":["Defend_B"],"damage_healed":0,"gold_gain":0,"player_choice":"Gave Gold","damage_taken":0,"max_hp_gain":0,"max_hp_loss":0,"event_name":"Beggar","floor":21,"gold_loss":75},{"damage_healed":0,"gold_gain":0,"player_choice":"Became a Ghost","damage_taken":0,"max_hp_gain":0,"max_hp_loss":38,"event_name":"Ghosts","floor":29,"gold_loss":0,"cards_obtained":["Ghostly","Ghostly","Ghostly","Ghostly","Ghostly"]},{"damage_healed":0,"gold_gain":0,"player_choice":"Ignored","damage_taken":0,"max_hp_gain":0,"max_hp_loss":0,"event_name":"Tomb of Lord Red Mask","floor":36,"gold_loss":0},{"cards_removed":["Ghostly"],"damage_healed":0,"gold_gain":0,"player_choice":"Removed Skill","damage_taken":0,"max_hp_gain":0,"max_hp_loss":0,"event_name":"Falling","floor":37,"gold_loss":0}],"is_beta":false,"boss_relics":[{"not_picked":["Lizard Tail","Pandora\u0027s Box"],"picked":"Runic Pyramid"},{"not_picked":["Black Star","Calling Bell"],"picked":"Velvet Choker"}],"items_purged_floors":[38],"is_endless":false,"potions_floor_spawned":[3,4,7,16,18,27,45,48],"ascension_level":0}