{"gold_per_floor":[114,34,44,63,82,82,94,121,121,121,49,49,81,100,100,199,199,209,227,37,48,48,48,73,73,141,152,152,168,188,198,198,294,294,314,314,227,227,6,6,6,21,21,21],"floor_reached":44,"playtime":1686,"items_purged":["Strike_G","Strike_G"],"score":540,"play_id":"95338340-2401-4005-b112-a9f14c4f67e5","local_time":"20181231152600","is_ascension_mode":false,"campfire_choices":[{"data":"Noxious Fumes","floor":6,"key":"SMITH"},{"data":"Bane","floor":10,"key":"SMITH"},{"data":"Neutralize","floor":12,"key":"SMITH"},{"data":"Tools of the Trade","floor":15,"key":"SMITH"},{"floor":23,"key":"REST"},{"data":"Apotheosis","floor":28,"key":"SMITH"},{"floor":32,"key":"REST"},{"data":"Doppelganger","floor":40,"key":"SMITH"}],"neow_cost":"NONE","seed_source_timestamp":2753458775073,"circlet_count":0,"master_deck":["Defend_G","Defend_G","Defend_G","Defend_G","Defend_G","Strike_G","Strike_G","Strike_G","Survivor","Neutralize+1","Tools of the Trade+1","Deflect","Noxious Fumes+1","Bane+1","Deadly Poison","Dagger Throw","Underhanded Strike","Caltrops","Poisoned Stab","PiercingWail","Doppelganger+1","Catalyst","Cloak And Dagger","Apotheosis+1","Backstab+1","Reflex","Leg Sweep","Catalyst","Adrenaline","Noxious Fumes+1","Caltrops+1","Noxious Fumes+1","Caltrops+1","Blur","PiercingWail+1"],"relics":["Ring of the Snake","Blood Vial","Frozen Egg 2","Calipers","Bottled Tornado","Sozu","The Courier","Centennial Puzzle","Bottled Flame","Eternal Feather","Anchor"],"potions_floor_usage":[12,14,18],"damage_taken":[{"damage":3,"enemies":"Jaw Worm","floor":1,"turns":8},{"damage":0,"enemies":"Cultist","floor":3,"turns":4},{"damage":0,"enemies":"Small Slimes","floor":4,"turns":4},{"damage":3,"enemies":"3 Louse","floor":5,"turns":5},{"damage":2,"enemies":"Blue Slaver","floor":7,"turns":5},{"damage":21,"enemies":"Gremlin Nob","floor":8,"turns":5},{"damage":8,"enemies":"Lagavulin","floor":13,"turns":5},{"damage":9,"enemies":"Exordium Thugs","floor":14,"turns":2},{"damage":24,"enemies":"Slime Boss","floor":16,"turns":8},{"damage":18,"enemies":"Shell Parasite","floor":18,"turns":5},{"damage":13,"enemies":"3 Byrds","floor":19,"turns":4},{"damage":7,"enemies":"Centurion and Healer","floor":21,"turns":5},{"damage":12,"enemies":"Book of Stabbing","floor":24,"turns":4},{"damage":3,"enemies":"Sentry and Sphere","floor":27,"turns":5},{"damage":16,"enemies":"Snake Plant","floor":29,"turns":4},{"damage":3,"enemies":"Shelled Parasite and Fungi","floor":30,"turns":5},{"damage":20,"enemies":"Sentry and Sphere","floor":31,"turns":5},{"damage":0,"enemies":"Champ","floor":33,"turns":9},{"damage":0,"enemies":"3 Darklings","floor":35,"turns":5},{"damage":0,"enemies":"3 Shapes","floor":42,"turns":5},{"damage":0,"enemies":"Spire Growth","floor":44,"turns":1}],"seed_played":"3782956612006428234","potions_obtained":[{"floor":4,"key":"LiquidBronze"},{"floor":5,"key":"Explosive Potion"},{"floor":8,"key":"Fruit Juice"},{"floor":13,"key":"EssenceOfSteel"},{"floor":16,"key":"EntropicBrew"}],"is_trial":false,"path_per_floor":["M","$","M","M","M","R","M","E","T","R","?","R","E","M","R","B",null,"M","M","$","M","?","R","E","?","T","M","R","M","M","M","R","B",null,"M","?","$","?","$","R","?","M","T","M"],"character_chosen":"THE_SILENT","items_purchased":["Noxious Fumes","Apotheosis","Caltrops+1","Noxious Fumes+1","Caltrops+1","Blur"],"campfire_rested":2,"item_purchase_floors":[2,20,37,39,39,39],"current_hp_per_floor":[67,67,67,67,64,64,62,41,41,41,41,46,40,33,33,11,75,57,46,46,41,41,63,53,53,53,52,52,38,37,19,41,43,75,75,75,75,75,75,75,75,75,75,75],"gold":21,"neow_bonus":"ONE_RANDOM_RARE_CARD","is_prod":false,"is_daily":false,"chose_seed":false,"campfire_upgraded":6,"win_rate":0,"timestamp":1546269960,"path_taken":["M","$","M","M","M","R","M","E","T","R","?","R","E","M","R","BOSS","M","?","$","M","?","R","E","?","T","M","R","M","M","M","R","BOSS","M","?","$","?","$","R","?","?","T","M"],"build_version":"2018-12-20","purchased_purges":2,"victory":false,"max_hp_per_floor":[70,70,70,70,70,70,70,70,70,70,70,75,75,75,75,75,75,75,75,75,75,75,75,75,75,75,75,75,75,75,75,75,75,75,75,75,75,75,75,75,75,75,75,75],"card_choices":[{"not_picked":["Acrobatics","Bouncing Flask"],"picked":"Deflect","floor":1},{"not_picked":["Cloak And Dagger","Grand Finale"],"picked":"Bane","floor":3},{"not_picked":["Well Laid Plans","Dagger Throw"],"picked":"Deadly Poison","floor":4},{"not_picked":["Infinite Blades","PiercingWail"],"picked":"Dagger Throw","floor":5},{"not_picked":["Underhanded Strike","Flying Knee","Flechettes"],"picked":"SKIP","floor":7},{"not_picked":["Flying Knee","Flechettes"],"picked":"Underhanded Strike","floor":7},{"not_picked":["Tools of the Trade","Quick Slash"],"picked":"Caltrops","floor":8},{"not_picked":["Deflect","Prepared"],"picked":"Poisoned Stab","floor":13},{"not_picked":["Prepared","All Out Attack"],"picked":"PiercingWail","floor":14},{"not_picked":["Bullet Time","Burst"],"picked":"Doppelganger","floor":16},{"not_picked":["All Out Attack+1","Deadly Poison"],"picked":"Catalyst","floor":18},{"not_picked":["Predator","Deadly Poison+1"],"picked":"Cloak And Dagger","floor":19},{"not_picked":["Dagger Spray","Flying Knee"],"picked":"Poisoned Stab","floor":21},{"not_picked":["Outmaneuver","Acrobatics+1"],"picked":"Backstab+1","floor":24},{"not_picked":["Prepared","Dagger Throw"],"picked":"Reflex","floor":27},{"not_picked":["Tools of the Trade+1","Dagger Throw+1"],"picked":"Leg Sweep","floor":29},{"not_picked":["Acrobatics","Poisoned Stab"],"picked":"Catalyst","floor":30},{"not_picked":["Bane","Sucker Punch","Dagger Throw"],"picked":"SKIP","floor":31},{"not_picked":["Burst","Venomology"],"picked":"Adrenaline","floor":33},{"not_picked":["Finisher+1","Sucker Punch"],"picked":"Noxious Fumes+1","floor":35},{"not_picked":["Dodge and Roll","Terror"],"picked":"PiercingWail+1","floor":42}],"player_experience":330314,"relics_obtained":[{"floor":8,"key":"Blood Vial"},{"floor":9,"key":"Frozen Egg 2"},{"floor":13,"key":"Bottled Tornado"},{"floor":24,"key":"Centennial Puzzle"},{"floor":26,"key":"Bottled Flame"},{"floor":43,"key":"Anchor"}],"event_choices":[{"damage_healed":0,"gold_gain":0,"player_choice":"Paid Gold","damage_taken":0,"relics_obtained":["Calipers"],"max_hp_gain":0,"max_hp_loss":0,"event_name":"WeMeetAgain","floor":11,"gold_loss":72},{"damage_healed":0,"gold_gain":0,"player_choice":"Opened","damage_taken":0,"relics_obtained":["The Courier"],"max_hp_gain":0,"max_hp_loss":0,"event_name":"The Mausoleum","floor":22,"gold_loss":0},{"cards_removed":["Poisoned Stab"],"damage_healed":0,"gold_gain":0,"player_choice":"Removed Attack","damage_taken":0,"max_hp_gain":0,"max_hp_loss":0,"event_name":"Falling","floor":36,"gold_loss":0},{"damage_healed":0,"gold_gain":0,"player_choice":"Ignored","damage_taken":0,"max_hp_gain":0,"max_hp_loss":0,"event_name":"Mysterious Sphere","floor":38,"gold_loss":0},{"damage_healed":0,"gold_gain":0,"player_choice":"Got Potions","damage_taken":0,"max_hp_gain":0,"max_hp_loss":0,"event_name":"Lab","floor":41,"gold_loss":0}],"is_beta":false,"boss_relics":[{"not_picked":["Orrery","Tiny House"],"picked":"Sozu"},{"not_picked":["Philosopher\u0027s Stone","Black Star"],"picked":"Eternal Feather"}],"items_purged_floors":[37,39],"is_endless":false,"potions_floor_spawned":[4,5,8,13,16,27,29,30,33,35,42],"killed_by":"Spire Growth","ascension_level":0}