{"gold_per_floor":[114,114,128,53,71,71,98,98,98,133,133,133,149,169,169,268,268,284,25,25,25,39,74,86,0,27,27,38,51,71,89,89,190,190,201,86,106,120,131,131,131,158,185,185,220,220,249,249,249,249,249,249,46,46],"floor_reached":54,"playtime":5044,"items_purged":["Strike_B","Doubt"],"score":1135,"play_id":"d0e9cc89-22ab-4324-aa88-7419250a5e01","local_time":"20190126000519","is_ascension_mode":true,"campfire_choices":[{"data":"Coolheaded","floor":6,"key":"SMITH"},{"floor":12,"key":"REST"},{"data":"Zap","floor":15,"key":"SMITH"},{"floor":27,"key":"REST"},{"floor":32,"key":"REST"},{"floor":40,"key":"REST"},{"data":"Defragment","floor":44,"key":"SMITH"},{"floor":46,"key":"RECALL"},{"data":"Capacitor","floor":49,"key":"SMITH"},{"data":"Defragment","floor":52,"key":"SMITH"}],"neow_cost":"NONE","seed_source_timestamp":278788964792139,"circlet_count":0,"master_deck":["Strike_B+1","Strike_B+1","Defend_B","Defend_B","Defend_B","Zap+1","Dualcast","Coolheaded+1","Glacier","Coolheaded","Beam Cell","Melter","Barrage","Gash","Seek","Cold Snap","Capacitor+1","Gash","Gash","Recycle","Gash+1","FTL","Defragment+1","Coolheaded","Glacier","Fission","Barrage","Chill","Coolheaded+1","Hologram","Rainbow","Coolheaded","PanicButton","Barrage","Double Energy","Defragment+1","Glacier+1","Go for the Eyes"],"relics":["Cracked Core","Whetstone","Strawberry","Symbiotic Virus","Boot","Runic Pyramid","Omamori","Ornamental Fan","Gambling Chip","Dream Catcher","Philosopher\u0027s Stone","Art of War","Bag of Marbles","Smiling Mask"],"potions_floor_usage":[23,23,30,31,45,45,47,54],"damage_taken":[{"damage":7,"enemies":"Small Slimes","floor":1,"turns":2},{"damage":0,"enemies":"Cultist","floor":3,"turns":4},{"damage":0,"enemies":"2 Louse","floor":5,"turns":2},{"damage":19,"enemies":"3 Sentries","floor":7,"turns":15},{"damage":8,"enemies":"Lagavulin","floor":10,"turns":11},{"damage":13,"enemies":"Large Slime","floor":13,"turns":3},{"damage":4,"enemies":"Gremlin Gang","floor":14,"turns":5},{"damage":21,"enemies":"Slime Boss","floor":16,"turns":11},{"damage":4,"enemies":"3 Byrds","floor":18,"turns":4},{"damage":27,"enemies":"2 Thieves","floor":22,"turns":4},{"damage":16,"enemies":"Gremlin Leader","floor":23,"turns":7},{"damage":5,"enemies":"Centurion and Healer","floor":24,"turns":5},{"damage":0,"enemies":"3 Cultists","floor":28,"turns":5},{"damage":9,"enemies":"Snake Plant","floor":29,"turns":3},{"damage":0,"enemies":"Cultist and Chosen","floor":30,"turns":5},{"damage":3,"enemies":"Snecko","floor":31,"turns":6},{"damage":24,"enemies":"Automaton","floor":33,"turns":9},{"damage":4,"enemies":"Orb Walker","floor":35,"turns":4},{"damage":21,"enemies":"3 Shapes","floor":37,"turns":4},{"damage":8,"enemies":"3 Darklings","floor":38,"turns":5},{"damage":16,"enemies":"Sphere and 2 Shapes","floor":39,"turns":4},{"damage":10,"enemies":"Nemesis","floor":42,"turns":9},{"damage":0,"enemies":"Reptomancer","floor":45,"turns":9},{"damage":8,"enemies":"Nemesis","floor":47,"turns":6},{"damage":34,"enemies":"Donu and Deca","floor":50,"turns":13},{"damage":77,"enemies":"Shield and Spear","floor":54,"turns":5}],"seed_played":"8903820396110534225","potions_obtained":[{"floor":1,"key":"GamblersBrew"},{"floor":10,"key":"LiquidBronze"},{"floor":14,"key":"FearPotion"},{"floor":16,"key":"SkillPotion"},{"floor":24,"key":"FocusPotion"},{"floor":28,"key":"SkillPotion"},{"floor":31,"key":"SkillPotion"},{"floor":35,"key":"Weak Potion"},{"floor":38,"key":"Explosive Potion"}],"is_trial":false,"path_per_floor":["M","?","M","$","M","R","E","$","T","E","?","R","M","M","R","B",null,"M","$","?","?","M","E","M","$","T","R","M","M","M","M","R","B",null,"M","$","M","M","M","R","?","E","T","R","E","R","E","?","R","B",null,"R","$","E"],"character_chosen":"DEFECT","items_purchased":["Capacitor","Gash","Omamori","Defragment","Coolheaded","PanicButton","Barrage","PowerPotion","Swift Potion","SkillPotion"],"campfire_rested":4,"item_purchase_floors":[19,19,19,25,25,36,36,53,53,53],"current_hp_per_floor":[61,61,61,61,61,61,49,49,49,41,34,58,45,41,41,20,67,63,63,63,63,36,20,15,15,15,39,39,30,30,27,51,27,68,64,64,43,35,19,43,64,54,54,54,54,54,46,82,82,48,74,74,74,0],"gold":46,"neow_bonus":"RANDOM_COMMON_RELIC","is_prod":false,"is_daily":false,"chose_seed":false,"campfire_upgraded":5,"win_rate":0,"timestamp":1548482719,"path_taken":["M","?","M","$","?","R","E","?","T","E","?","R","M","M","R","BOSS","M","$","?","?","M","E","?","?","T","R","M","M","M","M","R","BOSS","M","$","M","M","M","R","?","E","T","R","E","R","E","?","R","BOSS","R","$","E"],"build_version":"2019-01-23","purchased_purges":2,"victory":false,"max_hp_per_floor":[75,75,75,75,75,75,82,82,82,82,82,82,82,82,82,82,82,82,82,82,82,82,82,82,82,82,82,82,82,82,82,82,82,82,82,82,82,82,82,82,82,82,82,82,82,82,82,82,82,82,82,82,82,82],"card_choices":[{"not_picked":["Scrape","Hologram"],"picked":"Coolheaded","floor":1},{"not_picked":["Steam Power","Undo"],"picked":"Glacier","floor":3},{"not_picked":["Tempest","Cold Snap"],"picked":"Coolheaded","floor":5},{"not_picked":["Go for the Eyes","Conserve Battery"],"picked":"Beam Cell","floor":7},{"not_picked":["Machine Learning","Coolheaded"],"picked":"Melter","floor":10},{"not_picked":["Streamline","Compile Driver"],"picked":"Barrage","floor":13},{"not_picked":["Coolheaded","Consume"],"picked":"Gash","floor":14},{"not_picked":["Thunder Strike","Meteor Strike"],"picked":"Seek","floor":16},{"not_picked":["Sweeping Beam","Consume"],"picked":"Cold Snap","floor":18},{"not_picked":["Leap","Sweeping Beam"],"picked":"Recycle","floor":22},{"not_picked":["Redo","Lockon"],"picked":"Gash+1","floor":23},{"not_picked":["Conserve Battery","Undo"],"picked":"FTL","floor":24},{"not_picked":["Ball Lightning","Conserve Battery+1"],"picked":"Glacier","floor":27},{"not_picked":["Hello World","Aggregate"],"picked":"Fission","floor":28},{"not_picked":["Sunder","Consume+1"],"picked":"Barrage","floor":29},{"not_picked":["Ball Lightning","Auto Shields"],"picked":"Chill","floor":30},{"not_picked":["Compile Driver+1","Self Repair"],"picked":"Coolheaded+1","floor":31},{"not_picked":["Storm+1","Conserve Battery"],"picked":"Hologram","floor":32},{"not_picked":["Buffer","Echo Form"],"picked":"Rainbow","floor":33},{"not_picked":["Redo","Cold Snap"],"picked":"Coolheaded","floor":35},{"not_picked":["Cold Snap","Hologram"],"picked":"Double Energy","floor":37},{"not_picked":["Hologram+1","Compile Driver","Redo"],"picked":"SKIP","floor":38},{"not_picked":["Sweeping Beam","Redo","Chill+1"],"picked":"SKIP","floor":39},{"not_picked":["Conserve Battery","Scrape+1"],"picked":"Defragment","floor":42},{"not_picked":["Buffer","Reinforced Body"],"picked":"Glacier+1","floor":45},{"not_picked":["Steam","Melter"],"picked":"Go for the Eyes","floor":47}],"player_experience":571020,"relics_obtained":[{"floor":7,"key":"Strawberry"},{"floor":9,"key":"Symbiotic Virus"},{"floor":10,"key":"Boot"},{"floor":23,"key":"Gambling Chip"},{"floor":26,"key":"Dream Catcher"},{"floor":42,"key":"Art of War"},{"floor":45,"key":"Bag of Marbles"},{"floor":47,"key":"Smiling Mask"}],"event_choices":[{"cards_removed":["Strike_B"],"damage_healed":0,"gold_gain":0,"player_choice":"Offered Basic","damage_taken":0,"max_hp_gain":0,"max_hp_loss":0,"event_name":"Bonfire Elementals","floor":2,"gold_loss":0},{"cards_removed":["Defend_B"],"damage_healed":0,"gold_gain":0,"player_choice":"Card Removal","damage_taken":7,"max_hp_gain":0,"max_hp_loss":0,"event_name":"Golden Wing","floor":11,"gold_loss":0},{"damage_healed":0,"gold_gain":0,"player_choice":"Opened","damage_taken":0,"relics_obtained":["Ornamental Fan"],"max_hp_gain":0,"max_hp_loss":0,"event_name":"The Mausoleum","floor":20,"gold_loss":0,"cards_obtained":["Writhe"]},{"damage_healed":0,"gold_gain":0,"player_choice":"Copied","damage_taken":0,"max_hp_gain":0,"max_hp_loss":0,"event_name":"Duplicator","floor":21,"gold_loss":0,"cards_obtained":["Gash"]},{"damage_healed":21,"gold_gain":0,"player_choice":"Writhe","damage_taken":0,"max_hp_gain":0,"max_hp_loss":0,"event_name":"Winding Halls","floor":41,"gold_loss":0,"cards_obtained":["Writhe"]},{"damage_healed":36,"gold_gain":0,"player_choice":"Heal","damage_taken":0,"max_hp_gain":0,"max_hp_loss":0,"event_name":"MindBloom","floor":48,"gold_loss":0,"cards_obtained":["Doubt"]}],"is_beta":false,"boss_relics":[{"not_picked":["Fusion Hammer","Inserter"],"picked":"Runic Pyramid"},{"not_picked":["Astrolabe","Busted Crown"],"picked":"Philosopher\u0027s Stone"}],"items_purged_floors":[4,53],"is_endless":false,"potions_floor_spawned":[1,10,14,16,24,28,31,35,38,39],"killed_by":"Shield and Spear","ascension_level":8}