{"gold_per_floor":[117,133,150,150,27,27,41,41,41,41,41,41,59,33,33,138,138,153,188,34,49,76,76,90,125,125,125],"floor_reached":27,"playtime":988,"items_purged":[],"score":232,"play_id":"38a45add-4950-41a0-bea4-085e2560a111","local_time":"20190202003418","is_ascension_mode":true,"campfire_choices":[{"data":"Zap","floor":6,"key":"SMITH"},{"data":"Dualcast","floor":8,"key":"SMITH"},{"data":"Glacier","floor":12,"key":"SMITH"},{"data":"Redo","floor":15,"key":"SMITH"},{"floor":23,"key":"REST"}],"neow_cost":"NONE","seed_source_timestamp":476690313419963,"circlet_count":0,"master_deck":["Strike_B","Strike_B","Strike_B","Defend_B","Defend_B","Defend_B","Defend_B","Zap+1","Dualcast+1","Hologram","Turbo","Glacier+1","Ball Lightning","Ball Lightning","Coolheaded","Redo+1","Loop","Defragment","Leap","Creative AI","Streamline+1","Hologram","Ball Lightning+1","Double Energy+1","Static Discharge+1","Fission"],"relics":["Cracked Core","Pen Nib","Dodecahedron","White Beast Statue","Red Mask","Dream Catcher","Happy Flower","PreservedInsect","Anchor"],"potions_floor_usage":[16,18,19,19,19,21,25,25,27],"damage_taken":[{"damage":0,"enemies":"Small Slimes","floor":1,"turns":4},{"damage":6,"enemies":"2 Louse","floor":2,"turns":3},{"damage":1,"enemies":"Jaw Worm","floor":3,"turns":4},{"damage":10,"enemies":"Blue Slaver","floor":7,"turns":3},{"damage":2,"enemies":"Exordium Thugs","floor":13,"turns":4},{"damage":9,"enemies":"The Guardian","floor":16,"turns":9},{"damage":16,"enemies":"Shell Parasite","floor":18,"turns":5},{"damage":36,"enemies":"Masked Bandits","floor":19,"turns":3},{"damage":0,"enemies":"Chosen","floor":21,"turns":3},{"damage":18,"enemies":"Sentry and Sphere","floor":24,"turns":5},{"damage":34,"enemies":"Gremlin Leader","floor":25,"turns":4},{"damage":4,"enemies":"Slavers","floor":27,"turns":1}],"seed_played":"2778032806798742712","potions_obtained":[{"floor":3,"key":"SteroidPotion"},{"floor":13,"key":"LiquidBronze"},{"floor":16,"key":"EntropicBrew"},{"floor":18,"key":"Regen Potion"},{"floor":19,"key":"Swift Potion"},{"floor":21,"key":"Dexterity Potion"},{"floor":24,"key":"Weak Potion"},{"floor":25,"key":"PowerPotion"}],"is_trial":false,"path_per_floor":["M","M","M","?","$","R","M","R","T","?","$","R","M","$","R","B",null,"M","?","$","M","T","R","M","E","T","E"],"character_chosen":"DEFECT","items_purchased":["Ball Lightning","Coolheaded","Redo","Leap","Dream Catcher"],"campfire_rested":1,"item_purchase_floors":[5,5,5,14,20],"current_hp_per_floor":[75,69,68,61,61,61,51,51,51,48,48,48,46,46,46,37,75,59,32,32,32,32,54,36,2,2,0],"gold":125,"neow_bonus":"THREE_CARDS","is_prod":false,"is_daily":false,"chose_seed":false,"campfire_upgraded":4,"win_rate":0,"timestamp":1549035258,"path_taken":["M","M","M","?","$","R","M","R","T","?","?","R","M","$","R","BOSS","M","?","$","M","?","R","M","E","T","E"],"build_version":"2019-01-23","purchased_purges":0,"victory":false,"max_hp_per_floor":[75,75,75,75,75,75,75,75,75,75,75,75,75,75,75,75,75,75,75,75,75,75,75,75,75,75,75],"card_choices":[{"not_picked":["Beam Cell","Sweeping Beam"],"picked":"Hologram","floor":0},{"not_picked":["Gash","Hologram"],"picked":"Turbo","floor":1},{"not_picked":["Hologram","Rebound"],"picked":"Glacier","floor":2},{"not_picked":["Streamline","Lockon"],"picked":"Ball Lightning","floor":3},{"not_picked":["Steam","Chaos"],"picked":"Loop","floor":7},{"not_picked":["Blizzard","All For One"],"picked":"Defragment","floor":13},{"not_picked":["Amplify","Machine Learning"],"picked":"Creative AI","floor":16},{"not_picked":["Reinforced Body","Barrage"],"picked":"Streamline+1","floor":18},{"not_picked":["Static Discharge","Sweeping Beam"],"picked":"Hologram","floor":19},{"not_picked":["Static Discharge","Barrage"],"picked":"Ball Lightning+1","floor":21},{"not_picked":["Steam Power+1","Blizzard"],"picked":"Double Energy+1","floor":23},{"not_picked":["Chill","Ball Lightning+1"],"picked":"Static Discharge+1","floor":24},{"not_picked":["Chaos+1","Barrage+1"],"picked":"Fission","floor":25}],"player_experience":57045,"relics_obtained":[{"floor":9,"key":"Pen Nib"},{"floor":19,"key":"Red Mask"},{"floor":22,"key":"Happy Flower"},{"floor":25,"key":"PreservedInsect"},{"floor":26,"key":"Anchor"}],"event_choices":[{"cards_removed":["Strike_B"],"damage_healed":0,"gold_gain":0,"player_choice":"Card Removal","damage_taken":7,"max_hp_gain":0,"max_hp_loss":0,"event_name":"Golden Wing","floor":4,"gold_loss":0},{"damage_healed":0,"gold_gain":0,"player_choice":"Success","damage_taken":3,"relics_obtained":["Dodecahedron"],"max_hp_gain":0,"max_hp_loss":0,"event_name":"Scrap Ooze","floor":10,"gold_loss":0},{"damage_healed":0,"gold_gain":0,"player_choice":"Fought Bandits","damage_taken":0,"max_hp_gain":0,"max_hp_loss":0,"event_name":"Masked Bandits","floor":19,"gold_loss":0}],"is_beta":false,"boss_relics":[{"not_picked":["Calling Bell","Coffee Dripper"],"picked":"White Beast Statue"}],"items_purged_floors":[],"is_endless":false,"potions_floor_spawned":[3,13,16,18,19,21,24,25],"killed_by":"Slavers","ascension_level":1}