{"gold_per_floor":[116,41,41,52,52,52,77,89,89,100,100,116,116,216,216,312,312,330,330,344,344,104,104,104,104,104,116,151,51,66,66,66,66],"floor_reached":33,"playtime":972,"items_purged":["Strike_G","Strike_G","Strike_G"],"score":381,"play_id":"3f345e41-2600-4012-a267-d564ac9927fa","local_time":"20181127223059","is_ascension_mode":true,"campfire_choices":[{"data":"Flash of Steel","floor":6,"key":"SMITH"},{"data":"Doppelganger","floor":13,"key":"SMITH"},{"data":"Neutralize","floor":15,"key":"SMITH"},{"data":"Caltrops","floor":23,"key":"SMITH"},{"data":"Backstab","floor":25,"key":"SMITH"},{"floor":32,"key":"REST"}],"neow_cost":"TEN_PERCENT_HP_LOSS","seed_source_timestamp":14447606217751,"circlet_count":0,"master_deck":["Defend_G+1","Defend_G","Defend_G+1","Defend_G","Defend_G","Survivor","Neutralize+1","Flash of Steel+1","Dramatic Entrance","Caltrops+1","Quick Slash","Backstab+1","Skewer","Terror","Doppelganger+1","Sucker Punch","Tools of the Trade","Backflip","Flash of Steel+1","Pain","Die Die Die","Backflip"],"relics":["Ring of the Snake","The Courier","War Paint","Cursed Key","Lee\u0027s Waffle","FossilizedHelix","Orichalcum"],"potions_floor_usage":[7,20,28,33,33],"damage_taken":[{"damage":0,"enemies":"2 Louse","floor":1,"turns":2},{"damage":2,"enemies":"Jaw Worm","floor":4,"turns":6},{"damage":10,"enemies":"3 Sentries","floor":7,"turns":9},{"damage":0,"enemies":"Small Slimes","floor":8,"turns":2},{"damage":0,"enemies":"Gremlin Gang","floor":10,"turns":6},{"damage":0,"enemies":"Large Slime","floor":12,"turns":5},{"damage":36,"enemies":"Hexaghost","floor":16,"turns":12},{"damage":17,"enemies":"2 Thieves","floor":18,"turns":4},{"damage":0,"enemies":"Shell Parasite","floor":20,"turns":5},{"damage":10,"enemies":"Snecko","floor":27,"turns":6},{"damage":24,"enemies":"Gremlin Leader","floor":28,"turns":6},{"damage":3,"enemies":"Snake Plant","floor":30,"turns":3},{"damage":58,"enemies":"Champ","floor":33,"turns":15}],"seed_played":"-5593691032072129860","potions_obtained":[{"floor":4,"key":"Block Potion"},{"floor":7,"key":"Weak Potion"},{"floor":12,"key":"Dexterity Potion"},{"floor":16,"key":"Energy Potion"},{"floor":30,"key":"SkillPotion"}],"is_trial":false,"path_per_floor":["M","$","?","M","?","R","E","M","T","M","?","M","R","?","R","B",null,"M","T","M","T","$","R","?","R","T","M","E","$","M","?","R","B"],"character_chosen":"THE_SILENT","items_purchased":["Lee\u0027s Waffle"],"campfire_rested":1,"item_purchase_floors":[22],"current_hp_per_floor":[63,63,63,61,61,61,51,51,51,51,51,51,51,51,51,15,51,34,34,34,34,70,70,70,70,70,60,36,36,33,33,54,0],"gold":66,"neow_bonus":"RANDOM_COLORLESS_2","is_prod":false,"is_daily":false,"chose_seed":false,"campfire_upgraded":5,"win_rate":0,"timestamp":1543357859,"path_taken":["M","$","?","M","?","R","E","M","T","M","?","?","R","?","R","BOSS","M","?","?","?","?","R","?","R","T","?","E","$","M","?","R","BOSS"],"build_version":"2018-11-15","purchased_purges":3,"victory":false,"max_hp_per_floor":[63,63,63,63,63,63,63,63,63,63,63,63,63,63,63,63,63,63,63,63,63,70,70,70,70,70,70,70,70,70,70,70,70],"card_choices":[{"not_picked":["Masterful Stab","Poisoned Stab"],"picked":"Caltrops","floor":1},{"not_picked":["Dodge and Roll","Calculated Gamble"],"picked":"Quick Slash","floor":4},{"not_picked":["Wraith Form v2","Dodge and Roll"],"picked":"Backstab","floor":7},{"not_picked":["Blur","Deadly Poison"],"picked":"Skewer","floor":8},{"not_picked":["Underhanded Strike","Flechettes"],"picked":"Terror","floor":10},{"not_picked":["Prepared","Cloak And Dagger"],"picked":"Sucker Punch","floor":12},{"not_picked":["Phantasmal Killer","Storm of Steel"],"picked":"Tools of the Trade","floor":16},{"not_picked":["Infinite Blades","Catalyst"],"picked":"Backflip","floor":18},{"not_picked":["Deadly Poison","Bane","Poisoned Stab+1"],"picked":"SKIP","floor":20},{"not_picked":["Poisoned Stab+1","Slice","All Out Attack"],"picked":"SKIP","floor":27},{"not_picked":["Setup+1","Sucker Punch"],"picked":"Die Die Die","floor":28},{"not_picked":["Catalyst","Dash+1"],"picked":"Backflip","floor":30}],"player_experience":214372,"relics_obtained":[{"floor":7,"key":"The Courier"},{"floor":9,"key":"War Paint"},{"floor":26,"key":"FossilizedHelix"},{"floor":28,"key":"Orichalcum"}],"event_choices":[{"damage_healed":0,"gold_gain":0,"player_choice":"Ignored","damage_taken":0,"max_hp_gain":0,"max_hp_loss":0,"event_name":"Liars Game","floor":3,"gold_loss":0},{"cards_removed":["Strike_G"],"damage_healed":0,"gold_gain":0,"player_choice":"Forget","damage_taken":0,"max_hp_gain":0,"max_hp_loss":0,"event_name":"Living Wall","floor":5,"gold_loss":0},{"damage_healed":0,"gold_gain":0,"cards_transformed":["Strike_G"],"player_choice":"Transformed","damage_taken":0,"max_hp_gain":0,"max_hp_loss":0,"event_name":"Transmorgrifier","floor":11,"gold_loss":0,"cards_obtained":["Doppelganger"]},{"damage_healed":0,"gold_gain":100,"player_choice":"Pray","damage_taken":0,"max_hp_gain":0,"max_hp_loss":0,"event_name":"Golden Shrine","floor":14,"gold_loss":0},{"damage_healed":0,"gold_gain":0,"player_choice":"Copied","damage_taken":0,"max_hp_gain":0,"max_hp_loss":0,"event_name":"Duplicator","floor":24,"gold_loss":0,"cards_obtained":["Flash of Steel"]},{"damage_healed":0,"gold_gain":0,"player_choice":"Ignored","damage_taken":0,"max_hp_gain":0,"max_hp_loss":0,"event_name":"Beggar","floor":31,"gold_loss":0}],"is_beta":false,"boss_relics":[{"not_picked":["Snecko Eye","Eternal Feather"],"picked":"Cursed Key"}],"items_purged_floors":[2,22,29],"is_endless":false,"potions_floor_spawned":[4,7,12,16,30],"killed_by":"Champ","ascension_level":9}