{"gold_per_floor":[117,75,75,85,103,103,122,149,149,168,187,206,216,243,243,339,339,352,352,18,28,42,57,57,57,110,128,128,157,71,104,104,104],"floor_reached":33,"playtime":1069,"items_purged":["Defend_R"],"score":431,"play_id":"12202b5d-711f-409b-a23c-f0ee510a3041","local_time":"20181105223021","is_ascension_mode":true,"campfire_choices":[{"data":"Uppercut","floor":6,"key":"SMITH"},{"data":"True Grit","floor":15,"key":"SMITH"},{"data":"Forethought","floor":24,"key":"SMITH"},{"data":"Rage","floor":28,"key":"SMITH"},{"floor":32,"key":"REST"}],"neow_cost":"NONE","seed_source_timestamp":7672549045984,"circlet_count":0,"master_deck":["Strike_R","Strike_R","Strike_R","Strike_R","Strike_R","Defend_R","Defend_R","Defend_R","Bash","Forethought+1","Uppercut+1","Rage+1","Pommel Strike","Thunderclap","Pommel Strike+1","Pommel Strike+1","True Grit+1","Iron Wave+1","Bludgeon+1","Bloodletting+1","Clash+1","Panacea","Clash+1","Dropkick+1","Pommel Strike+1","Deep Breath","Clash+1"],"relics":["Black Blood","Molten Egg 2","Gremlin Horn","Dream Catcher","FaceOfCleric","Vajra","Tiny Chest","Dodecahedron","Strawberry"],"potions_floor_usage":[7,18,21,31,33,33],"damage_taken":[{"damage":3,"enemies":"2 Louse","floor":1,"turns":4},{"damage":5,"enemies":"Small Slimes","floor":4,"turns":3},{"damage":10,"enemies":"Jaw Worm","floor":5,"turns":4},{"damage":5,"enemies":"Gremlin Gang","floor":7,"turns":5},{"damage":20,"enemies":"Lagavulin","floor":8,"turns":7},{"damage":9,"enemies":"Blue Slaver","floor":10,"turns":5},{"damage":0,"enemies":"Red Slaver","floor":11,"turns":3},{"damage":6,"enemies":"Looter","floor":12,"turns":3},{"damage":9,"enemies":"Exordium Thugs","floor":13,"turns":3},{"damage":17,"enemies":"3 Sentries","floor":14,"turns":6},{"damage":29,"enemies":"Hexaghost","floor":16,"turns":9},{"damage":27,"enemies":"3 Byrds","floor":18,"turns":5},{"damage":10,"enemies":"2 Thieves","floor":21,"turns":4},{"damage":11,"enemies":"3 Cultists","floor":22,"turns":5},{"damage":15,"enemies":"Snake Plant","floor":23,"turns":4},{"damage":10,"enemies":"Centurion and Healer","floor":27,"turns":4},{"damage":14,"enemies":"Gremlin Leader","floor":29,"turns":4},{"damage":25,"enemies":"Slavers","floor":31,"turns":4},{"damage":83,"enemies":"Champ","floor":33,"turns":9}],"seed_played":"-1088195133222302994","potions_obtained":[{"floor":5,"key":"Fire Potion"},{"floor":7,"key":"Dexterity Potion"},{"floor":8,"key":"Strength Potion"},{"floor":10,"key":"BloodPotion"},{"floor":14,"key":"Fire Potion"},{"floor":18,"key":"FearPotion"},{"floor":31,"key":"PowerPotion"}],"is_trial":false,"path_per_floor":["M","?","?","M","M","R","M","E","T","M","M","M","M","E","R","B",null,"M","?","$","M","M","M","R","?","T","M","R","E","$","E","R","B"],"character_chosen":"IRONCLAD","items_purchased":["Clash+1","Vajra","Panacea","Deep Breath"],"campfire_rested":1,"item_purchase_floors":[20,20,20,30],"current_hp_per_floor":[75,75,75,76,72,72,73,59,59,56,62,62,59,48,48,25,66,57,57,57,58,58,54,54,54,54,55,55,52,52,45,72,0],"gold":104,"neow_bonus":"RANDOM_COLORLESS","is_prod":false,"is_daily":false,"chose_seed":false,"campfire_upgraded":4,"win_rate":0,"timestamp":1541457021,"path_taken":["M","?","?","M","M","R","M","E","T","M","M","?","?","E","R","BOSS","M","?","$","M","M","?","R","?","T","M","R","E","?","E","R","BOSS"],"build_version":"2018-11-01","purchased_purges":1,"victory":false,"max_hp_per_floor":[80,80,80,80,80,80,80,80,80,80,80,80,80,80,80,80,80,80,80,80,81,82,83,83,83,83,84,84,85,85,93,93,93],"card_choices":[{"not_picked":["Armaments","Shrug It Off"],"picked":"Uppercut","floor":1},{"not_picked":["Evolve","Perfected Strike"],"picked":"Rage","floor":4},{"not_picked":["Dark Embrace","Body Slam"],"picked":"Pommel Strike","floor":5},{"not_picked":["Disarm","True Grit"],"picked":"Thunderclap","floor":7},{"not_picked":["Twin Strike","Havoc","Dual Wield"],"picked":"SKIP","floor":8},{"not_picked":["Clash+1","Shrug It Off"],"picked":"Pommel Strike+1","floor":10},{"not_picked":["Twin Strike+1","Dark Embrace"],"picked":"Pommel Strike+1","floor":11},{"not_picked":["Warcry","Flex"],"picked":"True Grit","floor":12},{"not_picked":["Headbutt+1","Armaments"],"picked":"Iron Wave+1","floor":13},{"not_picked":["Rupture","Wild Strike+1","Warcry"],"picked":"SKIP","floor":14},{"not_picked":["Impervious","Exhume"],"picked":"Bludgeon+1","floor":16},{"not_picked":["Sword Boomerang+1","Havoc"],"picked":"Bloodletting+1","floor":18},{"not_picked":["Fire Breathing","Uppercut+1"],"picked":"Clash+1","floor":21},{"not_picked":["Flame Barrier+1","Evolve","Thunderclap+1"],"picked":"SKIP","floor":22},{"not_picked":["Searing Blow+1","Wild Strike+1","Perfected Strike+1"],"picked":"SKIP","floor":23},{"not_picked":["Blood for Blood+1","Entrench","Headbutt+1"],"picked":"SKIP","floor":27},{"not_picked":["Havoc","Searing Blow+2"],"picked":"Pommel Strike+1","floor":29},{"not_picked":["Shrug It Off+1","Infernal Blade"],"picked":"Clash+1","floor":31}],"player_experience":115201,"relics_obtained":[{"floor":8,"key":"Molten Egg 2"},{"floor":9,"key":"Gremlin Horn"},{"floor":14,"key":"Dream Catcher"},{"floor":26,"key":"Tiny Chest"},{"floor":29,"key":"Dodecahedron"},{"floor":31,"key":"Strawberry"}],"event_choices":[{"damage_healed":0,"gold_gain":0,"player_choice":"Left Gold","damage_taken":0,"max_hp_gain":0,"max_hp_loss":0,"event_name":"World of Goop","floor":2,"gold_loss":42},{"damage_healed":0,"gold_gain":0,"player_choice":"Ignored","damage_taken":0,"max_hp_gain":0,"max_hp_loss":0,"event_name":"Liars Game","floor":3,"gold_loss":0},{"damage_healed":0,"gold_gain":0,"player_choice":"Trade","damage_taken":0,"relics_obtained":["FaceOfCleric"],"max_hp_gain":0,"max_hp_loss":0,"event_name":"FaceTrader","floor":19,"gold_loss":0},{"damage_healed":0,"gold_gain":0,"player_choice":"Read","damage_taken":0,"max_hp_gain":0,"max_hp_loss":0,"event_name":"The Library","floor":25,"gold_loss":0,"cards_obtained":["Dropkick"]}],"is_beta":false,"boss_relics":[{"not_picked":["Runic Pyramid","Fusion Hammer"],"picked":"Black Blood"}],"items_purged_floors":[20],"is_endless":false,"potions_floor_spawned":[5,7,8,10,12,13,14,18,31],"killed_by":"Champ","ascension_level":7}