{"gold_per_floor":[115,39,0,0,0,0,0,17,40,40,52,17,27,37,37,112,112,123,173,0,0,19,19,19],"floor_reached":24,"playtime":491,"items_purged":[],"score":340,"play_id":"3bc39a38-0b8b-4094-9d01-113b3bdd68ea","local_time":"20190110234401","is_ascension_mode":true,"campfire_choices":[{"data":"Metamorphosis","floor":6,"key":"SMITH"},{"data":"Armaments","floor":15,"key":"SMITH"},{"data":"Feel No Pain","floor":23,"key":"SMITH"}],"neow_cost":"TEN_PERCENT_HP_LOSS","seed_source_timestamp":18334717357411,"circlet_count":0,"master_deck":["AscendersBane","Strike_R","Strike_R","Strike_R","Strike_R","Strike_R","Defend_R","Defend_R","Defend_R","Defend_R","Bash","Bandage Up","Metamorphosis+1","Spot Weakness","Feel No Pain+1","Armaments+1","Combust","Dark Embrace"],"relics":["Burning Blood","FaceOfCleric","Anchor","Blood Vial","Coffee Dripper"],"potions_floor_usage":[13,16,18],"damage_taken":[{"damage":35,"enemies":"Small Slimes","floor":1,"turns":5},{"damage":5,"enemies":"2 Louse","floor":8,"turns":4},{"damage":7,"enemies":"Cultist","floor":11,"turns":4},{"damage":15,"enemies":"Exordium Thugs","floor":13,"turns":4},{"damage":19,"enemies":"Red Slaver","floor":14,"turns":5},{"damage":9,"enemies":"Slime Boss","floor":16,"turns":6},{"damage":42,"enemies":"Chosen","floor":18,"turns":6},{"damage":38,"enemies":"2 Thieves","floor":22,"turns":4},{"damage":23,"enemies":"Slavers","floor":24,"turns":2}],"seed_played":"2151313878543808716","potions_obtained":[{"floor":1,"key":"FearPotion"},{"floor":11,"key":"Dexterity Potion"},{"floor":14,"key":"GamblersBrew"}],"is_trial":false,"path_per_floor":["M","$","?","$","?","R","$","M","T","T","M","?","M","M","R","B",null,"M","?","?","$","M","R","E"],"character_chosen":"IRONCLAD","items_purchased":["Feel No Pain"],"campfire_rested":0,"item_purchase_floors":[2],"current_hp_per_floor":[43,43,43,43,43,43,43,49,49,49,55,70,62,56,56,60,70,41,41,41,41,16,16,0],"gold":19,"neow_bonus":"RANDOM_COLORLESS_2","is_prod":false,"is_daily":false,"chose_seed":false,"campfire_upgraded":3,"win_rate":0,"timestamp":1547163841,"path_taken":["M","$","?","$","?","R","$","?","T","?","?","?","M","M","R","BOSS","M","?","?","?","M","R","E"],"build_version":"2019-01-03v4","purchased_purges":0,"victory":false,"max_hp_per_floor":[68,68,68,68,68,68,68,69,69,69,70,70,71,72,72,73,73,74,74,74,74,75,75,75],"card_choices":[{"not_picked":["Twin Strike","Anger"],"picked":"Spot Weakness","floor":1},{"not_picked":["Iron Wave","Heavy Blade","Armaments"],"picked":"SKIP","floor":8},{"not_picked":["Iron Wave","Heavy Blade"],"picked":"Armaments","floor":8},{"not_picked":["Bloodletting","Pummel","Burning Pact"],"picked":"SKIP","floor":11},{"not_picked":["Wild Strike","Anger"],"picked":"Combust","floor":13},{"not_picked":["Searing Blow","Clothesline","Heavy Blade"],"picked":"SKIP","floor":14},{"not_picked":["Feed","Demon Form"],"picked":"Dark Embrace","floor":16},{"not_picked":["Carnage+1","Warcry","Dropkick"],"picked":"SKIP","floor":18},{"not_picked":["Warcry","Pommel Strike","Entrench"],"picked":"SKIP","floor":22}],"player_experience":365263,"relics_obtained":[{"floor":9,"key":"Anchor"},{"floor":10,"key":"Blood Vial"}],"event_choices":[{"damage_healed":0,"gold_gain":0,"player_choice":"Left Gold","damage_taken":0,"max_hp_gain":0,"max_hp_loss":0,"event_name":"World of Goop","floor":3,"gold_loss":39},{"damage_healed":0,"gold_gain":0,"player_choice":"Trade","damage_taken":0,"relics_obtained":["FaceOfCleric"],"max_hp_gain":0,"max_hp_loss":0,"event_name":"FaceTrader","floor":5,"gold_loss":0},{"damage_healed":17,"gold_gain":0,"player_choice":"Healed","damage_taken":0,"max_hp_gain":0,"max_hp_loss":0,"event_name":"The Cleric","floor":12,"gold_loss":35},{"damage_healed":0,"gold_gain":50,"player_choice":"Stole From Cult","damage_taken":0,"max_hp_gain":0,"max_hp_loss":0,"event_name":"Nest","floor":19,"gold_loss":0},{"damage_healed":0,"gold_gain":0,"player_choice":"Paid Fearfully","damage_taken":0,"max_hp_gain":0,"max_hp_loss":0,"event_name":"Masked Bandits","floor":20,"gold_loss":173}],"is_beta":false,"boss_relics":[{"not_picked":["Empty Cage","Black Star"],"picked":"Coffee Dripper"}],"items_purged_floors":[],"is_endless":false,"potions_floor_spawned":[1,11,14],"killed_by":"Slavers","ascension_level":17}