{"gold_per_floor":[114,114,134,84,84,118,118,159,159,159,178,213,213,46,46,141,141,154,167,167,192,39,75,75,145,171,171,246,246,9,47,47,143,143,164,183,405,424,54,54,85,85,137,137,208,208,239,239,239,239],"floor_reached":51,"playtime":4137,"items_purged":["Injury"],"score":1380,"play_id":"c3eee2a0-8765-4e53-bd84-2c91f451d031","local_time":"20190129144312","is_ascension_mode":true,"campfire_choices":[{"data":"Neutralize","floor":7,"key":"SMITH"},{"data":"Caltrops","floor":10,"key":"SMITH"},{"data":"Dash","floor":13,"key":"SMITH"},{"data":"Noxious Fumes","floor":15,"key":"SMITH"},{"floor":24,"key":"REST"},{"data":"Caltrops","floor":27,"key":"SMITH"},{"data":"Blur","floor":29,"key":"SMITH"},{"data":"Caltrops","floor":32,"key":"SMITH"},{"data":"Burst","floor":40,"key":"SMITH"},{"data":"Well Laid Plans","floor":42,"key":"SMITH"},{"data":"Blur","floor":44,"key":"SMITH"},{"data":"Finesse","floor":46,"key":"SMITH"},{"data":"Backflip","floor":49,"key":"SMITH"}],"neow_cost":"NONE","seed_source_timestamp":1627891491486576,"circlet_count":0,"master_deck":["AscendersBane","Defend_G","Defend_G","Defend_G","Defend_G","Defend_G","Strike_G","Strike_G","Strike_G","Survivor","Neutralize+1","Infinite Blades","Blur+1","Caltrops+1","Caltrops+1","Dash+1","Noxious Fumes+1","Cloak And Dagger","Die Die Die","Blur+1","Sucker Punch+1","Backflip+1","Corpse Explosion","Dash","Caltrops+1","Burst+1","Well Laid Plans+1","Finesse+1","Backflip","Writhe"],"relics":["Ring of the Snake","NeowsBlessing","Golden Idol","Pear","Strawberry","Matryoshka","Meat on the Bone","Sozu","MutagenicStrength","Ancient Tea Set","Bronze Scales","Tiny Chest","Blood Vial","Bag of Preparation","The Courier","Pantograph","Oddly Smooth Stone","Vajra","Red Mask","Philosopher\u0027s Stone","Turnip","Ornamental Fan","Pen Nib","Blue Candle","Regal Pillow"],"potions_floor_usage":[8,8,12,17],"damage_taken":[{"damage":0,"enemies":"2 Louse","floor":1,"turns":1},{"damage":0,"enemies":"Jaw Worm","floor":3,"turns":1},{"damage":0,"enemies":"Lagavulin","floor":6,"turns":1},{"damage":25,"enemies":"Gremlin Nob","floor":8,"turns":5},{"damage":0,"enemies":"Cultist","floor":11,"turns":5},{"damage":20,"enemies":"Lagavulin","floor":12,"turns":9},{"damage":3,"enemies":"Hexaghost","floor":16,"turns":9},{"damage":1,"enemies":"3 Byrds","floor":18,"turns":3},{"damage":11,"enemies":"Spheric Guardian","floor":19,"turns":5},{"damage":10,"enemies":"Snecko","floor":21,"turns":6},{"damage":34,"enemies":"Gremlin Leader","floor":23,"turns":8},{"damage":11,"enemies":"Book of Stabbing","floor":25,"turns":5},{"damage":0,"enemies":"Masked Bandits","floor":31,"turns":2},{"damage":8,"enemies":"Automaton","floor":33,"turns":10},{"damage":0,"enemies":"3 Shapes","floor":35,"turns":4},{"damage":18,"enemies":"3 Darklings","floor":36,"turns":3},{"damage":43,"enemies":"Transient","floor":38,"turns":5},{"damage":9,"enemies":"Reptomancer","floor":41,"turns":6},{"damage":21,"enemies":"Giant Head","floor":47,"turns":10},{"damage":29,"enemies":"Awakened One","floor":50,"turns":11}],"seed_played":"-2225266188451314214","potions_obtained":[{"floor":1,"key":"AttackPotion"},{"floor":6,"key":"GamblersBrew"},{"floor":11,"key":"Swift Potion"},{"floor":12,"key":"Swift Potion"},{"floor":16,"key":"Fruit Juice"}],"is_trial":false,"path_per_floor":["M","?","M","?","?","E","R","E","T","R","M","E","R","$","R","B",null,"M","M","?","M","$","E","R","E","T","R","T","R","$","?","R","B",null,"M","M","?","M","$","R","E","R","T","R","T","R","E","?","R","B",null],"character_chosen":"THE_SILENT","items_purchased":["Noxious Fumes","Cloak And Dagger","Ancient Tea Set","Oddly Smooth Stone","Vajra","Turnip","Well Laid Plans","Finesse"],"campfire_rested":1,"item_purchase_floors":[14,14,22,30,30,39,39,39],"current_hp_per_floor":[59,59,59,59,59,69,69,51,51,51,51,31,31,31,31,40,77,76,65,65,55,55,33,59,48,48,48,48,48,48,50,50,69,83,85,69,69,40,40,40,45,45,45,45,45,45,38,60,60,58],"gold":239,"neow_bonus":"THREE_ENEMY_KILL","is_prod":false,"is_daily":false,"chose_seed":false,"campfire_upgraded":12,"win_rate":0,"timestamp":1548801792,"path_taken":["M","?","M","?","?","E","R","E","T","R","?","E","R","$","R","BOSS","M","?","?","M","$","E","R","E","T","R","?","R","$","?","R","BOSS","M","M","?","M","$","R","E","R","T","R","?","R","E","?","R","BOSS"],"build_version":"2019-01-23","purchased_purges":1,"victory":true,"max_hp_per_floor":[66,66,66,66,66,76,76,83,83,83,83,83,83,83,83,83,88,88,88,88,88,88,88,88,88,88,88,88,88,88,88,88,88,88,88,88,88,88,88,88,88,88,88,88,88,88,88,88,88,88],"card_choices":[{"not_picked":["Heel Hook","Flechettes"],"picked":"Infinite Blades","floor":1},{"not_picked":["Blade Dance","Outmaneuver","Flechettes"],"picked":"SKIP","floor":3},{"not_picked":["Terror","Outmaneuver"],"picked":"Blur","floor":6},{"not_picked":["PiercingWail","Backflip"],"picked":"Caltrops","floor":8},{"not_picked":["Backflip","Calculated Gamble"],"picked":"Caltrops","floor":11},{"not_picked":["Choke","All Out Attack"],"picked":"Dash","floor":12},{"not_picked":["Bullet Time","Night Terror"],"picked":"Die Die Die","floor":16},{"not_picked":["Acrobatics","Slice"],"picked":"Blur","floor":18},{"not_picked":["Dagger Spray","Deadly Poison"],"picked":"Sucker Punch+1","floor":19},{"not_picked":["Bane","Distraction"],"picked":"Backflip","floor":21},{"not_picked":["Dodge and Roll","Riddle With Holes"],"picked":"Corpse Explosion","floor":23},{"not_picked":["Endless Agony","Terror"],"picked":"Dash","floor":25},{"not_picked":["Calculated Gamble","Slice"],"picked":"Caltrops","floor":31},{"not_picked":["Die Die Die","Wraith Form v2"],"picked":"Burst","floor":33},{"not_picked":["Dagger Spray","Quick Slash","Poisoned Stab"],"picked":"SKIP","floor":35},{"not_picked":["Concentrate+1","PiercingWail","Cloak And Dagger"],"picked":"SKIP","floor":36},{"not_picked":["Blade Dance","Setup","Sucker Punch"],"picked":"SKIP","floor":38},{"not_picked":["Poisoned Stab","Endless Agony","Bane"],"picked":"SKIP","floor":41},{"not_picked":["Storm of Steel","Deadly Poison"],"picked":"Backflip","floor":47}],"player_experience":526857,"relics_obtained":[{"floor":6,"key":"Pear"},{"floor":8,"key":"Strawberry"},{"floor":9,"key":"Matryoshka"},{"floor":12,"key":"Meat on the Bone"},{"floor":23,"key":"Bronze Scales"},{"floor":25,"key":"Tiny Chest"},{"floor":26,"key":"Blood Vial"},{"floor":26,"key":"Bag of Preparation"},{"floor":28,"key":"The Courier"},{"floor":28,"key":"Pantograph"},{"floor":31,"key":"Red Mask"},{"floor":41,"key":"Ornamental Fan"},{"floor":43,"key":"Pen Nib"},{"floor":45,"key":"Blue Candle"},{"floor":47,"key":"Regal Pillow"}],"event_choices":[{"damage_healed":0,"gold_gain":0,"player_choice":"Take Wound","damage_taken":0,"relics_obtained":["Golden Idol"],"max_hp_gain":0,"max_hp_loss":0,"event_name":"Golden Idol","floor":2,"gold_loss":0,"cards_obtained":["Injury"]},{"cards_removed":["Strike_G"],"damage_healed":0,"gold_gain":0,"player_choice":"Card Removal","damage_taken":0,"max_hp_gain":0,"max_hp_loss":0,"event_name":"The Cleric","floor":4,"gold_loss":50},{"cards_removed":["Strike_G"],"damage_healed":0,"gold_gain":0,"player_choice":"Offered Basic","damage_taken":0,"max_hp_gain":0,"max_hp_loss":0,"event_name":"Bonfire Elementals","floor":5,"gold_loss":0},{"damage_healed":0,"gold_gain":0,"player_choice":"Inject Mutagens","damage_taken":0,"relics_obtained":["MutagenicStrength"],"max_hp_gain":0,"max_hp_loss":0,"event_name":"Drug Dealer","floor":20,"gold_loss":0},{"damage_healed":0,"gold_gain":0,"player_choice":"Fought Bandits","damage_taken":0,"max_hp_gain":0,"max_hp_loss":0,"event_name":"Masked Bandits","floor":31,"gold_loss":0},{"damage_healed":0,"gold_gain":222,"player_choice":"Wore Mask","damage_taken":0,"max_hp_gain":0,"max_hp_loss":0,"event_name":"Tomb of Lord Red Mask","floor":37,"gold_loss":0},{"damage_healed":22,"gold_gain":0,"player_choice":"Writhe","damage_taken":0,"max_hp_gain":0,"max_hp_loss":0,"event_name":"Winding Halls","floor":48,"gold_loss":0,"cards_obtained":["Writhe"]}],"is_beta":false,"boss_relics":[{"not_picked":["Lizard Tail","Empty Cage"],"picked":"Sozu"},{"not_picked":["Ring of the Serpent","HoveringKite"],"picked":"Philosopher\u0027s Stone"}],"items_purged_floors":[14],"is_endless":false,"potions_floor_spawned":[1,6,11,12,16,21,23,31,41,47],"ascension_level":14}