{"gold_per_floor":[159,159,84,101,101,101,101,128,151,169,183,212,260,278,278,382,382,397,417,417,83,183,183,213,213,213,248,267,267,281,301,301,396,396,408,419,419,430,9,27,27,44,44,44,63,63,76,88,88,88],"floor_reached":51,"playtime":2604,"items_purged":["Strike_G","Defend_G","Strike_G"],"score":794,"play_id":"b1f94ac4-4448-44d6-99ee-b45511ebc859","local_time":"20181005190409","is_ascension_mode":true,"campfire_choices":[{"data":"Neutralize","floor":6.0,"key":"SMITH"},{"floor":15,"key":"REST"},{"data":"After Image","floor":23,"key":"SMITH"},{"data":"Noxious Fumes","floor":25,"key":"SMITH"},{"data":"After Image","floor":32,"key":"SMITH"},{"data":"After Image","floor":44,"key":"SMITH"},{"data":"Outmaneuver","floor":49,"key":"SMITH"}],"neow_cost":"NONE","seed_source_timestamp":0,"circlet_count":0,"master_deck":["Defend_G","Defend_G+1","Defend_G","Defend_G","Strike_G","Strike_G","Strike_G","Survivor","Neutralize+1","Noxious Fumes+1","Deadly Poison","Footwork","Malaise","Outmaneuver+1","Backflip+1","After Image+1","Blade Dance+1","Prepared+1","Well Laid Plans","Choke","Backstab","Escape Plan+1","Adrenaline+1","After Image+1","Doppelganger+1","Prepared+1","Acrobatics+1","After Image+1","Finesse+1","Backflip+1","Predator","Acrobatics+1","Outmaneuver+1"],"special_seed":0,"relics":["Tiny House","Bronze Scales","Ice Cream","Strawberry","Toxic Egg 2","Regal Pillow","Sozu","FaceOfCleric","Bird Faced Urn","Blue Candle","Red Mask","Lizard Tail","Oddly Smooth Stone","Bottled Tornado","Thread and Needle"],"potions_floor_usage":[12,12,16,24],"damage_taken":[{"damage":2.0,"enemies":"Jaw Worm","floor":1.0,"turns":6.0},{"damage":0.0,"enemies":"Cultist","floor":4.0,"turns":4.0},{"damage":7.0,"enemies":"Lagavulin","floor":8.0,"turns":7.0},{"damage":7.0,"enemies":"Small Slimes","floor":10.0,"turns":4.0},{"damage":1.0,"enemies":"2 Fungi Beasts","floor":11.0,"turns":3.0},{"damage":16,"enemies":"3 Sentries","floor":12,"turns":9},{"damage":9,"enemies":"Red Slaver","floor":14,"turns":4},{"damage":48,"enemies":"Slime Boss","floor":16,"turns":16},{"damage":12,"enemies":"3 Byrds","floor":18,"turns":3},{"damage":3,"enemies":"Chosen","floor":19,"turns":7},{"damage":19,"enemies":"Gremlin Leader","floor":24,"turns":8},{"damage":9,"enemies":"Masked Bandits","floor":27,"turns":4},{"damage":3,"enemies":"Snecko","floor":28,"turns":6},{"damage":6,"enemies":"Centurion and Healer","floor":30,"turns":5},{"damage":4,"enemies":"Snake Plant","floor":31,"turns":4},{"damage":19,"enemies":"Automaton","floor":33,"turns":14},{"damage":2,"enemies":"3 Darklings","floor":35,"turns":6},{"damage":7,"enemies":"3 Shapes","floor":36,"turns":6},{"damage":2,"enemies":"Transient","floor":38,"turns":5},{"damage":10,"enemies":"Sphere and 2 Shapes","floor":40,"turns":3},{"damage":23,"enemies":"4 Shapes","floor":42,"turns":8},{"damage":5,"enemies":"Transient","floor":45,"turns":5},{"damage":0,"enemies":"Sphere and 2 Shapes","floor":47,"turns":5},{"damage":0,"enemies":"Reptomancer","floor":48,"turns":5},{"damage":7,"enemies":"Donu and Deca","floor":50,"turns":11}],"seed_played":"5090232519701584806","potions_obtained":[{"floor":0.0,"key":"Fire Potion"},{"floor":1.0,"key":"Fire Potion"},{"floor":8.0,"key":"Strength Potion"},{"floor":11.0,"key":"AttackPotion"},{"floor":16,"key":"Dexterity Potion"}],"is_trial":false,"path_per_floor":["M","?","$","M","?","R","?","E","T","M","M","E","T","M","R","B",null,"M","M","?","$","?","R","E","R","T","?","M","?","M","M","R","B",null,"M","M","?","M","$","M","$","M","T","R","M","T","M","M","R","B"],"character_chosen":"THE_SILENT","items_purchased":["Prepared+1","Well Laid Plans","Choke","Backstab","Finesse+1","Oddly Smooth Stone","Backflip+1"],"campfire_rested":1,"item_purchase_floors":[21,21,21,21,39,39,39],"current_hp_per_floor":[73,73,73,73,73,73,48,41,48,41,40,24,24,15,54,6,82,70,67,67,67,67,67,49,49,49,49,55,55,58,63,63,55,88,87,89,85,86,86,81,81,69,69,69,77,77,90,91,91,89],"gold":88,"neow_bonus":"BOSS_RELIC","is_prod":false,"is_daily":false,"chose_seed":false,"campfire_upgraded":6,"win_rate":0,"timestamp":1538762649,"path_taken":["M","?","$","M","?","R","?","E","T","?","M","E","?","M","R","BOSS","M","M","?","$","?","R","E","R","T","?","?","?","M","M","R","BOSS","M","M","?","M","$","?","$","?","T","R","?","?","M","M","R","BOSS"],"build_version":"2018-10-04","purchased_purges":3,"victory":true,"max_hp_per_floor":[75,75,75,75,75,75,75,75,82,82,82,82,82,82,82,82,82,82,82,82,82,82,82,83,83,83,84,85,85,86,87,87,88,88,89,90,85,86,86,87,87,88,88,88,89,89,90,91,91,92],"card_choices":[{"not_picked":["Dodge and Roll","Slice"],"picked":"Noxious Fumes","floor":0.0},{"not_picked":["Cloak And Dagger","Well Laid Plans"],"picked":"Deadly Poison","floor":1.0},{"not_picked":["Skewer","PiercingWail"],"picked":"Footwork","floor":4.0},{"not_picked":["Crippling Poison","Predator"],"picked":"Malaise","floor":8.0},{"not_picked":["Masterful Stab","Slice"],"picked":"Outmaneuver","floor":10.0},{"not_picked":["Accuracy","Reflex","Crippling Poison"],"picked":"SKIP","floor":11.0},{"not_picked":["Accuracy","Finisher","Calculated Gamble"],"picked":"SKIP","floor":12},{"not_picked":["Bouncing Flask+1","Slice"],"picked":"Backflip+1","floor":14},{"not_picked":["A Thousand Cuts","Burst+1"],"picked":"After Image","floor":16},{"not_picked":["Prepared+1","PiercingWail+1"],"picked":"Blade Dance+1","floor":18},{"not_picked":["Sucker Punch+1","Flying Knee+1","Riddle With Holes"],"picked":"SKIP","floor":19},{"not_picked":["Riddle With Holes","Quick Slash"],"picked":"Escape Plan+1","floor":24},{"not_picked":["Eviscerate","Masterful Stab","PiercingWail+1"],"picked":"SKIP","floor":28},{"not_picked":["Deadly Poison+1","Eviscerate","Quick Slash"],"picked":"SKIP","floor":30},{"not_picked":["Eviscerate+1","Dagger Spray"],"picked":"After Image","floor":31},{"not_picked":["Tools of the Trade","Corpse Explosion+1"],"picked":"Doppelganger+1","floor":33},{"not_picked":["Dagger Spray+1","Tactician+1"],"picked":"Prepared+1","floor":35},{"not_picked":["Cloak And Dagger+1","Dodge and Roll+1"],"picked":"Acrobatics+1","floor":36},{"not_picked":["Outmaneuver+1","Dodge and Roll+1"],"picked":"After Image","floor":38},{"not_picked":["Sucker Punch","Catalyst+1","Caltrops+1"],"picked":"SKIP","floor":40},{"not_picked":["Flechettes","Quick Slash","Corpse Explosion+1"],"picked":"SKIP","floor":42},{"not_picked":["Finisher+1","Crippling Poison+1"],"picked":"Predator","floor":45},{"not_picked":["Riddle With Holes+1","Slice"],"picked":"Acrobatics+1","floor":47},{"not_picked":["Blade Dance+1","Slice"],"picked":"Outmaneuver+1","floor":48}],"player_experience":58604,"relics_obtained":[{"floor":8.0,"key":"Ice Cream"},{"floor":9.0,"key":"Strawberry"},{"floor":12,"key":"Toxic Egg 2"},{"floor":13,"key":"Regal Pillow"},{"floor":24,"key":"Bird Faced Urn"},{"floor":26,"key":"Blue Candle"},{"floor":27,"key":"Red Mask"},{"floor":43,"key":"Bottled Tornado"},{"floor":46,"key":"Thread and Needle"}],"event_choices":[{"event_name":"Liars Game","player_choice":"disagreed","floor":2.0,"damage_taken":0.0},{"event_name":"Golden Idol","player_choice":"Ignored","floor":5.0,"damage_taken":0.0},{"event_name":"Scrap Ooze","player_choice":"success","floor":7.0,"damage_taken":25.0},{"event_name":"FaceTrader","player_choice":"Trade","floor":20,"damage_taken":0},{"event_name":"Golden Shrine","player_choice":"Pray","floor":22,"damage_taken":0},{"event_name":"Masked Bandits","player_choice":"Fought Bandits","floor":27,"damage_taken":0},{"event_name":"The Library","player_choice":"Read","floor":29,"damage_taken":0},{"event_name":"Winding Halls","player_choice":"Max HP","floor":37,"damage_taken":0}],"is_beta":false,"boss_relics":[{"not_picked":["Calling Bell","HoveringKite"],"picked":"Sozu"},{"not_picked":["Eternal Feather","Cursed Key"],"picked":"Lizard Tail"}],"items_purged_floors":[3,21,39],"is_endless":false,"potions_floor_spawned":[1,8,10,11,16,18,19,30,31,33,38,40,45,48],"ascension_level":2}