{"gold_per_floor":[117,21,37,37,56,56,87,87,87,87,40,40,53,70,70,70],"floor_reached":16,"playtime":610,"items_purged":[],"score":175,"play_id":"6cf9389f-c0eb-402d-97ee-f95084c47629","local_time":"20190116215728","is_ascension_mode":true,"campfire_choices":[{"data":"Body Slam","floor":6,"key":"SMITH"},{"data":"Feed","floor":10,"key":"SMITH"},{"data":"Bash","floor":12,"key":"SMITH"},{"data":"Power Through","floor":15,"key":"SMITH"}],"neow_cost":"NONE","seed_source_timestamp":534283883838511,"circlet_count":0,"master_deck":["AscendersBane","Strike_R","Strike_R","Strike_R","Strike_R","Strike_R","Defend_R","Defend_R","Defend_R","Defend_R","Bash+1","PanicButton","Body Slam+1","Feed+1","Shrug It Off","Power Through+1"],"relics":["Burning Blood","NeowsBlessing","Darkstone Periapt","Anchor"],"potions_floor_usage":[7,13,16],"damage_taken":[{"damage":0,"enemies":"Cultist","floor":1,"turns":1},{"damage":0,"enemies":"2 Louse","floor":3,"turns":1},{"damage":0,"enemies":"Small Slimes","floor":5,"turns":1},{"damage":50,"enemies":"3 Sentries","floor":7,"turns":12},{"damage":5,"enemies":"Looter","floor":13,"turns":5},{"damage":0,"enemies":"Red Slaver","floor":14,"turns":3},{"damage":44,"enemies":"Hexaghost","floor":16,"turns":9}],"seed_played":"-4980369334977738697","potions_obtained":[{"floor":1,"key":"Explosive Potion"},{"floor":3,"key":"EssenceOfSteel"},{"floor":7,"key":"Weak Potion"}],"is_trial":false,"path_per_floor":["M","$","M","$","M","R","E","?","T","R","$","R","M","M","R","B"],"character_chosen":"IRONCLAD","items_purchased":["PanicButton","Shrug It Off"],"campfire_rested":0,"item_purchase_floors":[2,11],"current_hp_per_floor":[74,74,75,75,75,75,31,31,31,31,31,31,32,42,42,0],"gold":70,"neow_bonus":"THREE_ENEMY_KILL","is_prod":false,"is_daily":false,"chose_seed":false,"campfire_upgraded":4,"win_rate":0,"timestamp":1547704648,"path_taken":["M","$","?","?","?","R","E","?","T","R","$","R","M","M","R","BOSS"],"build_version":"2019-01-10","purchased_purges":0,"victory":false,"max_hp_per_floor":[75,75,75,75,75,75,75,75,75,75,75,75,75,79,79,79],"card_choices":[{"not_picked":["Spot Weakness","Reckless Charge","Sentinel"],"picked":"SKIP","floor":1},{"not_picked":["Sword Boomerang","Headbutt","Perfected Strike"],"picked":"SKIP","floor":3},{"not_picked":["Perfected Strike","Pummel"],"picked":"Body Slam","floor":5},{"not_picked":["Perfected Strike","Rampage","Bloodletting"],"picked":"SKIP","floor":7},{"not_picked":["Flex","Headbutt","Sword Boomerang"],"picked":"SKIP","floor":13},{"not_picked":["Anger","Intimidate"],"picked":"Power Through","floor":14}],"player_experience":366295,"relics_obtained":[{"floor":7,"key":"Darkstone Periapt"},{"floor":9,"key":"Anchor"}],"event_choices":[{"damage_healed":0,"gold_gain":0,"player_choice":"1 cards matched","damage_taken":0,"max_hp_gain":0,"max_hp_loss":0,"event_name":"Match and Keep!","floor":8,"gold_loss":0,"cards_obtained":["Feed"]}],"is_beta":false,"boss_relics":[],"items_purged_floors":[],"is_endless":false,"potions_floor_spawned":[1,3,7],"killed_by":"Hexaghost","ascension_level":15}