{"gold_per_floor":[117,42,42,56,69,69,86,120,120,120,132,132,151,151,151,256,256,273,290,290,306,13,13,47,47,47,47,47,47,75,91,91,189,189,204,215,215,215,230,230,51,51,78,78,89,102,117,135,135,135],"floor_reached":51,"playtime":4993,"items_purged":["Strike_R","Evolve"],"score":886,"play_id":"a20c1c65-f824-4e0f-93d0-5e068c13fcd5","local_time":"20190202032306","is_ascension_mode":true,"campfire_choices":[{"data":"Armaments","floor":6,"key":"SMITH"},{"floor":10,"key":"REST"},{"data":"Whirlwind","floor":12,"key":"SMITH"},{"data":"Shockwave","floor":15,"key":"SMITH"},{"floor":23,"key":"REST"},{"floor":29,"key":"DIG"},{"floor":32,"key":"DIG"},{"floor":40,"key":"DIG"},{"floor":42,"key":"DIG"},{"floor":44,"key":"DIG"},{"floor":49,"key":"DIG"}],"neow_cost":"NONE","seed_source_timestamp":375034864504986,"circlet_count":0,"master_deck":["Bash","Searing Blow","Whirlwind+1","Armaments+1","True Grit","Uppercut","Shrug It Off","Rage","Seeing Red","Shockwave+1","Reaper","Headbutt","Shrug It Off","Shrug It Off+1","Battle Trance","Warcry+1","Dark Embrace","Offering","Spot Weakness","Rupture","Evolve","Whirlwind","Power Through+1","Metallicize+1","Reaper","Reaper","Demon Form","Spot Weakness+1","Shrug It Off+1","Flame Barrier"],"relics":["Burning Blood","Dream Catcher","Vajra","Pantograph","Fusion Hammer","Ice Cream","Shovel","Ancient Tea Set","Bottled Flame","Paper Frog","Magic Flower","Pandora\u0027s Box","Mercury Hourglass","Dodecahedron","Anchor","Omamori","Mummified Hand"],"potions_floor_usage":[13,24,24,33,50,50],"damage_taken":[{"damage":13,"enemies":"Small Slimes","floor":1,"turns":4},{"damage":1,"enemies":"Cultist","floor":4,"turns":3},{"damage":8,"enemies":"Jaw Worm","floor":5,"turns":4},{"damage":14,"enemies":"Exordium Thugs","floor":7,"turns":5},{"damage":54,"enemies":"Gremlin Nob","floor":8,"turns":5},{"damage":6,"enemies":"Looter","floor":11,"turns":3},{"damage":0,"enemies":"Large Slime","floor":13,"turns":2},{"damage":62,"enemies":"Hexaghost","floor":16,"turns":13},{"damage":5,"enemies":"Chosen","floor":18,"turns":6},{"damage":10,"enemies":"Shell Parasite","floor":19,"turns":4},{"damage":12,"enemies":"Snake Plant","floor":21,"turns":4},{"damage":16,"enemies":"Slavers","floor":24,"turns":5},{"damage":23,"enemies":"Colosseum Slavers","floor":28,"turns":3},{"damage":2,"enemies":"Book of Stabbing","floor":30,"turns":6},{"damage":6,"enemies":"Snecko","floor":31,"turns":5},{"damage":40,"enemies":"Automaton","floor":33,"turns":12},{"damage":47,"enemies":"3 Shapes","floor":35,"turns":2},{"damage":22,"enemies":"Orb Walker","floor":36,"turns":5},{"damage":19,"enemies":"Spire Growth","floor":39,"turns":6},{"damage":14,"enemies":"4 Shapes","floor":45,"turns":6},{"damage":18,"enemies":"Writhing Mass","floor":46,"turns":6},{"damage":43,"enemies":"Sphere and 2 Shapes","floor":47,"turns":7},{"damage":0,"enemies":"4 Shapes","floor":48,"turns":1},{"damage":6,"enemies":"Time Eater","floor":50,"turns":10}],"seed_played":"-4985683111416969794","potions_obtained":[{"floor":8,"key":"EssenceOfSteel"},{"floor":11,"key":"AttackPotion"},{"floor":13,"key":"SkillPotion"},{"floor":16,"key":"Fire Potion"},{"floor":21,"key":"AttackPotion"},{"floor":35,"key":"BloodPotion"},{"floor":39,"key":"Dexterity Potion"},{"floor":45,"key":"LiquidBronze"}],"is_trial":false,"path_per_floor":["M","$","?","M","M","R","M","E","T","R","M","R","M","?","R","B",null,"M","M","?","M","$","R","E","$","T","?","?","R","E","M","R","B",null,"M","M","?","?","M","R","$","R","T","R","M","M","M","M","R","B",null],"character_chosen":"IRONCLAD","items_purchased":["Ice Cream","Demon Form"],"campfire_rested":2,"item_purchase_floors":[22,41],"current_hp_per_floor":[73,73,73,78,76,76,68,20,20,44,44,44,50,47,47,16,64,70,66,66,60,60,80,80,80,80,80,69,69,80,80,80,64,76,38,34,34,34,56,56,56,56,56,56,80,71,80,80,80,80],"gold":135,"neow_bonus":"TRANSFORM_CARD","is_prod":false,"is_daily":false,"chose_seed":false,"campfire_upgraded":3,"win_rate":0,"timestamp":1549106586,"path_taken":["M","$","?","M","M","R","?","E","T","R","M","R","M","?","R","BOSS","M","M","?","M","$","R","E","?","T","?","?","R","E","M","R","BOSS","M","M","?","?","M","R","$","R","T","R","M","M","?","M","R","BOSS"],"build_version":"2019-01-23","purchased_purges":2,"victory":true,"max_hp_per_floor":[80,80,80,80,80,80,80,80,80,80,80,80,80,80,80,80,80,80,80,80,80,80,80,80,80,80,80,80,80,80,80,80,80,80,80,80,80,80,80,80,80,80,80,80,80,80,80,80,80,80],"card_choices":[{"not_picked":["Body Slam","Bloodletting"],"picked":"Whirlwind","floor":1},{"not_picked":["Evolve","Whirlwind"],"picked":"Armaments","floor":4},{"not_picked":["Body Slam","Flex"],"picked":"True Grit","floor":5},{"not_picked":["True Grit","Fiend Fire"],"picked":"Uppercut","floor":7},{"not_picked":["Metallicize","Sentinel"],"picked":"Shrug It Off","floor":8},{"not_picked":["Uppercut","Thunderclap"],"picked":"Rage","floor":10},{"not_picked":["Cleave","Heavy Blade"],"picked":"Seeing Red","floor":11},{"not_picked":["Carnage","Dropkick"],"picked":"Shockwave","floor":13},{"not_picked":["Double Tap","Berserk"],"picked":"Reaper","floor":16},{"not_picked":["Havoc","Perfected Strike"],"picked":"Headbutt","floor":18},{"not_picked":["Heavy Blade","Thunderclap"],"picked":"Shrug It Off","floor":19},{"not_picked":["Wild Strike+1","Cleave","Pommel Strike"],"picked":"SKIP","floor":21},{"not_picked":["Bludgeon","Clash"],"picked":"Shrug It Off+1","floor":23},{"not_picked":["Sentinel","Thunderclap+1"],"picked":"Battle Trance","floor":24},{"not_picked":["Sever Soul","Clothesline"],"picked":"Warcry+1","floor":30},{"not_picked":["Infernal Blade","Thunderclap+1"],"picked":"Dark Embrace","floor":31},{"not_picked":["Demon Form","Impervious"],"picked":"Offering","floor":33},{"not_picked":["Inflame+1","Headbutt"],"picked":"Power Through+1","floor":35},{"not_picked":["Sword Boomerang","Reckless Charge"],"picked":"Metallicize+1","floor":36},{"not_picked":["Bloodletting+1","Sword Boomerang+1"],"picked":"Reaper","floor":39},{"not_picked":["Anger","Iron Wave"],"picked":"Spot Weakness+1","floor":45},{"not_picked":["Evolve","Twin Strike+1","Anger+1"],"picked":"SKIP","floor":46},{"not_picked":["Rage+1","Clash+1"],"picked":"Shrug It Off+1","floor":47},{"not_picked":["Anger","Carnage"],"picked":"Flame Barrier","floor":48}],"player_experience":399799,"relics_obtained":[{"floor":8,"key":"Dream Catcher"},{"floor":9,"key":"Vajra"},{"floor":24,"key":"Shovel"},{"floor":26,"key":"Ancient Tea Set"},{"floor":29,"key":"Bottled Flame"},{"floor":30,"key":"Paper Frog"},{"floor":32,"key":"Magic Flower"},{"floor":40,"key":"Mercury Hourglass"},{"floor":42,"key":"Dodecahedron"},{"floor":43,"key":"Anchor"},{"floor":44,"key":"Omamori"},{"floor":49,"key":"Mummified Hand"}],"event_choices":[{"cards_removed":["Strike_R"],"damage_healed":0,"gold_gain":0,"player_choice":"Purged","damage_taken":0,"max_hp_gain":0,"max_hp_loss":0,"event_name":"Purifier","floor":3,"gold_loss":0},{"damage_healed":0,"gold_gain":0,"player_choice":"Success","damage_taken":3,"relics_obtained":["Pantograph"],"max_hp_gain":0,"max_hp_loss":0,"event_name":"Scrap Ooze","floor":14,"gold_loss":0},{"cards_removed":["Defend_R"],"damage_healed":0,"gold_gain":0,"player_choice":"Purged","damage_taken":0,"max_hp_gain":0,"max_hp_loss":0,"event_name":"Purifier","floor":20,"gold_loss":0},{"damage_healed":0,"gold_gain":0,"player_choice":"Simplicity","damage_taken":0,"max_hp_gain":0,"max_hp_loss":0,"event_name":"Back to Basics","floor":27,"gold_loss":0,"cards_upgraded":["Strike_R","Strike_R","Strike_R","Defend_R","Defend_R"]},{"damage_healed":0,"gold_gain":0,"player_choice":"Fight","damage_taken":0,"max_hp_gain":0,"max_hp_loss":0,"event_name":"Colosseum","floor":28,"gold_loss":0},{"damage_healed":0,"gold_gain":0,"player_choice":"Fled From Nobs","damage_taken":0,"max_hp_gain":0,"max_hp_loss":0,"event_name":"Colosseum","floor":28,"gold_loss":0},{"damage_healed":0,"gold_gain":0,"player_choice":"Ignored","damage_taken":0,"max_hp_gain":0,"max_hp_loss":0,"event_name":"The Moai Head","floor":37,"gold_loss":0},{"damage_healed":0,"gold_gain":0,"player_choice":"Copied","damage_taken":0,"max_hp_gain":0,"max_hp_loss":0,"event_name":"Duplicator","floor":38,"gold_loss":0,"cards_obtained":["Reaper"]}],"is_beta":false,"boss_relics":[{"not_picked":["Orrery","Runic Dome"],"picked":"Fusion Hammer"},{"not_picked":["Astrolabe","Runic Cube"],"picked":"Pandora\u0027s Box"}],"items_purged_floors":[2,41],"is_endless":false,"potions_floor_spawned":[8,11,13,16,19,21,28,35,39,45,46],"ascension_level":5}