{"gold_per_floor":[366,385,397,397,27,27,46,81,136,136,149,149,149,176,176,176],"floor_reached":16,"playtime":932,"items_purged":[],"score":171,"play_id":"4f3cffb8-51ba-4176-a821-dbe8e8ba0c85","local_time":"20190114150343","is_ascension_mode":true,"campfire_choices":[{"data":"Whirlwind","floor":6,"key":"SMITH"},{"floor":10,"key":"REST"},{"floor":13,"key":"REST"},{"data":"Inflame","floor":15,"key":"SMITH"}],"neow_cost":"PERCENT_DAMAGE","seed_source_timestamp":336336317327160,"circlet_count":0,"master_deck":["AscendersBane","Strike_R+1","Strike_R","Strike_R","Strike_R+1","Strike_R","Defend_R","Defend_R","Defend_R","Defend_R","Bash","Carnage","Clothesline","Whirlwind+1","Spot Weakness","Inflame+1"],"relics":["Burning Blood","Anchor","Omamori","Potion Belt","Tiny Chest","Juzu Bracelet","Whetstone"],"potions_floor_usage":[8,8,14,16],"damage_taken":[{"damage":15,"enemies":"Small Slimes","floor":1,"turns":4},{"damage":6,"enemies":"Cultist","floor":2,"turns":3},{"damage":7,"enemies":"Jaw Worm","floor":3,"turns":2},{"damage":11,"enemies":"Looter","floor":7,"turns":3},{"damage":35,"enemies":"Lagavulin","floor":8,"turns":4},{"damage":12,"enemies":"3 Louse","floor":11,"turns":3},{"damage":20,"enemies":"Gremlin Nob","floor":14,"turns":4},{"damage":48,"enemies":"Hexaghost","floor":16,"turns":9}],"seed_played":"-8689225093255765145","potions_obtained":[{"floor":2,"key":"AttackPotion"},{"floor":3,"key":"FearPotion"},{"floor":8,"key":"Regen Potion"},{"floor":11,"key":"SpeedPotion"}],"is_trial":false,"path_per_floor":["M","M","M","?","$","R","M","E","T","R","M","T","R","E","R","B"],"character_chosen":"IRONCLAD","items_purchased":["Anchor","Omamori","Whirlwind"],"campfire_rested":2,"item_purchase_floors":[5,5,5],"current_hp_per_floor":[42,42,41,41,41,41,36,7,7,31,25,25,49,47,47,0],"gold":176,"neow_bonus":"TWO_FIFTY_GOLD","is_prod":false,"is_daily":false,"chose_seed":false,"campfire_upgraded":2,"win_rate":0,"timestamp":1547507023,"path_taken":["M","M","M","?","$","R","?","E","T","R","M","?","R","E","R","BOSS"],"build_version":"2019-01-10","purchased_purges":0,"victory":false,"max_hp_per_floor":[80,80,80,80,80,80,80,80,80,80,80,80,80,80,80,80],"card_choices":[{"not_picked":["Cleave","Combust","Dual Wield"],"picked":"SKIP","floor":1},{"not_picked":["Pommel Strike","Iron Wave"],"picked":"Carnage","floor":2},{"not_picked":["Rampage","Heavy Blade"],"picked":"Clothesline","floor":3},{"not_picked":["Pummel","Anger"],"picked":"Spot Weakness","floor":7},{"not_picked":["Flex","Seeing Red"],"picked":"Inflame","floor":8},{"not_picked":["Intimidate","Headbutt","Heavy Blade"],"picked":"SKIP","floor":11},{"not_picked":["Bludgeon","Sword Boomerang","Second Wind"],"picked":"SKIP","floor":14}],"player_experience":309014,"relics_obtained":[{"floor":8,"key":"Potion Belt"},{"floor":9,"key":"Tiny Chest"},{"floor":12,"key":"Juzu Bracelet"},{"floor":14,"key":"Whetstone"}],"event_choices":[{"damage_healed":0,"gold_gain":0,"player_choice":"Bought 0 Potions","damage_taken":0,"max_hp_gain":0,"max_hp_loss":0,"event_name":"The Woman in Blue","floor":4,"gold_loss":0}],"is_beta":false,"boss_relics":[],"items_purged_floors":[],"is_endless":false,"potions_floor_spawned":[2,3,8,11],"killed_by":"Hexaghost","ascension_level":11}