{"gold_per_floor":[117,182,193,343,36,71,27,57,80,93,93,93,116,155,155,251,251,264,314,335,285,22,22],"floor_reached":23,"playtime":1274,"items_purged":["Doubt","Strike_G"],"score":429,"play_id":"532b7847-fe52-469d-9fbe-d7a9601465f7","local_time":"20190131133711","is_ascension_mode":true,"campfire_choices":[{"floor":11,"key":"REST"},{"data":"Well Laid Plans","floor":15,"key":"SMITH"}],"neow_cost":"NONE","seed_source_timestamp":763266884278791,"circlet_count":0,"master_deck":["AscendersBane","Defend_G","Defend_G","Defend_G","Defend_G","Defend_G","Strike_G","Strike_G","Strike_G","Strike_G","Survivor","Neutralize","Backstab","All Out Attack","Well Laid Plans","Swift Strike","Sucker Punch","Endless Agony","Dodge and Roll","Dash","Deflect","Well Laid Plans+1","Die Die Die","Die Die Die","PiercingWail","Deadly Poison+1"],"relics":["Ring of the Snake","NeowsBlessing","Dream Catcher","Ornamental Fan","Smiling Mask","Golden Idol","Orichalcum","Sozu","Shuriken"],"potions_floor_usage":[16,16],"damage_taken":[{"damage":0,"enemies":"Jaw Worm","floor":1,"turns":1},{"damage":0,"enemies":"Small Slimes","floor":3,"turns":1},{"damage":0,"enemies":"Gremlin Nob","floor":6,"turns":1},{"damage":29,"enemies":"3 Sentries","floor":8,"turns":7},{"damage":0,"enemies":"Cultist","floor":10,"turns":2},{"damage":0,"enemies":"Lots of Slimes","floor":13,"turns":4},{"damage":26,"enemies":"Gremlin Nob","floor":14,"turns":5},{"damage":14,"enemies":"Slime Boss","floor":16,"turns":11},{"damage":14,"enemies":"Shell Parasite","floor":18,"turns":7},{"damage":0,"enemies":"3 Byrds","floor":20,"turns":6},{"damage":32,"enemies":"Book of Stabbing","floor":23,"turns":6}],"seed_played":"3619113544868738759","potions_obtained":[{"floor":1,"key":"Strength Potion"},{"floor":14,"key":"Block Potion"},{"floor":16,"key":"Explosive Potion"}],"is_trial":false,"path_per_floor":["M","?","M","?","$","E","$","E","T","M","R","?","M","E","R","B",null,"M","?","M","$","$","E"],"character_chosen":"THE_SILENT","items_purchased":["Well Laid Plans","Swift Strike","Strength Potion","Endless Agony","Shuriken"],"campfire_rested":1,"item_purchase_floors":[5,5,5,7,22],"current_hp_per_floor":[59,59,59,59,59,59,59,30,30,30,49,49,49,23,23,9,47,33,27,27,27,27,0],"gold":22,"neow_bonus":"THREE_ENEMY_KILL","is_prod":false,"is_daily":false,"chose_seed":false,"campfire_upgraded":1,"win_rate":0,"timestamp":1548963431,"path_taken":["M","?","M","?","$","E","?","E","T","M","R","?","M","E","R","BOSS","M","?","?","?","$","E"],"build_version":"2019-01-23","purchased_purges":2,"victory":false,"max_hp_per_floor":[66,66,66,66,66,66,66,66,66,66,66,60,60,60,60,60,60,60,60,60,60,60,60],"card_choices":[{"not_picked":["Bane","Bouncing Flask"],"picked":"Backstab","floor":1},{"not_picked":["Crippling Poison","Backflip"],"picked":"All Out Attack","floor":3},{"not_picked":["Setup","Heel Hook"],"picked":"Sucker Punch","floor":6},{"not_picked":["Catalyst","Flying Knee"],"picked":"Dodge and Roll","floor":8},{"not_picked":["Bane","Blade Dance"],"picked":"Dash","floor":10},{"not_picked":["Deadly Poison","Prepared"],"picked":"Deflect","floor":11},{"not_picked":["Quick Slash","Deflect"],"picked":"Well Laid Plans","floor":13},{"not_picked":["Deflect","Cloak And Dagger"],"picked":"Die Die Die","floor":14},{"not_picked":["Bullet Time","Wraith Form v2"],"picked":"Die Die Die","floor":16},{"not_picked":["Dodge and Roll","Masterful Stab+1"],"picked":"PiercingWail","floor":18},{"not_picked":["Blur","Prepared"],"picked":"Deadly Poison+1","floor":20}],"player_experience":640519,"relics_obtained":[{"floor":6,"key":"Dream Catcher"},{"floor":8,"key":"Ornamental Fan"},{"floor":9,"key":"Smiling Mask"},{"floor":14,"key":"Orichalcum"}],"event_choices":[{"damage_healed":0,"gold_gain":65,"player_choice":"Gained Gold","damage_taken":0,"max_hp_gain":0,"max_hp_loss":0,"event_name":"Golden Wing","floor":2,"gold_loss":0},{"damage_healed":0,"gold_gain":150,"player_choice":"AGREE","damage_taken":0,"max_hp_gain":0,"max_hp_loss":0,"event_name":"Liars Game","floor":4,"gold_loss":0,"cards_obtained":["Doubt"]},{"damage_healed":0,"gold_gain":0,"player_choice":"Lose Max HP","damage_taken":0,"relics_obtained":["Golden Idol"],"max_hp_gain":0,"max_hp_loss":6,"event_name":"Golden Idol","floor":12,"gold_loss":0},{"damage_healed":0,"gold_gain":50,"player_choice":"Touch","damage_taken":6,"max_hp_gain":0,"max_hp_loss":0,"event_name":"FaceTrader","floor":19,"gold_loss":0}],"is_beta":false,"boss_relics":[{"not_picked":["Pandora\u0027s Box","Velvet Choker"],"picked":"Sozu"}],"items_purged_floors":[5,21],"is_endless":false,"potions_floor_spawned":[1,6,14,16,20],"killed_by":"Book of Stabbing","ascension_level":17}