{"gold_per_floor":[119,44,61,80,80,80,105,105,132,132,142,142,153,166,166,241,241,255,180,78,78,78,106,106,123,123,123,123,151,151,166,166,166],"floor_reached":33,"playtime":1602,"items_purged":["Decay"],"score":487,"play_id":"e26ede24-c50e-44ac-b5ea-539fbcfa4131","local_time":"20190119154924","is_ascension_mode":true,"campfire_choices":[{"data":"Whirlwind","floor":6,"key":"SMITH"},{"data":"Whirlwind","floor":8,"key":"SMITH"},{"data":"Body Slam","floor":10,"key":"SMITH"},{"data":"Uppercut","floor":15,"key":"SMITH"},{"data":"Bandage Up","floor":24,"key":"SMITH"},{"data":"Disarm","floor":28,"key":"SMITH"},{"data":"True Grit","floor":32,"key":"SMITH"}],"neow_cost":"CURSE","seed_source_timestamp":770408964544448,"circlet_count":0,"master_deck":["AscendersBane","Strike_R+1","Strike_R","Defend_R","Defend_R","Defend_R","Bash+1","Body Slam+1","Uppercut+1","Whirlwind+1","Whirlwind+1","Armaments","Feed","Bandage Up+1","Shrug It Off","Iron Wave","Disarm+1","Necronomicurse","True Grit+1"],"relics":["Burning Blood","Strawberry","Bronze Scales","Coffee Dripper","Whetstone","FossilizedHelix","Necronomicon","Red Mask"],"potions_floor_usage":[16],"damage_taken":[{"damage":0,"enemies":"2 Louse","floor":1,"turns":2},{"damage":4,"enemies":"Cultist","floor":3,"turns":4},{"damage":9,"enemies":"Jaw Worm","floor":4,"turns":3},{"damage":62,"enemies":"Gremlin Nob","floor":7,"turns":6},{"damage":0,"enemies":"Large Slime","floor":11,"turns":3},{"damage":9,"enemies":"Blue Slaver","floor":13,"turns":3},{"damage":1,"enemies":"2 Fungi Beasts","floor":14,"turns":3},{"damage":27,"enemies":"The Guardian","floor":16,"turns":10},{"damage":9,"enemies":"Chosen","floor":18,"turns":3},{"damage":50,"enemies":"Gremlin Leader","floor":23,"turns":8},{"damage":25,"enemies":"Spheric Guardian","floor":25,"turns":4},{"damage":0,"enemies":"Masked Bandits","floor":29,"turns":1},{"damage":0,"enemies":"3 Cultists","floor":31,"turns":1},{"damage":42,"enemies":"Automaton","floor":33,"turns":6}],"seed_played":"-4076097434034630124","potions_obtained":[{"floor":13,"key":"Ancient Potion"},{"floor":14,"key":"Swift Potion"},{"floor":16,"key":"FairyPotion"}],"is_trial":false,"path_per_floor":["M","$","M","M","?","R","E","R","T","R","M","?","M","M","R","B",null,"M","?","$","?","?","E","R","M","T","?","R","?","?","M","R","B"],"character_chosen":"IRONCLAD","items_purchased":["Bandage Up"],"campfire_rested":0,"item_purchase_floors":[20],"current_hp_per_floor":[74,74,75,72,72,72,23,23,23,23,29,34,31,36,36,15,69,66,66,66,66,66,26,26,16,16,9,9,21,21,33,33,0],"gold":166,"neow_bonus":"TRANSFORM_TWO_CARDS","is_prod":false,"is_daily":false,"chose_seed":false,"campfire_upgraded":7,"win_rate":0,"timestamp":1547941764,"path_taken":["M","$","M","M","?","R","E","R","T","R","?","?","M","M","R","BOSS","M","?","$","?","?","E","R","M","T","?","R","?","?","M","R","BOSS"],"build_version":"2019-01-17v2","purchased_purges":1,"victory":false,"max_hp_per_floor":[75,75,75,75,75,75,82,82,82,82,82,87,87,87,87,87,87,87,87,87,87,87,87,87,90,90,90,90,90,90,90,90,90],"card_choices":[{"not_picked":["Warcry","Combust","Corruption"],"picked":"SKIP","floor":1},{"not_picked":["Heavy Blade","Infernal Blade"],"picked":"Whirlwind","floor":3},{"not_picked":["Burning Pact","Clash"],"picked":"Whirlwind","floor":4},{"not_picked":["Twin Strike","Juggernaut"],"picked":"Armaments","floor":7},{"not_picked":["Anger","Second Wind","Heavy Blade"],"picked":"SKIP","floor":11},{"not_picked":["Body Slam","Combust","Anger"],"picked":"SKIP","floor":13},{"not_picked":["Perfected Strike","Armaments","Pommel Strike"],"picked":"SKIP","floor":14},{"not_picked":["Fiend Fire","Barricade"],"picked":"Feed","floor":16},{"not_picked":["Clothesline","Evolve","True Grit"],"picked":"SKIP","floor":18},{"not_picked":["Juggernaut","Cleave+1"],"picked":"Iron Wave","floor":23},{"not_picked":["Heavy Blade","Iron Wave"],"picked":"Disarm","floor":25},{"not_picked":["Heavy Blade","Dual Wield","True Grit"],"picked":"SKIP","floor":31},{"not_picked":["Heavy Blade","Dual Wield"],"picked":"True Grit","floor":31}],"player_experience":403046,"relics_obtained":[{"floor":7,"key":"Strawberry"},{"floor":9,"key":"Bronze Scales"},{"floor":23,"key":"Whetstone"},{"floor":26,"key":"FossilizedHelix"},{"floor":27,"key":"Necronomicon"},{"floor":29,"key":"Red Mask"}],"event_choices":[{"damage_healed":0,"gold_gain":0,"cards_transformed":["Strike_R"],"player_choice":"Transformed","damage_taken":0,"max_hp_gain":0,"max_hp_loss":0,"event_name":"Transmorgrifier","floor":5,"gold_loss":0,"cards_obtained":["Dark Embrace"]},{"damage_healed":0,"gold_gain":0,"player_choice":"Donut","damage_taken":0,"max_hp_gain":5,"max_hp_loss":0,"event_name":"Big Fish","floor":12,"gold_loss":0},{"cards_removed":["Dark Embrace"],"damage_healed":0,"gold_gain":0,"player_choice":"Gave Gold","damage_taken":0,"max_hp_gain":0,"max_hp_loss":0,"event_name":"Beggar","floor":19,"gold_loss":75},{"damage_healed":0,"gold_gain":0,"player_choice":"Read","damage_taken":0,"max_hp_gain":0,"max_hp_loss":0,"event_name":"The Library","floor":21,"gold_loss":0,"cards_obtained":["Shrug It Off"]},{"damage_healed":0,"gold_gain":0,"player_choice":"Obtained Book","damage_taken":21,"max_hp_gain":0,"max_hp_loss":0,"event_name":"Cursed Tome","floor":27,"gold_loss":0},{"damage_healed":0,"gold_gain":0,"player_choice":"Fought Bandits","damage_taken":0,"max_hp_gain":0,"max_hp_loss":0,"event_name":"Masked Bandits","floor":29,"gold_loss":0},{"cards_removed":["Strike_R"],"damage_healed":0,"gold_gain":0,"player_choice":"Elegance","damage_taken":0,"max_hp_gain":0,"max_hp_loss":0,"event_name":"Back to Basics","floor":30,"gold_loss":0}],"is_beta":false,"boss_relics":[{"not_picked":["Runic Cube","Runic Dome"],"picked":"Coffee Dripper"}],"items_purged_floors":[2],"is_endless":false,"potions_floor_spawned":[13,14,16,23,25],"killed_by":"Automaton","ascension_level":17}