{"gold_per_floor":[112,124,136,149,149,149,168,168,194,205,224,236,262,8,8,104,104,118,43,73,91,91,91,6,6,6,19,19],"floor_reached":28,"playtime":2294,"items_purged":["Strike_R"],"score":291,"play_id":"be0084b9-47d2-4b67-ac2e-65af30528b68","local_time":"20180819035649","is_ascension_mode":true,"campfire_choices":[{"data":"Immolate","floor":6,"key":"SMITH"},{"data":"Shrug It Off","floor":8,"key":"SMITH"},{"data":"Berserk","floor":15,"key":"SMITH"},{"data":"Body Slam","floor":23,"key":"SMITH"}],"neow_cost":"TEN_PERCENT_HP_LOSS","seed_source_timestamp":1138320831657482,"circlet_count":0,"master_deck":["Strike_R+1","Defend_R","Defend_R","Defend_R","Defend_R","Bash","Immolate+1","Headbutt","Shrug It Off+1","Metallicize+1","Thunderclap","Clothesline+1","Berserk+1","Shrug It Off","Twin Strike","Inflame","Bludgeon","Shrug It Off","Limit Break","Body Slam+1","Barricade+1","Barricade+1","Shrug It Off+1","Body Slam+1","Entrench","Seeing Red+1"],"relics":["Burning Blood","Vajra","Whetstone","Astrolabe","Tiny Chest","Dream Catcher","Pantograph"],"potions_floor_usage":[16,28],"damage_taken":[{"damage":0,"enemies":"Cultist","floor":1,"turns":2},{"damage":0,"enemies":"Small Slimes","floor":2,"turns":2},{"damage":0,"enemies":"2 Louse","floor":3,"turns":1},{"damage":7,"enemies":"Exordium Wildlife","floor":4,"turns":3},{"damage":10,"enemies":"Lots of Slimes","floor":7,"turns":3},{"damage":8,"enemies":"Looter","floor":10,"turns":3},{"damage":0,"enemies":"2 Fungi Beasts","floor":11,"turns":1},{"damage":7,"enemies":"Lots of Slimes","floor":12,"turns":2},{"damage":6,"enemies":"3 Sentries","floor":13,"turns":4},{"damage":41,"enemies":"Hexaghost","floor":16,"turns":8},{"damage":3,"enemies":"Shell Parasite","floor":18,"turns":7},{"damage":17,"enemies":"2 Thieves","floor":21,"turns":3},{"damage":17,"enemies":"Centurion and Healer","floor":27,"turns":7},{"damage":73,"enemies":"Gremlin Leader","floor":28,"turns":5}],"seed_played":"2733009216965725829","potions_obtained":[{"floor":10,"key":"PowerPotion"},{"floor":11,"key":"SteroidPotion"},{"floor":12,"key":"GamblersBrew"},{"floor":13,"key":"SkillPotion"},{"floor":18,"key":"FairyPotion"},{"floor":21,"key":"Explosive Potion"}],"is_trial":false,"path_per_floor":["M","M","M","M","?","R","M","R","T","M","M","M","E","$","R","B",null,"M","$","?","M","$","R","?","?","T","M"],"character_chosen":"IRONCLAD","items_purchased":["Inflame","Bludgeon","Shrug It Off"],"campfire_rested":0,"item_purchase_floors":[14,14,14],"current_hp_per_floor":[72,72,72,71,71,71,67,67,67,65,71,70,70,70,70,35,72,72,72,72,61,61,61,61,61,61,50,0],"gold":19,"neow_bonus":"THREE_RARE_CARDS","is_prod":false,"is_daily":false,"chose_seed":false,"campfire_upgraded":4,"win_rate":0,"timestamp":1534669009,"path_taken":["M","?","M","M","?","R","?","R","T","M","M","M","E","$","R","BOSS","M","$","?","M","$","R","?","?","T","M","E"],"build_version":"2018-08-16","purchased_purges":1,"victory":false,"max_hp_per_floor":[72,72,72,72,72,72,72,72,72,72,72,72,72,72,72,72,72,72,72,72,72,72,72,72,72,72,72,72],"card_choices":[{"not_picked":["Bludgeon","Fiend Fire"],"picked":"Immolate","floor":0},{"not_picked":["Clothesline","Anger"],"picked":"Headbutt","floor":1},{"not_picked":["Clash","Blood for Blood","Thunderclap"],"picked":"SKIP","floor":2},{"not_picked":["Dual Wield","Dropkick"],"picked":"Shrug It Off","floor":3},{"not_picked":["Rage","Body Slam"],"picked":"Metallicize","floor":4},{"not_picked":["Anger","Havoc"],"picked":"Thunderclap","floor":7},{"not_picked":["Thunderclap","Rage"],"picked":"Clothesline","floor":10},{"not_picked":["Battle Trance","Searing Blow"],"picked":"Berserk","floor":11},{"not_picked":["Heavy Blade","Wild Strike"],"picked":"Shrug It Off","floor":12},{"not_picked":["Flex","Reckless Charge"],"picked":"Twin Strike","floor":13},{"not_picked":["Dark Embrace","Berserk"],"picked":"Limit Break","floor":16},{"not_picked":["Clash+1","Burning Pact"],"picked":"Shrug It Off+1","floor":18},{"not_picked":["Burning Pact","Wild Strike"],"picked":"Body Slam","floor":21},{"not_picked":["Cleave","Pommel Strike"],"picked":"Seeing Red+1","floor":27}],"player_experience":127748,"relics_obtained":[{"floor":9,"key":"Vajra"},{"floor":13,"key":"Whetstone"},{"floor":26,"key":"Pantograph"}],"event_choices":[{"event_name":"Living Wall","player_choice":"Grow","floor":5,"damage_taken":0},{"event_name":"Wheel of Change","player_choice":"Relic","floor":20,"damage_taken":0},{"event_name":"Addict","player_choice":"Obtained Relic","floor":24,"damage_taken":0},{"event_name":"The Library","player_choice":"Read","floor":25,"damage_taken":0}],"is_beta":false,"boss_relics":[{"not_picked":["Lizard Tail","Busted Crown"],"picked":"Astrolabe"}],"items_purged_floors":[19],"is_endless":false,"potions_floor_spawned":[10,11,12,13,18,21],"killed_by":"Gremlin Leader","ascension_level":4}