{"gold_per_floor":[113,126,141,155,175,175,204,220,220,295,295,308,319,339,339,441,441,459,444,444],"floor_reached":20,"playtime":1921,"items_purged":[],"score":255,"play_id":"253356b2-63f4-410c-9dd2-db902bdf4131","local_time":"20180821215827","is_ascension_mode":true,"campfire_choices":[{"data":"Chaos","floor":6,"key":"SMITH"},{"floor":11,"key":"REST"},{"data":"Zap","floor":15,"key":"SMITH"}],"neow_cost":"NONE","seed_source_timestamp":1376388961015978,"circlet_count":0,"master_deck":["Strike_B","Strike_B","Defend_B","Defend_B","Defend_B","Zap+1","Dualcast","BootSequence+1","Echo Form+1","Static Discharge+1","Redo","Streamline","Chaos+1","Reinforced Body","Conserve Battery","Consume","Redo+1","Glacier+1","Coolheaded+1","Fission+1","Cold Snap","Conserve Battery+1"],"relics":["Astrolabe","The Courier","Toxic Egg 2","Eternal Feather"],"potions_floor_usage":[7,7,16,20],"damage_taken":[{"damage":1,"enemies":"Jaw Worm","floor":1,"turns":4},{"damage":0,"enemies":"2 Louse","floor":2,"turns":4},{"damage":1,"enemies":"Cultist","floor":3,"turns":3},{"damage":7,"enemies":"3 Louse","floor":4,"turns":3},{"damage":0,"enemies":"Large Slime","floor":5,"turns":4},{"damage":14,"enemies":"Gremlin Nob","floor":7,"turns":4},{"damage":18,"enemies":"Exordium Thugs","floor":8,"turns":3},{"damage":12,"enemies":"2 Fungi Beasts","floor":12,"turns":4},{"damage":1,"enemies":"Red Slaver","floor":13,"turns":2},{"damage":5,"enemies":"Large Slime","floor":14,"turns":7},{"damage":0,"enemies":"Hexaghost","floor":16,"turns":12},{"damage":27,"enemies":"Spheric Guardian","floor":18,"turns":6},{"damage":22,"enemies":"2 Thieves","floor":19,"turns":4},{"damage":27,"floor":20,"turns":3}],"seed_played":"6618761186756969413","potions_obtained":[{"floor":1,"key":"Dexterity Potion"},{"floor":3,"key":"EssenceOfSteel"},{"floor":4,"key":"Block Potion"},{"floor":8,"key":"Strength Potion"},{"floor":14,"key":"FearPotion"},{"floor":18,"key":"FearPotion"}],"is_trial":false,"path_per_floor":["M","M","M","M","M","R","E","M","T","?","R","M","M","M","R","B",null,"M","M"],"character_chosen":"DEFECT","items_purchased":[],"campfire_rested":1,"item_purchase_floors":[],"current_hp_per_floor":[74,74,73,66,66,66,52,34,34,23,45,33,32,27,27,27,75,48,26,0],"gold":444,"neow_bonus":"BOSS_RELIC","is_prod":false,"is_daily":false,"chose_seed":false,"campfire_upgraded":2,"win_rate":0,"timestamp":1534906707,"path_taken":["M","M","M","M","M","R","E","M","T","?","R","M","M","M","R","BOSS","M","M","?"],"build_version":"2018-08-16","purchased_purges":0,"victory":false,"max_hp_per_floor":[75,75,75,75,75,75,75,75,75,75,75,75,75,75,75,75,75,75,75,75],"card_choices":[{"not_picked":["Scrape","Undo"],"picked":"Redo","floor":1},{"not_picked":["Gash","Stack"],"picked":"Streamline","floor":2},{"not_picked":["Go for the Eyes","Amplify"],"picked":"Chaos","floor":3},{"not_picked":["Blizzard","Beam Cell"],"picked":"Reinforced Body","floor":4},{"not_picked":["Steam Power","Barrage"],"picked":"Conserve Battery","floor":5},{"not_picked":["BootSequence","Stack","Sunder"],"picked":"SKIP","floor":7},{"not_picked":["Recycle","White Noise"],"picked":"Consume","floor":8},{"not_picked":["Gash","Sweeping Beam"],"picked":"Redo+1","floor":12},{"not_picked":["Stack+1","Streamline"],"picked":"Glacier+1","floor":13},{"not_picked":["Steam+1","Recycle+1"],"picked":"Coolheaded+1","floor":14},{"not_picked":["Amplify+1","Creative AI"],"picked":"Fission+1","floor":16},{"not_picked":["Conserve Battery+1","Turbo+1"],"picked":"Cold Snap","floor":18},{"not_picked":["Sweeping Beam","Leap+1"],"picked":"Conserve Battery+1","floor":19}],"player_experience":185640,"relics_obtained":[{"floor":7,"key":"The Courier"},{"floor":9,"key":"Toxic Egg 2"}],"event_choices":[{"event_name":"World of Goop","player_choice":"Gather Gold","floor":10,"damage_taken":0},{"event_name":"Masked Bandits","player_choice":"Fought Bandits","floor":20,"damage_taken":0}],"is_beta":false,"boss_relics":[{"not_picked":["Busted Crown","Lizard Tail"],"picked":"Eternal Feather"}],"items_purged_floors":[],"is_endless":false,"potions_floor_spawned":[1,3,4,8,14,18],"ascension_level":2}