{"gold_per_floor":[117,42,55,68,88,88,105,105,105,105,105,105,139,195,195,293,293,309,309,320,14,34,60,75,75,98,126,126,126,137,137,137,232,232,245,261,261,67,67,67,99,99,147,165,180,180,192,219,219,219],"floor_reached":51,"playtime":5027,"items_purged":["Pain","Strike_R","Shame"],"score":1068,"play_id":"f4292e22-fd13-4f88-a7d8-ef026abc2d76","local_time":"20180910184406","is_ascension_mode":true,"campfire_choices":[{"data":"Flex","floor":6,"key":"SMITH"},{"data":"Iron Wave","floor":8,"key":"SMITH"},{"data":"Cleave","floor":10,"key":"SMITH"},{"data":"Heavy Blade","floor":12,"key":"SMITH"},{"data":"Shrug It Off","floor":15,"key":"SMITH"},{"floor":25,"key":"REST"},{"floor":28,"key":"REST"},{"data":"Barricade","floor":32,"key":"SMITH"},{"data":"Footwork","floor":40,"key":"SMITH"},{"floor":46,"key":"REST"},{"floor":49,"key":"REST"}],"neow_cost":"CURSE","seed_source_timestamp":1016581479384618,"circlet_count":0,"master_deck":["Defend_R","Defend_R","Defend_R","Defend_R","Bash","AscendersBane","Iron Wave+1","Flex+1","Cleave+1","Heavy Blade+1","Body Slam","Shrug It Off+1","Immolate","Shrug It Off","Flex","Feed","Double Energy","Conserve Battery+1","Steam+1","Barricade+1","Terror","Infinite Blades+1","Conserve Battery","Malaise","Iron Wave+1","Rampage+1","Inflame+1","Footwork+1","Stack+1","Entrench","Backflip","Secret Technique","BootSequence","Iron Wave","Conserve Battery+1"],"relics":["Burning Blood","Torii","StoneCalendar","Turnip","Prayer Wheel","Velvet Choker","PrismaticShard","Ginger","Regal Pillow","Bronze Scales","Bag of Preparation","Astrolabe","Bird Faced Urn","Mercury Hourglass","Anchor","Oddly Smooth Stone"],"potions_floor_usage":[16,16,23,23,27,35,44,45,50,50,50],"damage_taken":[{"damage":10,"enemies":"2 Louse","floor":1,"turns":3},{"damage":1,"enemies":"Cultist","floor":3,"turns":3},{"damage":9,"enemies":"Small Slimes","floor":4,"turns":4},{"damage":9,"enemies":"Blue Slaver","floor":5,"turns":4},{"damage":1,"enemies":"3 Louse","floor":7,"turns":3},{"damage":17,"enemies":"Lagavulin","floor":13,"turns":6},{"damage":22,"enemies":"3 Sentries","floor":14,"turns":7},{"damage":34,"enemies":"Hexaghost","floor":16,"turns":14},{"damage":16,"enemies":"3 Byrds","floor":18,"turns":5},{"damage":18,"enemies":"Colosseum Slavers","floor":19,"turns":5},{"damage":11,"enemies":"Spheric Guardian","floor":20,"turns":4},{"damage":9,"enemies":"Centurion and Healer","floor":22,"turns":7},{"damage":29,"enemies":"Slavers","floor":23,"turns":4},{"damage":0,"enemies":"Sentry and Sphere","floor":24,"turns":3},{"damage":22,"enemies":"Gremlin Leader","floor":27,"turns":6},{"damage":1,"enemies":"3 Cultists","floor":30,"turns":3},{"damage":13,"enemies":"Automaton","floor":33,"turns":14},{"damage":12,"enemies":"3 Shapes","floor":35,"turns":5},{"damage":10,"enemies":"Orb Walker","floor":36,"turns":4},{"damage":0,"enemies":"Mind Bloom Boss Battle","floor":39,"turns":7},{"damage":38,"enemies":"Giant Head","floor":41,"turns":10},{"damage":70,"enemies":"Transient","floor":44,"turns":5},{"damage":11,"enemies":"3 Darklings","floor":45,"turns":5},{"damage":1,"enemies":"Reptomancer","floor":47,"turns":7},{"damage":44,"enemies":"2 Orb Walkers","floor":48,"turns":4},{"damage":54,"enemies":"Donu and Deca","floor":50,"turns":13}],"seed_played":"-8704182827931649135","potions_obtained":[{"floor":5,"key":"Dexterity Potion"},{"floor":7,"key":"Swift Potion"},{"floor":13,"key":"Dexterity Potion"},{"floor":22,"key":"Fire Potion"},{"floor":23,"key":"Explosive Potion"},{"floor":30,"key":"Fire Potion"},{"floor":35,"key":"BloodPotion"},{"floor":44,"key":"EntropicBrew"}],"is_trial":false,"path_per_floor":["M","$","M","M","M","R","M","R","T","R","?","R","E","?","R","B",null,"M","?","M","$","M","E","M","R","T","E","R","?","M","?","R","B",null,"M","M","?","$","?","R","E","?","T","M","M","R","M","E","R","B"],"character_chosen":"IRONCLAD","items_purchased":["PrismaticShard","Entrench"],"campfire_rested":4,"item_purchase_floors":[21,38],"current_hp_per_floor":[68,68,73,70,67,67,72,72,72,72,72,72,61,45,45,17,64,54,42,37,37,37,14,23,48,48,32,72,72,77,77,77,70,82,79,75,75,75,81,81,57,57,57,7,8,49,60,29,71,31],"gold":219,"neow_bonus":"ONE_RARE_RELIC","is_prod":false,"is_daily":false,"chose_seed":false,"campfire_upgraded":7,"win_rate":0,"timestamp":1536623046,"path_taken":["M","$","M","M","M","R","M","R","T","R","?","R","E","?","R","BOSS","M","?","?","$","M","E","M","R","T","E","R","?","M","?","R","BOSS","M","M","?","$","?","R","E","?","T","?","M","R","M","E","R","BOSS"],"build_version":"2018-09-06","purchased_purges":3,"victory":true,"max_hp_per_floor":[80,80,80,80,80,80,80,80,80,80,80,80,80,80,80,80,80,80,80,80,80,83,83,86,86,86,86,86,86,86,86,86,86,86,89,89,89,89,89,89,89,89,89,89,89,89,89,92,92,92],"card_choices":[{"not_picked":["Anger","Headbutt"],"picked":"Iron Wave","floor":1},{"not_picked":["Fire Breathing","Searing Blow"],"picked":"Shrug It Off","floor":3},{"not_picked":["Havoc","Sword Boomerang"],"picked":"Flex","floor":4},{"not_picked":["Pummel","Iron Wave"],"picked":"Cleave","floor":5},{"not_picked":["Reckless Charge","Pummel"],"picked":"Heavy Blade","floor":7},{"not_picked":["Hemokinesis","Twin Strike"],"picked":"Body Slam","floor":13},{"not_picked":["Body Slam","Wild Strike"],"picked":"Shrug It Off","floor":14},{"not_picked":["Exhume","Bludgeon"],"picked":"Immolate","floor":16},{"not_picked":["Bloodletting","Twin Strike"],"picked":"Shrug It Off","floor":18},{"not_picked":["Twin Strike","Headbutt"],"picked":"Flex","floor":18},{"not_picked":["Pummel","Dropkick"],"picked":"Feed","floor":20},{"not_picked":["Clothesline","Fire Breathing+1","Rupture+1"],"picked":"SKIP","floor":20},{"not_picked":["Doom and Gloom","Lockon+1"],"picked":"Double Energy","floor":22},{"not_picked":["Bane","Leap+1"],"picked":"Conserve Battery+1","floor":22},{"not_picked":["Rip and Tear","Gash"],"picked":"Steam+1","floor":23},{"not_picked":["Flex","Shrug It Off+1"],"picked":"Barricade","floor":24},{"not_picked":["Ball Lightning+1","Concentrate","Dodge and Roll"],"picked":"SKIP","floor":24},{"not_picked":["Sweeping Beam+1","Compile Driver+1"],"picked":"Terror","floor":27},{"not_picked":["Tactician","Dagger Spray"],"picked":"Infinite Blades+1","floor":30},{"not_picked":["Dagger Spray+1","Predator"],"picked":"Conserve Battery","floor":30},{"not_picked":["Offering","Venomology"],"picked":"Malaise","floor":33},{"not_picked":["Glacier+1","Turbo"],"picked":"Footwork","floor":35},{"not_picked":["Go for the Eyes+1","Beam Cell","Prepared+1"],"picked":"SKIP","floor":35},{"not_picked":["Beam Cell+1","Sucker Punch+1"],"picked":"Stack+1","floor":36},{"not_picked":["Underhanded Strike+1","Dagger Spray+1","Wild Strike+1"],"picked":"SKIP","floor":36},{"not_picked":["Enlightenment","White Noise+1"],"picked":"Backflip","floor":39},{"not_picked":["Barrage","Cloak And Dagger+1"],"picked":"Secret Technique","floor":41},{"not_picked":["Streamline","Choke"],"picked":"BootSequence","floor":44},{"not_picked":["Whirlwind","Underhanded Strike+1","Heel Hook+1"],"picked":"SKIP","floor":44},{"not_picked":["Gash+1","Gash+1"],"picked":"Iron Wave","floor":45},{"not_picked":["Cleave+1","Iron Wave+1"],"picked":"Conserve Battery+1","floor":45},{"not_picked":["Sword Boomerang","Blood for Blood","Armaments"],"picked":"SKIP","floor":47},{"not_picked":["Thunderclap","Barrage+1","Havoc"],"picked":"SKIP","floor":47},{"not_picked":["Transmutation","Setup+1","PiercingWail"],"picked":"SKIP","floor":48}],"player_experience":300944,"relics_obtained":[{"floor":9,"key":"StoneCalendar"},{"floor":13,"key":"Turnip"},{"floor":14,"key":"Prayer Wheel"},{"floor":23,"key":"Ginger"},{"floor":26,"key":"Regal Pillow"},{"floor":27,"key":"Bronze Scales"},{"floor":39,"key":"Bird Faced Urn"},{"floor":41,"key":"Mercury Hourglass"},{"floor":43,"key":"Anchor"},{"floor":48,"key":"Oddly Smooth Stone"}],"event_choices":[{"event_name":"Accursed Blacksmith","player_choice":"Forge","floor":11,"damage_taken":0},{"event_name":"Dead Adventurer","player_choice":"Searched \u00272\u0027 times","floor":14,"damage_taken":0},{"event_name":"Colosseum","player_choice":"Fight","floor":19,"damage_taken":0},{"event_name":"Colosseum","player_choice":"Fled From Nobs","floor":19,"damage_taken":0},{"event_name":"Purifier","player_choice":"One Purge","floor":29,"damage_taken":0},{"event_name":"Addict","player_choice":"Stole Relic","floor":31,"damage_taken":0},{"event_name":"SensoryStone","player_choice":"Memory 1","floor":37,"damage_taken":0},{"event_name":"MindBloom","player_choice":"Fight","floor":39,"damage_taken":0},{"event_name":"Falling","player_choice":"Removed Skill","floor":42,"damage_taken":0}],"is_beta":false,"boss_relics":[{"not_picked":["Busted Crown","Philosopher\u0027s Stone"],"picked":"Velvet Choker"},{"not_picked":["Runic Cube","Pandora\u0027s Box"],"picked":"Astrolabe"}],"items_purged_floors":[2,21,38],"is_endless":false,"potions_floor_spawned":[5,7,13,14,19,22,23,30,35,44,45],"ascension_level":10}