{"gold_per_floor":[112,125,144,14,14,14,49,49,49,64,7,23,43,43,43,114,114,131,15,15,15,15,15,35,35],"floor_reached":25,"playtime":480,"items_purged":[],"score":382,"play_id":"f423b5d7-1571-4521-a73e-e0e9e82932e0","local_time":"20190115221632","is_ascension_mode":true,"campfire_choices":[{"data":"Backstab","floor":6,"key":"SMITH"},{"data":"Slice","floor":8,"key":"SMITH"},{"data":"Cloak And Dagger","floor":15,"key":"SMITH"},{"data":"Cloak And Dagger","floor":23,"key":"SMITH"}],"neow_cost":"NONE","seed_source_timestamp":15335395708833,"circlet_count":0,"master_deck":["AscendersBane","Defend_G","Defend_G","Defend_G","Defend_G","Defend_G","Strike_G","Strike_G","Strike_G","Strike_G","Survivor","Neutralize+1","Predator","Slice+1","Backstab+1","Backstab","Accuracy","Dodge and Roll","Deflect","Cloak And Dagger+1","Accuracy","Distraction","Storm of Steel","Cloak And Dagger+1","Cloak And Dagger+1","Infinite Blades"],"relics":["Ring of the Snake","Question Card","Mercury Hourglass","Eternal Feather"],"potions_floor_usage":[4,16,25],"damage_taken":[{"damage":0,"enemies":"Cultist","floor":1,"turns":4},{"damage":0,"enemies":"Small Slimes","floor":2,"turns":4},{"damage":1,"enemies":"Jaw Worm","floor":3,"turns":4},{"damage":37,"enemies":"Lagavulin","floor":7,"turns":6},{"damage":0,"enemies":"Looter","floor":10,"turns":1},{"damage":0,"enemies":"3 Louse","floor":12,"turns":2},{"damage":4,"enemies":"Exordium Thugs","floor":13,"turns":4},{"damage":20,"enemies":"Hexaghost","floor":16,"turns":13},{"damage":19,"enemies":"Spheric Guardian","floor":18,"turns":4},{"damage":17,"enemies":"Shell Parasite","floor":24,"turns":5},{"damage":35,"enemies":"Book of Stabbing","floor":25,"turns":2}],"seed_played":"-5199353970776498768","potions_obtained":[{"floor":3,"key":"Fruit Juice"},{"floor":7,"key":"Poison Potion"},{"floor":12,"key":"Ancient Potion"}],"is_trial":false,"path_per_floor":["M","M","M","$","?","R","E","R","T","M","$","M","M","?","R","B",null,"M","$","?","$","?","R","M","E"],"character_chosen":"THE_SILENT","items_purchased":["Backstab","Accuracy","Cloak And Dagger","Cloak And Dagger","Infinite Blades"],"campfire_rested":0,"item_purchase_floors":[4,4,11,19,19],"current_hp_per_floor":[59,59,58,63,63,63,26,26,26,26,26,26,22,22,22,2,54,35,35,35,35,35,50,33,0],"gold":35,"neow_bonus":"UPGRADE_CARD","is_prod":false,"is_daily":false,"chose_seed":false,"campfire_upgraded":4,"win_rate":0,"timestamp":1547590592,"path_taken":["M","M","?","$","?","R","E","R","T","M","$","M","?","?","R","BOSS","M","$","?","$","?","R","M","E"],"build_version":"2019-01-10","purchased_purges":0,"victory":false,"max_hp_per_floor":[66,66,66,71,71,71,71,71,71,71,71,71,71,71,71,71,71,71,71,71,71,71,71,71,71],"card_choices":[{"not_picked":["Blade Dance","Backflip"],"picked":"Predator","floor":1},{"not_picked":["Masterful Stab","Dodge and Roll"],"picked":"Slice","floor":2},{"not_picked":["Well Laid Plans","Acrobatics"],"picked":"Backstab","floor":3},{"not_picked":["Unload","Predator"],"picked":"Dodge and Roll","floor":7},{"not_picked":["Sucker Punch","Dash","Eviscerate"],"picked":"Deflect","floor":10},{"not_picked":["Footwork","Skewer","Distraction"],"picked":"Accuracy","floor":12},{"not_picked":["Predator","Flying Knee","Quick Slash"],"picked":"Distraction","floor":13},{"not_picked":["Venomology","Envenom","Doppelganger"],"picked":"Storm of Steel","floor":16},{"not_picked":["Deadly Poison+1","Slice","Tactician"],"picked":"Cloak And Dagger+1","floor":18},{"not_picked":["Flying Knee","Prepared","Dagger Throw","Finisher"],"picked":"SKIP","floor":24}],"player_experience":395432,"relics_obtained":[{"floor":7,"key":"Question Card"},{"floor":9,"key":"Mercury Hourglass"}],"event_choices":[{"damage_healed":0,"gold_gain":0,"player_choice":"Ignored","damage_taken":0,"max_hp_gain":0,"max_hp_loss":0,"event_name":"WeMeetAgain","floor":5,"gold_loss":0},{"damage_healed":0,"gold_gain":0,"player_choice":"Searched \u00270\u0027 times","damage_taken":0,"max_hp_gain":0,"max_hp_loss":0,"event_name":"Dead Adventurer","floor":14,"gold_loss":0},{"cards_removed":["Strike_G"],"damage_healed":0,"gold_gain":0,"player_choice":"Purged","damage_taken":0,"max_hp_gain":0,"max_hp_loss":0,"event_name":"Purifier","floor":22,"gold_loss":0}],"is_beta":false,"boss_relics":[{"not_picked":["Black Star","Lizard Tail"],"picked":"Eternal Feather"}],"items_purged_floors":[],"is_endless":false,"potions_floor_spawned":[3,7,12],"killed_by":"Book of Stabbing","ascension_level":18}