{"gold_per_floor":[119,48,48,63,82,82,96,126,150,150,164,182,182,158,158,256,256,276,52,62,82,181,181,181,181,181,181,181,181,19,19],"floor_reached":31,"playtime":547,"items_purged":[],"score":353,"play_id":"9a7bd033-f0b4-409b-b0ca-0982f1238716","local_time":"20181201223038","is_ascension_mode":true,"campfire_choices":[{"data":"Caltrops","floor":6,"key":"SMITH"},{"data":"Noxious Fumes","floor":10,"key":"SMITH"},{"data":"Poisoned Stab","floor":13,"key":"SMITH"},{"floor":15,"key":"REST"},{"data":"Well Laid Plans","floor":24,"key":"SMITH"},{"floor":29,"key":"REST"}],"neow_cost":"NONE","seed_source_timestamp":16664162891259,"circlet_count":0,"master_deck":["AscendersBane","Defend_G","Defend_G","Defend_G","Defend_G","Defend_G","Strike_G","Strike_G","Strike_G","Strike_G","Strike_G+1","Survivor","Neutralize","Poisoned Stab+1","Noxious Fumes+1","Sucker Punch","Caltrops+1","Poisoned Stab","Backstab+1","Catalyst","PiercingWail","Die Die Die","Slice","Well Laid Plans+1","Deadly Poison","Leg Sweep","Finesse","Noxious Fumes"],"relics":["Ring of the Serpent","NeowsBlessing","PreservedInsect","Bag of Preparation","Whetstone","Mummified Hand","Molten Egg 2"],"potions_floor_usage":[8,16,16,28],"damage_taken":[{"damage":0,"enemies":"2 Louse","floor":1,"turns":1},{"damage":0,"enemies":"Cultist","floor":4,"turns":1},{"damage":0,"enemies":"Jaw Worm","floor":5,"turns":1},{"damage":4,"enemies":"Blue Slaver","floor":7,"turns":5},{"damage":20,"enemies":"Lagavulin","floor":8,"turns":5},{"damage":20,"enemies":"3 Louse","floor":11,"turns":3},{"damage":10,"enemies":"Red Slaver","floor":12,"turns":3},{"damage":28,"enemies":"The Guardian","floor":16,"turns":10},{"damage":0,"enemies":"Chosen","floor":18,"turns":4},{"damage":13,"enemies":"Spheric Guardian","floor":20,"turns":5},{"damage":8,"enemies":"Centurion and Healer","floor":21,"turns":6},{"damage":0,"enemies":"Cultist and Chosen","floor":28,"turns":1},{"damage":53,"enemies":"Shelled Parasite and Fungi","floor":31,"turns":4}],"seed_played":"1884437878429132152","potions_obtained":[{"floor":1,"key":"Strength Potion"},{"floor":3,"key":"Dexterity Potion"},{"floor":3,"key":"Poison Potion"},{"floor":11,"key":"SpeedPotion"},{"floor":20,"key":"SmokeBomb"}],"is_trial":false,"path_per_floor":["M","$","?","M","M","R","M","E","T","R","M","M","R","?","R","B",null,"M","$","M","M","?","T","R","?","T","?","M","R","$","M"],"character_chosen":"THE_SILENT","items_purchased":["Noxious Fumes","Well Laid Plans","Whetstone","Finesse","Noxious Fumes"],"campfire_rested":2,"item_purchase_floors":[2,19,19,30,30],"current_hp_per_floor":[63,63,63,63,63,63,59,39,39,39,19,9,9,9,30,2,53,53,53,40,32,32,32,32,32,32,32,32,53,53,0],"gold":19,"neow_bonus":"THREE_ENEMY_KILL","is_prod":false,"is_daily":false,"chose_seed":false,"campfire_upgraded":4,"win_rate":0,"timestamp":1543703438,"path_taken":["M","$","?","M","M","R","M","E","T","R","M","?","R","?","R","BOSS","M","$","M","M","?","?","R","?","T","?","?","R","?","M"],"build_version":"2018-11-15","purchased_purges":0,"victory":false,"max_hp_per_floor":[70,70,70,70,70,70,70,70,70,70,70,70,70,70,70,70,70,70,70,70,70,70,70,70,70,70,70,70,70,70,70],"card_choices":[{"not_picked":["Outmaneuver","Underhanded Strike"],"picked":"Poisoned Stab","floor":1},{"not_picked":["Setup","Expertise"],"picked":"Sucker Punch","floor":4},{"not_picked":["Cloak And Dagger","Infinite Blades"],"picked":"Caltrops","floor":5},{"not_picked":["Dodge and Roll","Underhanded Strike"],"picked":"Poisoned Stab","floor":7},{"not_picked":["Poisoned Stab","Bouncing Flask"],"picked":"Backstab","floor":8},{"not_picked":["Poisoned Stab","Flying Knee"],"picked":"Catalyst","floor":11},{"not_picked":["Caltrops","Dagger Spray"],"picked":"PiercingWail","floor":12},{"not_picked":["A Thousand Cuts","Venomology"],"picked":"Die Die Die","floor":16},{"not_picked":["Backflip","Blade Dance"],"picked":"Slice","floor":18},{"not_picked":["Heel Hook","Dagger Spray"],"picked":"Deadly Poison","floor":20},{"not_picked":["Deadly Poison","Skewer+1","Prepared"],"picked":"SKIP","floor":21}],"player_experience":235694,"relics_obtained":[{"floor":8,"key":"PreservedInsect"},{"floor":9,"key":"Bag of Preparation"},{"floor":23,"key":"Mummified Hand"},{"floor":26,"key":"Molten Egg 2"}],"event_choices":[{"damage_healed":0,"gold_gain":0,"player_choice":"Got Potions","damage_taken":0,"max_hp_gain":0,"max_hp_loss":0,"event_name":"Lab","floor":3,"gold_loss":0},{"damage_healed":0,"gold_gain":0,"player_choice":"Left Gold","damage_taken":0,"max_hp_gain":0,"max_hp_loss":0,"event_name":"World of Goop","floor":14,"gold_loss":24},{"damage_healed":0,"gold_gain":99,"player_choice":"Stole From Cult","damage_taken":0,"max_hp_gain":0,"max_hp_loss":0,"event_name":"Nest","floor":22,"gold_loss":0},{"damage_healed":0,"gold_gain":0,"player_choice":"Read","damage_taken":0,"max_hp_gain":0,"max_hp_loss":0,"event_name":"The Library","floor":25,"gold_loss":0,"cards_obtained":["Leg Sweep"]},{"damage_healed":0,"gold_gain":0,"player_choice":"Ignored","damage_taken":0,"max_hp_gain":0,"max_hp_loss":0,"event_name":"Cursed Tome","floor":27,"gold_loss":0}],"is_beta":false,"boss_relics":[{"not_picked":["Fusion Hammer","WristBlade"],"picked":"Ring of the Serpent"}],"items_purged_floors":[],"is_endless":false,"potions_floor_spawned":[1,11,12,20,28],"killed_by":"Shelled Parasite and Fungi","ascension_level":10}