{"gold_per_floor":[118,68,68,89,104,104,127,127,179,212,230,230],"floor_reached":12,"playtime":284,"items_purged":[],"score":80,"play_id":"dad7751b-69b5-4c7a-a62f-f0b7b9444b78","local_time":"20181209180238","is_ascension_mode":false,"campfire_choices":[{"data":"Body Slam","floor":6,"key":"SMITH"}],"neow_cost":"PERCENT_DAMAGE","seed_source_timestamp":12373324881283,"circlet_count":0,"master_deck":["Strike_R","Strike_R","Strike_R","Strike_R","Strike_R","Defend_R","Defend_R","Defend_R","Defend_R","Bash","True Grit","Body Slam+1","Shockwave","Shrug It Off","Feed+1","Body Slam"],"relics":["Burning Blood","Ginger","Golden Idol","Happy Flower","Bronze Scales"],"potions_floor_usage":[10],"damage_taken":[{"damage":1,"enemies":"Cultist","floor":1,"turns":4},{"damage":1,"enemies":"2 Louse","floor":4,"turns":3},{"damage":0,"enemies":"Small Slimes","floor":5,"turns":3},{"damage":3,"enemies":"Exordium Wildlife","floor":7,"turns":8},{"damage":54,"enemies":"Gremlin Nob","floor":10,"turns":6},{"damage":4,"enemies":"2 Fungi Beasts","floor":11,"turns":5},{"damage":41,"enemies":"Lagavulin","floor":12,"turns":6}],"seed_played":"9103155921208032290","potions_obtained":[{"floor":1,"key":"Explosive Potion"}],"is_trial":false,"path_per_floor":["M","$","?","M","M","R","M","?","T","E","M","E"],"character_chosen":"IRONCLAD","items_purchased":["Body Slam"],"campfire_rested":0,"item_purchase_floors":[2],"current_hp_per_floor":[61,61,61,66,72,72,74,74,74,26,32,0],"gold":230,"neow_bonus":"ONE_RARE_RELIC","is_prod":false,"is_daily":false,"chose_seed":false,"campfire_upgraded":1,"win_rate":0,"timestamp":1544378558,"path_taken":["M","$","?","M","M","R","M","?","T","E","?","E"],"build_version":"2018-12-06","purchased_purges":0,"victory":false,"max_hp_per_floor":[80,80,74,74,74,74,74,74,74,74,78,78],"card_choices":[{"not_picked":["Evolve","Clothesline"],"picked":"True Grit","floor":1},{"not_picked":["Warcry","Anger"],"picked":"Shockwave","floor":4},{"not_picked":["Clash","Headbutt"],"picked":"Shrug It Off","floor":5},{"not_picked":["Cleave","Bloodletting"],"picked":"Feed","floor":7},{"not_picked":["Anger","Power Through"],"picked":"Body Slam","floor":10},{"not_picked":["Power Through","Clash","Wild Strike"],"picked":"SKIP","floor":11}],"player_experience":254813,"relics_obtained":[{"floor":9,"key":"Happy Flower"},{"floor":10,"key":"Bronze Scales"}],"event_choices":[{"damage_healed":0,"gold_gain":0,"player_choice":"Lose Max HP","damage_taken":0,"relics_obtained":["Golden Idol"],"max_hp_gain":0,"max_hp_loss":6,"event_name":"Golden Idol","floor":3,"gold_loss":0},{"damage_healed":0,"gold_gain":0,"player_choice":"Upgraded","damage_taken":0,"max_hp_gain":0,"max_hp_loss":0,"event_name":"Upgrade Shrine","floor":8,"gold_loss":0,"cards_upgraded":["Feed"]}],"is_beta":false,"boss_relics":[],"items_purged_floors":[],"is_endless":false,"potions_floor_spawned":[1],"killed_by":"Lagavulin","ascension_level":0}