{"gold_per_floor":[210,210,210,223,223,255,255,255,255,255,255,285,304,37,37,166,166,191,210,210,231,156,194,43,43,66,107,107,131,164,42,42,161,161,177,177,177,195,209,209,209,224,224,0,0,66,66,90,90,90],"floor_reached":51,"playtime":6741,"items_purged":["Strike_B"],"score":674,"play_id":"9fd2fb43-10f4-4623-9637-6891cee58e71","local_time":"20180801012821","is_ascension_mode":false,"campfire_choices":[{"floor":7,"key":"REST"},{"data":"Consume","floor":11,"key":"SMITH"},{"floor":15,"key":"REST"},{"floor":25,"key":"REST"},{"floor":28,"key":"REST"},{"data":"Capacitor","floor":32,"key":"SMITH"},{"floor":40,"key":"REST"},{"data":"Mind Blast","floor":45,"key":"SMITH"},{"data":"Barrage","floor":47,"key":"SMITH"},{"floor":49,"key":"REST"}],"neow_cost":"NONE","seed_source_timestamp":1197582176862090,"circlet_count":0,"master_deck":["Strike_B+1","Strike_B+1","Defend_B","Defend_B+1","Zap","Dualcast","Ball Lightning","Consume+1","Ball Lightning","Redo","Redo","Blind","Capacitor","Melter","All For One","Compile Driver","Cold Snap+1","Capacitor+1","Barrage+1","Consume+1","Beam Cell","Mind Blast+1","Go for the Eyes+1","Capacitor+1","Coolheaded","Barrage","Seek","Ball Lightning","Thinking Ahead","Redo+1","FTL+1"],"relics":["FrozenCore","Juzu Bracelet","Meat on the Bone","Golden Idol","Mercury Hourglass","Bag of Preparation","Vajra","Orichalcum","Regal Pillow","War Paint","Sozu","Mummified Hand","Red Mask","Du-Vu Doll"],"potions_floor_usage":[16,16,33,33,33,50],"damage_taken":[{"damage":0,"enemies":"Cultist","floor":1,"turns":3},{"damage":0,"enemies":"Small Slimes","floor":4,"turns":2},{"damage":33,"enemies":"3 Sentries","floor":6,"turns":6},{"damage":0,"enemies":"2 Louse","floor":13,"turns":1},{"damage":34,"enemies":"The Guardian","floor":16,"turns":6},{"damage":0,"enemies":"Spheric Guardian","floor":18,"turns":2},{"damage":8,"enemies":"Shell Parasite","floor":19,"turns":4},{"damage":20,"enemies":"Sentry and Sphere","floor":21,"turns":4},{"damage":24,"enemies":"Gremlin Leader","floor":23,"turns":8},{"damage":31,"enemies":"Slavers","floor":27,"turns":7},{"damage":5,"enemies":"3 Cultists","floor":29,"turns":6},{"damage":0,"enemies":"Gremlin Leader","floor":30,"turns":7},{"damage":12,"enemies":"Collector","floor":33,"turns":9},{"damage":0,"enemies":"Flame Bruiser 1 Orb","floor":35,"turns":6},{"damage":8,"enemies":"3 Darklings","floor":38,"turns":5},{"damage":35,"enemies":"4 Shapes","floor":39,"turns":5},{"damage":0,"enemies":"Maw","floor":42,"turns":7},{"damage":15,"floor":46,"turns":4},{"damage":0,"enemies":"Flame Bruiser 2 Orb","floor":48,"turns":5},{"damage":25,"enemies":"Awakened One","floor":50,"turns":11}],"seed_played":"-38424043799505896","potions_obtained":[{"floor":1,"key":"SpeedPotion"},{"floor":6,"key":"FearPotion"},{"floor":13,"key":"SpeedPotion"},{"floor":19,"key":"FocusPotion"},{"floor":23,"key":"Dexterity Potion"},{"floor":27,"key":"Block Potion"},{"floor":33,"key":"Regen Potion"}],"is_trial":false,"path_per_floor":["M","?","?","M","?","E","R","?","T","?","R","?","M","$","R","B",null,"M","M","?","M","?","E","$","R","T","E","R","M","E","$","R","B",null,"M","?","$","M","M","R","?","M","T","?","R","?","R","M","R","B"],"character_chosen":"DEFECT","items_purchased":["Redo","Blind","Capacitor","Melter","Beam Cell","Mind Blast","Barrage"],"campfire_rested":6,"item_purchase_floors":[14,14,14,14,24,24,31],"current_hp_per_floor":[75,60,60,60,35,2,24,24,24,24,24,24,36,36,56,34,69,69,61,61,41,41,29,29,49,49,30,65,60,60,60,60,48,69,69,69,69,61,38,69,69,69,69,69,69,54,54,54,69,59],"gold":90,"neow_bonus":"HUNDRED_GOLD","is_prod":false,"is_daily":false,"chose_seed":false,"campfire_upgraded":4,"win_rate":0.0,"timestamp":1533104901,"path_taken":["M","?","?","M","?","E","R","?","T","?","R","?","M","$","R","BOSS","M","M","?","M","?","E","$","R","T","E","R","M","E","$","R","BOSS","M","?","$","M","M","R","?","M","T","?","R","?","R","M","R","BOSS"],"build_version":"2018-07-26","purchased_purges":1,"victory":true,"max_hp_per_floor":[75,75,75,75,75,75,75,69,69,69,69,69,69,69,69,69,69,69,69,69,69,69,69,69,69,69,69,69,69,69,69,69,69,69,69,69,69,69,69,69,69,69,69,69,69,69,69,69,69,69],"card_choices":[{"not_picked":["Leap","Sweeping Beam"],"picked":"Ball Lightning","floor":1},{"not_picked":["Chill","Capacitor"],"picked":"Consume","floor":4},{"not_picked":["Double Energy","Steam"],"picked":"Ball Lightning","floor":6},{"not_picked":["Rebound","Leap"],"picked":"Redo","floor":13},{"not_picked":["Amplify","Meteor Strike"],"picked":"All For One","floor":16},{"not_picked":["Doom and Gloom","Streamline"],"picked":"Compile Driver","floor":18},{"not_picked":["Conserve Battery+1","Beam Cell"],"picked":"Cold Snap+1","floor":19},{"not_picked":["Reinforced Body","Stack"],"picked":"Barrage","floor":21},{"not_picked":["Rip and Tear","Hologram"],"picked":"Consume+1","floor":23},{"not_picked":["Beam Cell+1","Electrodynamics"],"picked":"Go for the Eyes+1","floor":27},{"not_picked":["Redo","Scrape"],"picked":"Capacitor+1","floor":29},{"not_picked":["Go for the Eyes+1","Tempest"],"picked":"Coolheaded","floor":30},{"not_picked":["Buffer","Multi-Cast"],"picked":"Seek","floor":33},{"not_picked":["Leap","Streamline"],"picked":"Ball Lightning","floor":35},{"not_picked":["Trip","Blind"],"picked":"Thinking Ahead","floor":36},{"not_picked":["Streamline","Coolheaded"],"picked":"Redo+1","floor":38},{"not_picked":["Undo+1","Steam+1","Heatsinks"],"picked":"SKIP","floor":39},{"not_picked":["Gash","Chaos"],"picked":"FTL+1","floor":42},{"not_picked":["Stack","Lockon","Meteor Strike"],"picked":"SKIP","floor":48}],"player_experience":50082,"relics_obtained":[{"floor":6,"key":"Meat on the Bone"},{"floor":9,"key":"Mercury Hourglass"},{"floor":23,"key":"Vajra"},{"floor":26,"key":"Orichalcum"},{"floor":27,"key":"Regal Pillow"},{"floor":30,"key":"War Paint"},{"floor":43,"key":"Mummified Hand"},{"floor":46,"key":"Du-Vu Doll"}],"event_choices":[{"event_name":"Shining Light","player_choice":"Entered Light","floor":2,"damage_taken":0},{"event_name":"Bonfire Elementals","player_choice":"BASIC","floor":3,"damage_taken":0},{"event_name":"Scrap Ooze","player_choice":"success","floor":5,"damage_taken":25},{"event_name":"Golden Idol","player_choice":"Lose Max HP","floor":8,"damage_taken":0},{"event_name":"WeMeetAgain","player_choice":"Potion","floor":10,"damage_taken":0},{"event_name":"Dead Adventurer","player_choice":"Searched \u00271\u0027 times","floor":12,"damage_taken":0},{"event_name":"The Library","player_choice":"Read","floor":20,"damage_taken":0},{"event_name":"Beggar","player_choice":"Gave Gold","floor":22,"damage_taken":0},{"event_name":"SensoryStone","player_choice":"Memory 1","floor":36,"damage_taken":0},{"event_name":"Falling","player_choice":"Removed Skill","floor":41,"damage_taken":0},{"event_name":"Tomb of Lord Red Mask","player_choice":"Paid","floor":44,"damage_taken":0},{"event_name":"Mysterious Sphere","player_choice":"Fight","floor":46,"damage_taken":0}],"is_beta":false,"boss_relics":[{"not_picked":["Orrery","Lizard Tail"],"picked":"FrozenCore"},{"not_picked":["Runic Dome","Tiny House"],"picked":"Sozu"}],"items_purged_floors":[31],"is_endless":false,"potions_floor_spawned":[1,6,13,19,23,27,33,46,48],"ascension_level":0}