{"gold_per_floor":[113,38,51,61,79,79,30,30,53,71,71],"floor_reached":11,"playtime":373,"items_purged":[],"score":120,"play_id":"ae2e1473-294b-4faf-9b13-f3d8cf3a39d2","local_time":"20190109215904","is_ascension_mode":true,"campfire_choices":[{"floor":6,"key":"REST"}],"neow_cost":"PERCENT_DAMAGE","seed_source_timestamp":13026809446822,"circlet_count":0,"master_deck":["AscendersBane","Strike_R","Strike_R","Strike_R","Strike_R","Defend_R","Defend_R","Defend_R","Defend_R","Bash","Flash of Steel","Discovery","Burning Pact","Dual Wield"],"relics":["Burning Blood","Pen Nib"],"potions_floor_usage":[4,10],"damage_taken":[{"damage":15,"enemies":"Small Slimes","floor":1,"turns":5},{"damage":7,"enemies":"Jaw Worm","floor":3,"turns":3},{"damage":9,"enemies":"2 Louse","floor":4,"turns":5},{"damage":34,"enemies":"Lots of Slimes","floor":5,"turns":10},{"damage":34,"enemies":"Gremlin Gang","floor":10,"turns":4},{"damage":10,"enemies":"Red Slaver","floor":11,"turns":4}],"seed_played":"8619257922474061760","potions_obtained":[{"floor":3,"key":"Fruit Juice"},{"floor":5,"key":"Energy Potion"}],"is_trial":false,"path_per_floor":["M","?","M","M","M","R","?","?","T","M","M"],"character_chosen":"IRONCLAD","items_purchased":[],"campfire_rested":1,"item_purchase_floors":[],"current_hp_per_floor":[41,41,40,42,14,38,38,38,38,10,0],"gold":71,"neow_bonus":"RANDOM_COLORLESS_2","is_prod":false,"is_daily":false,"chose_seed":false,"campfire_upgraded":0,"win_rate":0,"timestamp":1547071144,"path_taken":["M","?","M","M","M","R","?","?","T","M","M"],"build_version":"2019-01-03v4","purchased_purges":0,"victory":false,"max_hp_per_floor":[75,75,75,80,80,80,80,80,80,80,80],"card_choices":[{"not_picked":["Sword Boomerang","Heavy Blade"],"picked":"Burning Pact","floor":1},{"not_picked":["Warcry","Clothesline","Heavy Blade"],"picked":"SKIP","floor":3},{"not_picked":["Flex","Anger"],"picked":"Dual Wield","floor":4},{"not_picked":["Sword Boomerang","Clash","Second Wind"],"picked":"SKIP","floor":5},{"not_picked":["Bludgeon","Body Slam","Thunderclap"],"picked":"SKIP","floor":10}],"player_experience":361953,"relics_obtained":[{"floor":9,"key":"Pen Nib"}],"event_choices":[{"cards_removed":["Strike_R"],"damage_healed":0,"gold_gain":0,"player_choice":"Card Removal","damage_taken":0,"max_hp_gain":0,"max_hp_loss":0,"event_name":"The Cleric","floor":2,"gold_loss":75},{"damage_healed":0,"gold_gain":0,"player_choice":"Left Gold","damage_taken":0,"max_hp_gain":0,"max_hp_loss":0,"event_name":"World of Goop","floor":7,"gold_loss":49},{"damage_healed":0,"gold_gain":0,"player_choice":"Ignored","damage_taken":0,"max_hp_gain":0,"max_hp_loss":0,"event_name":"Shining Light","floor":8,"gold_loss":0}],"is_beta":false,"boss_relics":[],"items_purged_floors":[],"is_endless":false,"potions_floor_spawned":[3,5],"killed_by":"Red Slaver","ascension_level":17}