{"gold_per_floor":[113,113,113,123,138,168,184,210,235,32,49,49,79,140,152,241,253,275,287,316,347,15,15],"floor_reached":23,"playtime":783,"items_purged":["Strike_R","Armaments"],"score":359,"play_id":"8ad82ad4-8ffd-401b-b7f4-1a872ec2814c","local_time":"20181217184823","is_ascension_mode":true,"campfire_choices":[{"data":"True Grit","floor":12,"key":"SMITH"},{"floor":15,"key":"REST"}],"neow_cost":"NONE","seed_source_timestamp":471204280749,"circlet_count":0,"master_deck":["AscendersBane","Defend_R","Defend_R","Defend_R","Bash","Demon Form","Dropkick","Flame Barrier","Rage","Cleave","Headbutt","True Grit+1","Dark Shackles","Shockwave","Dual Wield","Feed","Pommel Strike+1","Second Wind+1","Thunderclap+1","Shrug It Off","Dropkick","Secret Weapon","True Grit"],"relics":["Burning Blood","Ginger","Bronze Scales","Regal Pillow","MawBank","Anchor","Astrolabe","Shuriken"],"potions_floor_usage":[5,6,7,13,13],"damage_taken":[{"damage":6,"enemies":"Cultist","floor":1,"turns":4},{"damage":0,"enemies":"2 Louse","floor":4,"turns":3},{"damage":2,"enemies":"Jaw Worm","floor":5,"turns":3},{"damage":11,"enemies":"Lagavulin","floor":6,"turns":8},{"damage":7,"enemies":"Gremlin Gang","floor":7,"turns":5},{"damage":34,"enemies":"3 Sentries","floor":8,"turns":8},{"damage":8,"enemies":"Looter","floor":11,"turns":4},{"damage":28,"enemies":"Gremlin Nob","floor":13,"turns":4},{"damage":45,"enemies":"The Guardian","floor":16,"turns":11},{"damage":13,"enemies":"Shell Parasite","floor":18,"turns":6},{"damage":16,"enemies":"Chosen","floor":20,"turns":5},{"damage":24,"enemies":"Shelled Parasite and Fungi","floor":21,"turns":7},{"damage":37,"enemies":"Slavers","floor":23,"turns":3}],"seed_played":"-6470863550641787478","potions_obtained":[{"floor":4,"key":"AttackPotion"},{"floor":5,"key":"PowerPotion"},{"floor":6,"key":"Regen Potion"},{"floor":7,"key":"FearPotion"},{"floor":11,"key":"Poison Potion"},{"floor":16,"key":"SpeedPotion"},{"floor":20,"key":"FearPotion"}],"is_trial":false,"path_per_floor":["M","?","?","M","M","E","M","E","T","$","M","R","E","T","R","B",null,"M","?","M","M","$","E"],"character_chosen":"IRONCLAD","items_purchased":["True Grit","Dark Shackles","Secret Weapon","True Grit"],"campfire_rested":1,"item_purchase_floors":[10,10,22,22],"current_hp_per_floor":[68,61,61,67,71,66,75,47,47,47,45,45,23,23,60,21,62,55,55,48,30,30,0],"gold":15,"neow_bonus":"ONE_RANDOM_RARE_CARD","is_prod":false,"is_daily":false,"chose_seed":false,"campfire_upgraded":1,"win_rate":0,"timestamp":1545072503,"path_taken":["M","?","?","?","M","E","M","E","T","$","M","R","E","?","R","BOSS","M","?","?","M","$","E"],"build_version":"2018-12-13","purchased_purges":2,"victory":false,"max_hp_per_floor":[75,75,75,75,75,75,75,75,75,75,75,75,75,75,75,75,75,75,75,78,78,78,78],"card_choices":[{"not_picked":["Pommel Strike","True Grit"],"picked":"Dropkick","floor":1},{"not_picked":["Body Slam","Iron Wave"],"picked":"Flame Barrier","floor":4},{"not_picked":["Clash","Clothesline"],"picked":"Rage","floor":5},{"not_picked":["Power Through","Bloodletting"],"picked":"Cleave","floor":6},{"not_picked":["Barricade","Rupture"],"picked":"Headbutt","floor":7},{"not_picked":["Clash","Clothesline"],"picked":"Armaments","floor":8},{"not_picked":["Combust","Pommel Strike"],"picked":"Shockwave","floor":11},{"not_picked":["Seeing Red","Heavy Blade"],"picked":"Dual Wield","floor":13},{"not_picked":["Offering","Fiend Fire"],"picked":"Feed","floor":16},{"not_picked":["Power Through","Sword Boomerang"],"picked":"Shrug It Off","floor":18},{"not_picked":["Headbutt","Body Slam","Iron Wave"],"picked":"SKIP","floor":20},{"not_picked":["Fire Breathing","Warcry"],"picked":"Dropkick","floor":21}],"player_experience":280609,"relics_obtained":[{"floor":6,"key":"Ginger"},{"floor":8,"key":"Bronze Scales"},{"floor":9,"key":"Regal Pillow"},{"floor":13,"key":"MawBank"},{"floor":14,"key":"Anchor"}],"event_choices":[{"cards_removed":["Strike_R"],"damage_healed":0,"gold_gain":0,"player_choice":"Card Removal","damage_taken":7,"max_hp_gain":0,"max_hp_loss":0,"event_name":"Golden Wing","floor":2,"gold_loss":0},{"cards_removed":["Strike_R"],"damage_healed":0,"gold_gain":0,"player_choice":"Offered Basic","damage_taken":0,"max_hp_gain":0,"max_hp_loss":0,"event_name":"Bonfire Elementals","floor":3,"gold_loss":0},{"damage_healed":0,"gold_gain":0,"player_choice":"Gave Potion","damage_taken":0,"relics_obtained":["Shuriken"],"max_hp_gain":0,"max_hp_loss":0,"event_name":"WeMeetAgain","floor":19,"gold_loss":0}],"is_beta":false,"boss_relics":[{"not_picked":["Black Star","Lizard Tail"],"picked":"Astrolabe"}],"items_purged_floors":[10,22],"is_endless":false,"potions_floor_spawned":[4,5,6,7,11,16,20],"killed_by":"Slavers","ascension_level":14}