{"gold_per_floor":[363,0,0,10,25,85,85,96,96,96],"floor_reached":10,"playtime":240,"items_purged":["Strike_G"],"score":68,"play_id":"341a5c9b-8049-4ef8-9dd1-cd7bf8c80653","local_time":"20181230025714","is_ascension_mode":false,"campfire_choices":[{"data":"Deadly Poison","floor":7,"key":"SMITH"}],"neow_cost":"TEN_PERCENT_HP_LOSS","seed_source_timestamp":48825169896258,"circlet_count":0,"master_deck":["Defend_G","Defend_G","Defend_G","Defend_G","Defend_G","Strike_G","Strike_G","Strike_G","Strike_G","Survivor","Neutralize","Noxious Fumes","Well Laid Plans","Backstab","Burst","Backflip","Dagger Spray","Deadly Poison+1","Deadly Poison"],"relics":["Ring of the Snake","Tiny Chest","Snake Skull"],"potions_floor_usage":[6,6],"damage_taken":[{"damage":3,"enemies":"Jaw Worm","floor":1,"turns":6},{"damage":0,"enemies":"Cultist","floor":4,"turns":4},{"damage":0,"enemies":"Small Slimes","floor":5,"turns":2},{"damage":19,"enemies":"Gremlin Nob","floor":6,"turns":4},{"damage":17,"enemies":"Exordium Wildlife","floor":8,"turns":4},{"damage":10,"enemies":"3 Sentries","floor":10,"turns":2}],"seed_played":"7692406440969501510","potions_obtained":[{"floor":4,"key":"Swift Potion"},{"floor":5,"key":"Weak Potion"}],"is_trial":false,"path_per_floor":["M","$","?","M","M","E","R","M","T","E"],"character_chosen":"THE_SILENT","items_purchased":["Well Laid Plans","Backstab","Burst"],"campfire_rested":0,"item_purchase_floors":[2,2,2],"current_hp_per_floor":[60,60,60,60,60,41,41,24,24,14],"gold":96,"neow_bonus":"TWO_FIFTY_GOLD","is_prod":false,"is_daily":false,"chose_seed":false,"campfire_upgraded":1,"win_rate":0,"timestamp":1546138634,"path_taken":["M","$","?","M","M","E","R","?","T","E"],"build_version":"2018-12-20","purchased_purges":1,"victory":false,"max_hp_per_floor":[63,63,63,63,63,63,63,63,63,63],"card_choices":[{"not_picked":["Dagger Spray","Terror"],"picked":"Noxious Fumes","floor":1},{"not_picked":["Acrobatics","Sucker Punch"],"picked":"Dagger Spray","floor":4},{"not_picked":["Underhanded Strike","Dodge and Roll"],"picked":"Deadly Poison","floor":5},{"not_picked":["Doppelganger","Dodge and Roll"],"picked":"Deadly Poison","floor":6},{"not_picked":["Sucker Punch","Deadly Poison","Dagger Throw"],"picked":"SKIP","floor":8}],"player_experience":323912,"relics_obtained":[{"floor":6,"key":"Tiny Chest"},{"floor":9,"key":"Snake Skull"}],"event_choices":[{"damage_healed":0,"gold_gain":0,"player_choice":"1 cards matched","damage_taken":0,"max_hp_gain":0,"max_hp_loss":0,"event_name":"Match and Keep!","floor":3,"gold_loss":0,"cards_obtained":["Backflip"]}],"is_beta":false,"boss_relics":[],"items_purged_floors":[2],"is_endless":false,"potions_floor_spawned":[4,5],"killed_by":"3 Sentries","ascension_level":0}