{"gold_per_floor":[113,38,38,54,68,68,88,88,88,105,116,116,131,166,166,268,268,283,299,32,32],"floor_reached":21,"playtime":1751,"items_purged":["Strike_G","Defend_G"],"score":208,"play_id":"4a53a447-95ff-42b3-83ae-ed78121863d6","local_time":"20190131030031","is_ascension_mode":false,"campfire_choices":[{"data":"Well Laid Plans","floor":6,"key":"SMITH"},{"data":"Acrobatics","floor":12,"key":"SMITH"},{"floor":15,"key":"REST"}],"neow_cost":"NONE","seed_source_timestamp":315947896052752,"circlet_count":0,"master_deck":["Defend_G","Defend_G","Defend_G","Defend_G","Strike_G","Strike_G","Strike_G","Strike_G","Survivor","Neutralize","Catalyst+1","Well Laid Plans+1","Dagger Throw","Riddle With Holes","Endless Agony","Acrobatics+1","Deadly Poison","Bane","Venomology","Poisoned Stab","Noxious Fumes","Deadly Poison","Crippling Poison"],"relics":["Ring of the Serpent","Letter Opener","Pear"],"potions_floor_usage":[4,14,18,19,21,21,21],"damage_taken":[{"damage":0,"enemies":"Cultist","floor":1,"turns":4},{"damage":6,"enemies":"Jaw Worm","floor":4,"turns":8},{"damage":0,"enemies":"Small Slimes","floor":5,"turns":5},{"damage":5,"enemies":"Looter","floor":7,"turns":4},{"damage":0,"enemies":"2 Fungi Beasts","floor":10,"turns":3},{"damage":5,"enemies":"3 Louse","floor":11,"turns":2},{"damage":0,"enemies":"Blue Slaver","floor":13,"turns":5},{"damage":20,"enemies":"Gremlin Nob","floor":14,"turns":4},{"damage":54,"enemies":"Hexaghost","floor":16,"turns":8},{"damage":41,"enemies":"Spheric Guardian","floor":18,"turns":6},{"damage":27,"enemies":"2 Thieves","floor":19,"turns":3},{"damage":7,"enemies":"3 Cultists","floor":21,"turns":3}],"seed_played":"-6730261147744191608","potions_obtained":[{"floor":1,"key":"AttackPotion"},{"floor":5,"key":"Dexterity Potion"},{"floor":10,"key":"PowerPotion"},{"floor":16,"key":"Dexterity Potion"},{"floor":19,"key":"Weak Potion"}],"is_trial":false,"path_per_floor":["$","?","M"],"character_chosen":"THE_SILENT","items_purchased":["Noxious Fumes","Deadly Poison","Crippling Poison"],"campfire_rested":1,"item_purchase_floors":[20,20,20],"current_hp_per_floor":[77,77,77,71,71,71,66,66,66,66,61,61,61,51,77,23,87,46,19,19,12],"gold":32,"neow_bonus":"TEN_PERCENT_HP_BONUS","is_prod":false,"is_daily":false,"chose_seed":false,"campfire_upgraded":2,"win_rate":0.0,"timestamp":1548900031,"path_taken":["M","?","?","M","M","R","M","$","T","M","?","R","M","E","R","BOSS","M","M","$","M"],"build_version":"2019-01-23","purchased_purges":2,"victory":false,"max_hp_per_floor":[77,77,77,77,77,77,77,77,77,77,77,77,77,87,87,87,87,87,87,87,87],"card_choices":[{"not_picked":["Blade Dance","Deadly Poison"],"picked":"Catalyst","floor":1},{"not_picked":["Deflect","Quick Slash"],"picked":"Well Laid Plans","floor":4},{"not_picked":["Underhanded Strike","Catalyst"],"picked":"Dagger Throw","floor":5},{"not_picked":["Reflex","Endless Agony"],"picked":"Riddle With Holes","floor":7},{"not_picked":["Prepared","Underhanded Strike"],"picked":"Endless Agony","floor":10},{"not_picked":["Prepared","Blade Dance"],"picked":"Acrobatics","floor":11},{"not_picked":["Backflip","Outmaneuver"],"picked":"Deadly Poison","floor":13},{"not_picked":["PiercingWail","Predator"],"picked":"Bane","floor":14},{"not_picked":["Adrenaline","Die Die Die"],"picked":"Venomology","floor":16},{"not_picked":["Flechettes","Blade Dance+1","Distraction"],"picked":"SKIP","floor":18},{"not_picked":["Catalyst","Underhanded Strike+1"],"picked":"Poisoned Stab","floor":19}],"player_experience":59143,"relics_obtained":[{"floor":9,"key":"Letter Opener"},{"floor":14,"key":"Pear"}],"event_choices":[{"damage_healed":0,"gold_gain":0,"player_choice":"Upgraded","damage_taken":0,"max_hp_gain":0,"max_hp_loss":0,"event_name":"Upgrade Shrine","floor":3,"gold_loss":0,"cards_upgraded":["Catalyst"]}],"is_beta":false,"boss_relics":[{"not_picked":["Cursed Key","Eternal Feather"],"picked":"Ring of the Serpent"}],"items_purged_floors":[2,20],"is_endless":false,"potions_floor_spawned":[1,5,10,16,19],"killed_by":"3 Cultists","ascension_level":0}