{"gold_per_floor":[16,32,45,10,10,10,54,69,92,92,92,17,17,40,40,164,164,182,182,182,200,200,200,200],"floor_reached":24,"playtime":1259,"items_purged":["Injury"],"score":301,"play_id":"64213067-f476-4094-932c-d93b48b81365","local_time":"20190130231659","is_ascension_mode":true,"campfire_choices":[{"data":"Dualcast","floor":6,"key":"SMITH"},{"data":"Fission","floor":10,"key":"SMITH"},{"data":"Loop","floor":13,"key":"SMITH"},{"data":"Streamline","floor":15,"key":"SMITH"},{"floor":23,"key":"REST"}],"neow_cost":"NO_GOLD","seed_source_timestamp":1747999194980445,"circlet_count":0,"master_deck":["AscendersBane","Strike_B","Strike_B","Strike_B","Strike_B","Defend_B","Defend_B","Defend_B","Defend_B","Zap+1","Dualcast+1","Loop+1","BootSequence","Ball Lightning","Fission+1","Streamline+1","Electrodynamics+1","Fusion+1","Go for the Eyes+1"],"relics":["Cracked Core","Emotion Chip","Bloody Idol","Bag of Marbles","Art of War","Inserter","Nilry\u0027s Codex"],"potions_floor_usage":[7,14,16,21],"damage_taken":[{"damage":0,"enemies":"2 Louse","floor":1,"turns":2},{"damage":7,"enemies":"Small Slimes","floor":2,"turns":3},{"damage":1,"enemies":"Cultist","floor":3,"turns":3},{"damage":16,"enemies":"Gremlin Nob","floor":7,"turns":3},{"damage":2,"enemies":"3 Louse","floor":8,"turns":3},{"damage":0,"enemies":"Lots of Slimes","floor":14,"turns":3},{"damage":55,"enemies":"Hexaghost","floor":16,"turns":8},{"damage":15,"enemies":"Shell Parasite","floor":18,"turns":4},{"damage":17,"enemies":"Spheric Guardian","floor":21,"turns":4},{"damage":53,"enemies":"Slavers","floor":24,"turns":3}],"seed_played":"-5495161586194094002","potions_obtained":[{"floor":1,"key":"SpeedPotion"},{"floor":2,"key":"Strength Potion"},{"floor":7,"key":"GamblersBrew"},{"floor":8,"key":"FearPotion"},{"floor":18,"key":"Regen Potion"},{"floor":21,"key":"FearPotion"}],"is_trial":false,"path_per_floor":["M","M","M","?","?","R","E","M","T","R","?","$","R","M","R","B",null,"M","?","?","M","?","R","E"],"character_chosen":"DEFECT","items_purchased":[],"campfire_rested":1,"item_purchase_floors":[],"current_hp_per_floor":[68,61,60,75,75,75,59,57,57,57,57,57,57,57,57,2,57,42,42,26,23,23,45,0],"gold":200,"neow_bonus":"ONE_RARE_RELIC","is_prod":false,"is_daily":false,"chose_seed":false,"campfire_upgraded":4,"win_rate":0,"timestamp":1548919019,"path_taken":["M","M","M","?","?","R","E","M","T","R","?","?","R","M","R","BOSS","M","?","?","M","?","R","E"],"build_version":"2019-01-23","purchased_purges":1,"victory":false,"max_hp_per_floor":[75,75,75,75,75,75,75,75,75,75,75,75,75,75,75,75,75,75,75,75,75,75,75,75],"card_choices":[{"not_picked":["Heatsinks","Hologram"],"picked":"Loop","floor":1},{"not_picked":["Steam","Conserve Battery"],"picked":"BootSequence","floor":2},{"not_picked":["Redo","Sweeping Beam"],"picked":"Ball Lightning","floor":3},{"not_picked":["Barrage","Sweeping Beam"],"picked":"Fission","floor":7},{"not_picked":["Barrage","Skim","Compile Driver"],"picked":"SKIP","floor":8},{"not_picked":["Gash","Beam Cell"],"picked":"Streamline","floor":14},{"not_picked":["Seek","All For One"],"picked":"Electrodynamics","floor":16},{"not_picked":["Compile Driver","Force Field+1"],"picked":"Fusion+1","floor":18},{"not_picked":["Compile Driver","Steam"],"picked":"Go for the Eyes+1","floor":21}],"player_experience":555196,"relics_obtained":[{"floor":7,"key":"Bag of Marbles"},{"floor":9,"key":"Art of War"},{"floor":20,"key":"Nilry\u0027s Codex"}],"event_choices":[{"damage_healed":18,"gold_gain":0,"player_choice":"Healed","damage_taken":0,"max_hp_gain":0,"max_hp_loss":0,"event_name":"The Cleric","floor":4,"gold_loss":35},{"damage_healed":0,"gold_gain":0,"player_choice":"Take Wound","damage_taken":0,"relics_obtained":["Golden Idol"],"max_hp_gain":0,"max_hp_loss":0,"event_name":"Golden Idol","floor":5,"gold_loss":0,"cards_obtained":["Injury"]},{"damage_healed":0,"gold_gain":0,"player_choice":"Grow","damage_taken":0,"max_hp_gain":0,"max_hp_loss":0,"event_name":"Living Wall","floor":11,"gold_loss":0,"cards_upgraded":["Zap"]},{"damage_healed":0,"gold_gain":0,"player_choice":"Gave Idol","damage_taken":0,"relics_obtained":["Bloody Idol"],"max_hp_gain":0,"max_hp_loss":0,"event_name":"Forgotten Altar","floor":19,"relics_lost":["Golden Idol"],"gold_loss":0},{"damage_healed":0,"gold_gain":0,"player_choice":"Obtained Book","damage_taken":16,"max_hp_gain":0,"max_hp_loss":0,"event_name":"Cursed Tome","floor":20,"gold_loss":0},{"damage_healed":0,"gold_gain":0,"player_choice":"Forge","damage_taken":0,"max_hp_gain":0,"max_hp_loss":0,"event_name":"Accursed Blacksmith","floor":22,"gold_loss":0,"cards_upgraded":["Electrodynamics"]}],"is_beta":false,"boss_relics":[{"not_picked":["White Beast Statue","Sozu"],"picked":"Inserter"}],"items_purged_floors":[12],"is_endless":false,"potions_floor_spawned":[1,2,7,8,18,21],"killed_by":"Slavers","ascension_level":11}