{"gold_per_floor":[112,126,126,139,157,157,122,122,145,155,168,168,194,213,213,313,313,329,346,421,93,111,111,143,97,123,169,181,193,205,232,244,355,367,393,405,417,175,191,191,221,221,221,221,221,221,221,221,221,221],"floor_reached":51,"playtime":3125,"items_purged":[],"score":953,"play_id":"44e68316-ccfb-4023-b921-6f532db23952","local_time":"20181002203539","is_ascension_mode":true,"campfire_choices":[{"data":"Footwork","floor":6,"key":"SMITH"},{"data":"Masterful Stab","floor":8,"key":"SMITH"},{"data":"Bouncing Flask","floor":12,"key":"SMITH"},{"floor":15,"key":"REST"},{"floor":23,"key":"REST"},{"data":"Cloak And Dagger","floor":28,"key":"SMITH"},{"floor":30,"key":"REST"},{"data":"Accuracy","floor":32,"key":"SMITH"},{"data":"Cloak And Dagger","floor":40,"key":"SMITH"},{"floor":42,"key":"REST"},{"floor":46,"key":"REST"},{"floor":49,"key":"REST"}],"neow_cost":"","seed_source_timestamp":903272210010773,"circlet_count":0,"master_deck":["Defend_G+1","Defend_G+1","Defend_G+1","Defend_G+1","Defend_G+1","Strike_G+1","Strike_G+1","Strike_G+1","Strike_G+1","Survivor+1","Neutralize+1","Cloak And Dagger+1","Footwork+1","Masterful Stab+1","Bouncing Flask+1","Backstab+1","After Image+1","Accuracy+1","Dagger Throw+1","Corpse Explosion+1","Dash+1","Backflip+1","Mayhem+1","Adrenaline+1","Escape Plan+1","Infinite Blades+1","Cloak And Dagger+1","Escape Plan+1","PiercingWail+1","Glass Knife+1","Slice+1","PiercingWail+1","PiercingWail+1","Infinite Blades+1"],"relics":["Ring of the Snake","Vajra","Bag of Marbles","Ancient Tea Set","Runic Dome","Lantern","MawBank","Bronze Scales","WristBlade","Oddly Smooth Stone","Whetstone","Blue Candle","Mark of the Bloom"],"potions_floor_usage":[5,13,19,22,22,27,33,41,47,50,50],"damage_taken":[{"damage":2,"enemies":"Jaw Worm","floor":1,"turns":6},{"damage":3,"enemies":"2 Louse","floor":2,"turns":4},{"damage":0,"enemies":"Cultist","floor":4,"turns":4},{"damage":4,"enemies":"Exordium Wildlife","floor":5,"turns":6},{"damage":0,"enemies":"Red Slaver","floor":10,"turns":5},{"damage":0,"enemies":"Exordium Thugs","floor":11,"turns":3},{"damage":8,"enemies":"Gremlin Nob","floor":13,"turns":4},{"damage":17,"enemies":"Lots of Slimes","floor":14,"turns":4},{"damage":10,"enemies":"The Guardian","floor":16,"turns":9},{"damage":15,"enemies":"3 Byrds","floor":18,"turns":4},{"damage":0,"enemies":"Chosen","floor":19,"turns":3},{"damage":5,"enemies":"Snecko","floor":22,"turns":4},{"damage":6,"enemies":"Book of Stabbing","floor":24,"turns":5},{"damage":18,"enemies":"Gremlin Leader","floor":27,"turns":7},{"damage":0,"enemies":"Sentry and Sphere","floor":31,"turns":3},{"damage":38,"enemies":"Collector","floor":33,"turns":11},{"damage":2,"enemies":"3 Shapes","floor":35,"turns":6},{"damage":4,"enemies":"Orb Walker","floor":39,"turns":3},{"damage":10,"enemies":"Nemesis","floor":41,"turns":9},{"damage":0,"enemies":"Maw","floor":47,"turns":1},{"damage":59,"enemies":"Time Eater","floor":50,"turns":11}],"seed_played":"6597212299425358598","potions_obtained":[{"floor":2,"key":"Block Potion"},{"floor":4,"key":"PowerPotion"},{"floor":5,"key":"SmokeBomb"},{"floor":10,"key":"Weak Potion"},{"floor":16,"key":"Swift Potion"},{"floor":19,"key":"AttackPotion"},{"floor":24,"key":"Block Potion"},{"floor":31,"key":"SkillPotion"},{"floor":35,"key":"GhostInAJar"},{"floor":39,"key":"Block Potion"},{"floor":41,"key":"Explosive Potion"}],"is_trial":false,"path_per_floor":["M","M","?","M","M","R","?","R","T","M","M","R","E","M","R","B",null,"M","M","?","$","M","R","E","$","T","E","R","?","R","M","R","B",null,"M","?","?","$","M","R","E","R","T","$","?","R","M","?","R","B"],"character_chosen":"THE_SILENT","items_purchased":["Mayhem","Adrenaline","Cloak And Dagger","Oddly Smooth Stone","Slice","PiercingWail"],"campfire_rested":6,"item_purchase_floors":[21,21,25,38,38,38],"current_hp_per_floor":[61,58,55,55,51,51,68,68,68,68,68,68,60,43,64,54,66,51,51,44,44,39,60,54,54,54,36,36,36,57,57,57,19,57,55,55,55,55,51,51,41,62,62,62,62,62,62,62,62,3],"gold":221,"neow_bonus":"","is_prod":false,"is_daily":false,"chose_seed":false,"campfire_upgraded":6,"win_rate":0,"timestamp":1538530539,"path_taken":["M","M","?","M","M","R","?","R","T","M","M","R","E","M","R","BOSS","M","M","?","$","?","R","E","?","T","E","R","?","R","M","R","BOSS","M","?","?","$","M","R","E","R","T","$","?","R","?","?","R","BOSS"],"build_version":"2018-09-27","purchased_purges":0,"victory":true,"max_hp_per_floor":[70,70,70,70,70,70,70,70,70,70,70,70,70,70,70,70,70,70,70,70,70,70,70,70,70,70,70,70,70,70,70,70,70,70,70,70,70,70,70,70,70,70,70,70,70,70,70,66,66,66],"card_choices":[{"not_picked":["Prepared","Setup"],"picked":"Cloak And Dagger","floor":1},{"not_picked":["Reflex","Bane"],"picked":"Footwork","floor":2},{"not_picked":["Underhanded Strike","Crippling Poison"],"picked":"Masterful Stab","floor":4},{"not_picked":["Endless Agony","Bane"],"picked":"Bouncing Flask","floor":5},{"not_picked":["Poisoned Stab","Quick Slash"],"picked":"Backstab","floor":10},{"not_picked":["Deadly Poison","Slice"],"picked":"After Image","floor":11},{"not_picked":["Finisher","Deflect"],"picked":"Accuracy","floor":13},{"not_picked":["Outmaneuver","Concentrate"],"picked":"Dagger Throw","floor":14},{"not_picked":["A Thousand Cuts","Glass Knife"],"picked":"Corpse Explosion","floor":16},{"not_picked":["Reflex","Prepared"],"picked":"Dash+1","floor":18},{"not_picked":["Blade Dance","Dodge and Roll"],"picked":"Backflip","floor":19},{"not_picked":["Underhanded Strike","Backstab"],"picked":"Escape Plan","floor":22},{"not_picked":["Leg Sweep","Dagger Throw+1"],"picked":"Infinite Blades","floor":24},{"not_picked":["Cloak And Dagger","Dagger Throw"],"picked":"Escape Plan","floor":27},{"not_picked":["Bane+1","Underhanded Strike"],"picked":"PiercingWail","floor":31},{"not_picked":["After Image","Burst"],"picked":"Glass Knife","floor":33},{"not_picked":["Reflex","Choke+1","Eviscerate"],"picked":"SKIP","floor":35},{"not_picked":["Outmaneuver+1","Acrobatics+1"],"picked":"PiercingWail","floor":39},{"not_picked":["Well Laid Plans","Blur"],"picked":"Infinite Blades+1","floor":41}],"player_experience":377064,"relics_obtained":[{"floor":9,"key":"Bag of Marbles"},{"floor":13,"key":"Ancient Tea Set"},{"floor":24,"key":"Lantern"},{"floor":26,"key":"MawBank"},{"floor":27,"key":"Bronze Scales"},{"floor":41,"key":"Whetstone"},{"floor":43,"key":"Blue Candle"}],"event_choices":[{"event_name":"Scrap Ooze","player_choice":"success","floor":3,"damage_taken":3},{"event_name":"The Cleric","player_choice":"Healed","floor":7,"damage_taken":0},{"event_name":"FaceTrader","player_choice":"Touch","floor":20,"damage_taken":0},{"event_name":"Vampires","player_choice":"Ignored","floor":29,"damage_taken":0},{"event_name":"Tomb of Lord Red Mask","player_choice":"Ignored","floor":36,"damage_taken":0},{"event_name":"Falling","player_choice":"Removed Attack","floor":37,"damage_taken":0},{"event_name":"MindBloom","player_choice":"Upgrade","floor":45,"damage_taken":0},{"event_name":"Winding Halls","player_choice":"Max HP","floor":48,"damage_taken":0}],"is_beta":false,"boss_relics":[{"not_picked":["Ring of the Serpent","Velvet Choker"],"picked":"Runic Dome"},{"not_picked":["Astrolabe","White Beast Statue"],"picked":"WristBlade"}],"items_purged_floors":[],"is_endless":false,"potions_floor_spawned":[2,4,5,10,16,19,24,31,35,39,41],"ascension_level":8}