{"gold_per_floor":[110,121,121,139,139,139,168,168,168,186,186],"floor_reached":11,"playtime":401,"items_purged":[],"score":131,"play_id":"c5d2ac07-4977-42d0-b7b9-f29d47262ec5","local_time":"20190128145106","is_ascension_mode":true,"campfire_choices":[{"data":"Cloak And Dagger","floor":6,"key":"SMITH"},{"floor":8,"key":"REST"}],"neow_cost":"NONE","seed_source_timestamp":509379617775889,"circlet_count":0,"master_deck":["AscendersBane","Defend_G","Defend_G","Defend_G","Defend_G","Strike_G","Strike_G","Strike_G","Strike_G","Survivor","Neutralize","Cloak And Dagger+1","Blade Dance","Slice","Choke","Acrobatics"],"relics":["Ring of the Snake","NeowsBlessing","Sundial","Art of War"],"potions_floor_usage":[11],"damage_taken":[{"damage":0,"enemies":"2 Louse","floor":1,"turns":1},{"damage":0,"enemies":"Cultist","floor":2,"turns":1},{"damage":0,"enemies":"Small Slimes","floor":4,"turns":1},{"damage":47,"enemies":"Lagavulin","floor":7,"turns":7},{"damage":0,"enemies":"Exordium Thugs","floor":10,"turns":4},{"damage":25,"enemies":"3 Sentries","floor":11,"turns":10}],"seed_played":"-5825909116162580672","potions_obtained":[{"floor":10,"key":"SpeedPotion"}],"is_trial":false,"path_per_floor":["M","M","?","M","?","R","E","R","T","M","E"],"character_chosen":"THE_SILENT","items_purchased":[],"campfire_rested":1,"item_purchase_floors":[],"current_hp_per_floor":[59,59,59,59,52,52,5,24,24,24,0],"gold":186,"neow_bonus":"THREE_ENEMY_KILL","is_prod":false,"is_daily":false,"chose_seed":false,"campfire_upgraded":1,"win_rate":0,"timestamp":1548708666,"path_taken":["M","M","?","?","?","R","E","R","T","M","E"],"build_version":"2019-01-23","purchased_purges":0,"victory":false,"max_hp_per_floor":[66,66,66,66,66,66,66,66,66,66,66],"card_choices":[{"not_picked":["Outmaneuver","Backflip"],"picked":"Cloak And Dagger","floor":1},{"not_picked":["Acrobatics","Prepared"],"picked":"Blade Dance","floor":2},{"not_picked":["Distraction","Bane"],"picked":"Slice","floor":4},{"not_picked":["Flechettes","Dagger Throw"],"picked":"Choke","floor":7},{"not_picked":["Prepared","Outmaneuver"],"picked":"Acrobatics","floor":10}],"player_experience":600380,"relics_obtained":[{"floor":7,"key":"Sundial"},{"floor":9,"key":"Art of War"}],"event_choices":[{"cards_removed":["Strike_G"],"damage_healed":0,"gold_gain":0,"player_choice":"Offered Basic","damage_taken":0,"max_hp_gain":0,"max_hp_loss":0,"event_name":"Bonfire Elementals","floor":3,"gold_loss":0},{"cards_removed":["Defend_G"],"damage_healed":0,"gold_gain":0,"player_choice":"Card Removal","damage_taken":7,"max_hp_gain":0,"max_hp_loss":0,"event_name":"Golden Wing","floor":5,"gold_loss":0}],"is_beta":false,"boss_relics":[],"items_purged_floors":[],"is_endless":false,"potions_floor_spawned":[10],"killed_by":"3 Sentries","ascension_level":16}