{"gold_per_floor":[111,71,36,36,51,51,64,20,47,70,70,70,87,99,99,176,176,189,109,159,0,0],"floor_reached":22,"playtime":485,"items_purged":["Strike_B"],"score":344,"play_id":"d42324fb-2acd-4b67-b335-e8fbdca75fdc","local_time":"20181110135543","is_ascension_mode":true,"campfire_choices":[{"data":"Finesse","floor":6,"key":"SMITH"},{"data":"Zap","floor":12,"key":"SMITH"},{"data":"FTL","floor":15,"key":"SMITH"}],"neow_cost":"NONE","seed_source_timestamp":71604397220100,"circlet_count":0,"master_deck":["AscendersBane","Strike_B","Strike_B","Defend_B","Defend_B","Defend_B","Defend_B","Zap+1","Dualcast","Finesse+1","BootSequence","Chill","Self Repair","FTL+1","Ball Lightning","Conserve Battery","All For One","Defragment","Cold Snap","Capacitor"],"relics":["Cracked Core","Bag of Marbles","Vajra","Black Star"],"potions_floor_usage":[14],"damage_taken":[{"damage":2,"enemies":"Jaw Worm","floor":1,"turns":4},{"damage":0,"enemies":"Small Slimes","floor":5,"turns":4},{"damage":0,"enemies":"Cultist","floor":7,"turns":3},{"damage":0,"enemies":"2 Fungi Beasts","floor":13,"turns":3},{"damage":0,"enemies":"Lots of Slimes","floor":14,"turns":5},{"damage":53,"enemies":"The Guardian","floor":16,"turns":15},{"damage":25,"enemies":"Shell Parasite","floor":18,"turns":6},{"damage":12,"enemies":"2 Thieves","floor":19,"turns":4},{"damage":30,"enemies":"Snecko","floor":22,"turns":5}],"seed_played":"8003913097379659531","potions_obtained":[{"floor":1,"key":"Energy Potion"},{"floor":13,"key":"SneckoOil"},{"floor":18,"key":"FearPotion"}],"is_trial":false,"path_per_floor":["M","$","?","?","M","R","M","$","T","T","?","R","M","M","R","B",null,"M","M","?","$","M"],"character_chosen":"DEFECT","items_purchased":["Chill","FTL","Capacitor"],"campfire_rested":0,"item_purchase_floors":[2,8,21],"current_hp_per_floor":[62,62,62,62,62,62,62,62,62,62,62,62,69,71,71,25,60,42,30,30,30,0],"gold":0,"neow_bonus":"RANDOM_COLORLESS","is_prod":false,"is_daily":false,"chose_seed":false,"campfire_upgraded":3,"win_rate":0,"timestamp":1541858143,"path_taken":["M","$","?","?","M","R","M","$","T","?","?","R","M","M","R","BOSS","M","?","?","$","M"],"build_version":"2018-11-08","purchased_purges":1,"victory":false,"max_hp_per_floor":[71,71,71,71,71,71,71,71,71,71,71,71,71,71,71,71,71,71,71,71,71,71],"card_choices":[{"not_picked":["Loop","Gash"],"picked":"BootSequence","floor":1},{"not_picked":["Chaos","Gash","Static Discharge"],"picked":"SKIP","floor":5},{"not_picked":["Rip and Tear","Sweeping Beam"],"picked":"Self Repair","floor":7},{"not_picked":["Cold Snap","Undo"],"picked":"Ball Lightning","floor":13},{"not_picked":["Gash","Leap"],"picked":"Conserve Battery","floor":14},{"not_picked":["Echo Form","Hyperbeam"],"picked":"All For One","floor":16},{"not_picked":["Cold Snap","Force Field+1"],"picked":"Defragment","floor":18},{"not_picked":["Sweeping Beam","Turbo+1"],"picked":"Cold Snap","floor":19}],"player_experience":141093,"relics_obtained":[{"floor":9,"key":"Bag of Marbles"},{"floor":10,"key":"Vajra"}],"event_choices":[{"damage_healed":0,"gold_gain":0,"player_choice":"Left Gold","damage_taken":0,"max_hp_gain":0,"max_hp_loss":0,"event_name":"World of Goop","floor":3,"gold_loss":35},{"damage_healed":0,"gold_gain":0,"player_choice":"Leave","damage_taken":0,"max_hp_gain":0,"max_hp_loss":0,"event_name":"The Cleric","floor":4,"gold_loss":0},{"cards_removed":["Strike_B"],"damage_healed":0,"gold_gain":0,"player_choice":"Purged","damage_taken":0,"max_hp_gain":0,"max_hp_loss":0,"event_name":"Purifier","floor":11,"gold_loss":0},{"damage_healed":0,"gold_gain":50,"player_choice":"Pray","damage_taken":0,"max_hp_gain":0,"max_hp_loss":0,"event_name":"Golden Shrine","floor":20,"gold_loss":0}],"is_beta":false,"boss_relics":[{"not_picked":["Ectoplasm","Coffee Dripper"],"picked":"Black Star"}],"items_purged_floors":[21],"is_endless":false,"potions_floor_spawned":[1,13,18],"killed_by":"Snecko","ascension_level":20}