{"gold_per_floor":[109,121,132,57,57,57,87,103,103,103,121,121,138,138,138,241,241,255,155,171,186,12,12,12,12,35,35,55,70,88,0,0,102,152,171,75,85,35,35,35,63,78,78,92,122,122,39,39,39,39],"floor_reached":50,"playtime":1190,"items_purged":["Strike_B","Defend_B","Strike_B+1","Strike_B+1","Defend_B","Defend_B+1"],"score":753,"play_id":"2e040502-b62e-4389-9fd4-dfb9261dbf81","local_time":"20181030163952","is_ascension_mode":true,"campfire_choices":[{"data":"Zap","floor":6,"key":"SMITH"},{"data":"Dualcast","floor":12,"key":"SMITH"},{"data":"Self Repair","floor":15,"key":"SMITH"},{"data":"Biased Cognition","floor":23,"key":"SMITH"},{"data":"Defragment","floor":25,"key":"SMITH"},{"data":"Defend_B","floor":27,"key":"SMITH"},{"data":"Defragment","floor":32,"key":"SMITH"},{"data":"Storm","floor":40,"key":"SMITH"},{"floor":49,"key":"REST"}],"neow_cost":"NONE","seed_source_timestamp":1988260709290,"circlet_count":0,"master_deck":["Defend_B+1","Zap+1","Dualcast+1","Thunder Strike+1","Self Repair+1","Ball Lightning","Glacier+1","Core Surge","Biased Cognition+1","Conserve Battery+1","Ball Lightning","Defragment+1","Biased Cognition+1","Defragment+1","Reboot","Coolheaded","Storm+1","Panacea"],"relics":["Cracked Core","Blood Vial","Mercury Hourglass","Whetstone","Inserter","Smiling Mask","Tiny House","Thread and Needle","Pear","Omamori"],"potions_floor_usage":[16,18,20,41,45,50],"damage_taken":[{"damage":3,"enemies":"2 Louse","floor":1,"turns":3},{"damage":0,"enemies":"Small Slimes","floor":2,"turns":3},{"damage":1,"enemies":"Cultist","floor":3,"turns":3},{"damage":15,"enemies":"Lagavulin","floor":7,"turns":5},{"damage":3,"enemies":"2 Fungi Beasts","floor":8,"turns":4},{"damage":6,"enemies":"Exordium Wildlife","floor":11,"turns":4},{"damage":11,"enemies":"Lots of Slimes","floor":13,"turns":3},{"damage":3,"enemies":"The Guardian","floor":16,"turns":8},{"damage":7,"enemies":"2 Thieves","floor":18,"turns":3},{"damage":1,"enemies":"Spheric Guardian","floor":20,"turns":3},{"damage":19,"enemies":"Centurion and Healer","floor":21,"turns":5},{"damage":0,"enemies":"Cultist and Chosen","floor":28,"turns":6},{"damage":26,"enemies":"Snake Plant","floor":29,"turns":3},{"damage":16,"enemies":"Shelled Parasite and Fungi","floor":30,"turns":3},{"damage":7,"enemies":"Champ","floor":33,"turns":8},{"damage":20,"enemies":"3 Shapes","floor":35,"turns":3},{"damage":8,"enemies":"3 Darklings","floor":37,"turns":5},{"damage":28,"enemies":"Giant Head","floor":41,"turns":7},{"damage":0,"enemies":"Transient","floor":42,"turns":5},{"damage":17,"enemies":"Maw","floor":44,"turns":4},{"damage":33,"enemies":"Reptomancer","floor":45,"turns":5},{"damage":80,"enemies":"Time Eater","floor":50,"turns":4}],"seed_played":"-5306571246514929155","potions_obtained":[{"floor":7,"key":"Weak Potion"},{"floor":11,"key":"Swift Potion"},{"floor":16,"key":"GamblersBrew"},{"floor":18,"key":"Ancient Potion"},{"floor":30,"key":"Regen Potion"},{"floor":33,"key":"Dexterity Potion"},{"floor":42,"key":"AttackPotion"}],"is_trial":false,"path_per_floor":["M","M","M","$","?","R","E","M","T","?","M","R","M","T","R","B",null,"M","$","M","M","$","R","?","R","T","R","M","M","M","$","R","B",null,"M","$","M","$","?","R","E","M","T","M","E","?","$","?","R"],"character_chosen":"DEFECT","items_purchased":["Ball Lightning","Defragment","Coolheaded","Panacea"],"campfire_rested":1,"item_purchase_floors":[22,31,36,47],"current_hp_per_floor":[65,65,71,71,76,76,68,74,74,58,61,61,59,59,59,68,77,72,72,80,71,71,71,71,71,71,71,80,64,60,60,60,65,81,63,63,67,67,67,67,66,78,88,83,52,52,52,43,70,0],"gold":39,"neow_bonus":"TRANSFORM_CARD","is_prod":false,"is_daily":false,"chose_seed":false,"campfire_upgraded":8,"win_rate":0,"timestamp":1540917592,"path_taken":["M","M","M","$","?","R","E","M","T","?","M","R","M","?","R","BOSS","M","$","M","M","$","R","?","R","T","R","M","M","M","$","R","BOSS","M","$","?","$","?","R","E","M","T","M","E","?","$","?","R","BOSS"],"build_version":"2018-10-25v2","purchased_purges":6,"victory":false,"max_hp_per_floor":[75,75,75,75,80,80,80,80,80,80,80,80,80,80,80,80,80,80,80,80,80,80,80,80,80,80,80,80,80,80,80,80,80,85,85,85,85,85,81,81,81,81,91,91,91,91,91,91,91,91],"card_choices":[{"not_picked":["Gash","Turbo","Sweeping Beam"],"picked":"SKIP","floor":1},{"not_picked":["Rebound","Hologram"],"picked":"Self Repair","floor":2},{"not_picked":["Cold Snap","Beam Cell"],"picked":"Ball Lightning","floor":3},{"not_picked":["Genetic Algorithm","Scrape"],"picked":"Glacier","floor":7},{"not_picked":["Beam Cell","Undo","Genetic Algorithm"],"picked":"SKIP","floor":8},{"not_picked":["Leap","Skim","Go for the Eyes"],"picked":"SKIP","floor":11},{"not_picked":["Recycle","Leap"],"picked":"Core Surge","floor":13},{"not_picked":["Fission","All For One"],"picked":"Biased Cognition","floor":16},{"not_picked":["Barrage","Coolheaded"],"picked":"Conserve Battery+1","floor":18},{"not_picked":["Go for the Eyes","Leap","Lockon"],"picked":"SKIP","floor":20},{"not_picked":["Conserve Battery","Rebound+1","Capacitor"],"picked":"SKIP","floor":21},{"not_picked":["Turbo+1","Coolheaded+1","Barrage"],"picked":"SKIP","floor":28},{"not_picked":["Stack","Beam Cell","Coolheaded"],"picked":"SKIP","floor":29},{"not_picked":["Streamline","Barrage"],"picked":"Biased Cognition","floor":30},{"not_picked":["Creative AI","Hyperbeam"],"picked":"Reboot","floor":33},{"not_picked":["Chaos","Sweeping Beam","Tempest"],"picked":"SKIP","floor":35},{"not_picked":["Static Discharge+1","Hello World+1"],"picked":"Storm","floor":37},{"not_picked":["Thunder Strike","Darkness","Compile Driver+1"],"picked":"SKIP","floor":41},{"not_picked":["Compile Driver+1","Conserve Battery","Genetic Algorithm+1"],"picked":"SKIP","floor":42},{"not_picked":["Double Energy+1","Go for the Eyes+1","Streamline"],"picked":"SKIP","floor":44},{"not_picked":["Sweeping Beam+1","Chaos","Barrage"],"picked":"SKIP","floor":45}],"player_experience":89331,"relics_obtained":[{"floor":7,"key":"Blood Vial"},{"floor":9,"key":"Mercury Hourglass"},{"floor":14,"key":"Whetstone"},{"floor":26,"key":"Smiling Mask"},{"floor":41,"key":"Thread and Needle"},{"floor":43,"key":"Pear"},{"floor":45,"key":"Omamori"}],"event_choices":[{"damage_healed":0,"gold_gain":0,"player_choice":"Donut","damage_taken":0,"max_hp_gain":5,"max_hp_loss":0,"event_name":"Big Fish","floor":5,"gold_loss":0},{"damage_healed":0,"gold_gain":0,"player_choice":"Entered Light","damage_taken":16,"max_hp_gain":0,"max_hp_loss":0,"event_name":"Shining Light","floor":10,"gold_loss":0,"cards_upgraded":["Strike_B","Glacier"]},{"damage_healed":0,"gold_gain":0,"player_choice":"Read","damage_taken":0,"max_hp_gain":0,"max_hp_loss":0,"event_name":"The Library","floor":24,"gold_loss":0,"cards_obtained":["Defragment"]},{"damage_healed":0,"gold_gain":0,"player_choice":"Max HP","damage_taken":0,"max_hp_gain":0,"max_hp_loss":4,"event_name":"Winding Halls","floor":39,"gold_loss":0},{"damage_healed":0,"gold_gain":0,"player_choice":"Forge","damage_taken":0,"max_hp_gain":0,"max_hp_loss":0,"event_name":"Accursed Blacksmith","floor":46,"gold_loss":0,"cards_upgraded":["Biased Cognition"]},{"damage_healed":0,"gold_gain":0,"player_choice":"Damaged","damage_taken":9,"max_hp_gain":0,"max_hp_loss":0,"event_name":"Wheel of Change","floor":48,"gold_loss":0}],"is_beta":false,"boss_relics":[{"not_picked":["Cursed Key","Black Star"],"picked":"Inserter"},{"not_picked":["Lizard Tail","Coffee Dripper"],"picked":"Tiny House"}],"items_purged_floors":[4,19,22,31,36,38],"is_endless":false,"potions_floor_spawned":[7,11,16,18,30,33,37,42,44],"killed_by":"Time Eater","ascension_level":9}