{"gold_per_floor":[117,117,132,82,98,98,118,153,153,153,164,198,198,198,198,299,299,314,345,40,40,40],"floor_reached":22,"playtime":1712,"items_purged":["Defend_R"],"score":230,"play_id":"8736a105-eb30-45dd-8b09-e7ee65130239","local_time":"20180816235434","is_ascension_mode":true,"campfire_choices":[{"data":"Combust","floor":6,"key":"SMITH"},{"floor":10,"key":"REST"},{"floor":13,"key":"REST"},{"data":"Iron Wave","floor":15,"key":"SMITH"}],"neow_cost":"NONE","seed_source_timestamp":951572149763163,"circlet_count":0,"master_deck":["Strike_R","Strike_R","Strike_R","Defend_R","Defend_R","Defend_R","Bash","Combust+1","Disarm","Twin Strike","Headbutt","Shrug It Off","Iron Wave+1","Spot Weakness","Barricade","Clothesline","Ghostly Armor","Body Slam","Decay"],"relics":["Burning Blood","Bag of Marbles","Dodecahedron","Regal Pillow","Letter Opener","Mummified Hand","Philosopher\u0027s Stone","Red Mask","HandDrill"],"potions_floor_usage":[8,16,16,16],"damage_taken":[{"damage":4,"enemies":"Jaw Worm","floor":1,"turns":4},{"damage":1,"enemies":"Small Slimes","floor":3,"turns":3},{"damage":7,"enemies":"2 Louse","floor":5,"turns":3},{"damage":40,"enemies":"Gremlin Gang","floor":7,"turns":4},{"damage":22,"enemies":"3 Sentries","floor":8,"turns":5},{"damage":12,"enemies":"3 Louse","floor":11,"turns":2},{"damage":42,"enemies":"Gremlin Nob","floor":12,"turns":5},{"damage":43,"enemies":"Slime Boss","floor":16,"turns":8},{"damage":27,"enemies":"2 Thieves","floor":18,"turns":4},{"damage":43,"floor":19,"turns":5},{"damage":22,"enemies":"Shell Parasite","floor":22,"turns":2}],"seed_played":"-3415295870303733922","potions_obtained":[{"floor":1,"key":"EssenceOfSteel"},{"floor":3,"key":"Block Potion"},{"floor":8,"key":"Regen Potion"},{"floor":12,"key":"EssenceOfSteel"}],"is_trial":false,"path_per_floor":["M","?","M","?","M","R","M","E","T","R","M","E","R","?","R","B",null,"M","?","$","?"],"character_chosen":"IRONCLAD","items_purchased":["HandDrill","Body Slam"],"campfire_rested":2,"item_purchase_floors":[20,20],"current_hp_per_floor":[80,68,73,73,72,72,38,22,22,61,55,19,58,58,58,36,80,59,22,22,22,0],"gold":40,"neow_bonus":"RANDOM_COMMON_RELIC","is_prod":false,"is_daily":false,"chose_seed":false,"campfire_upgraded":2,"win_rate":0,"timestamp":1534481674,"path_taken":["M","?","M","?","M","R","?","E","T","R","M","E","R","?","R","BOSS","M","?","$","?","M"],"build_version":"2018-08-16","purchased_purges":1,"victory":false,"max_hp_per_floor":[80,80,80,80,80,80,80,80,80,80,80,80,80,80,80,80,80,80,80,80,80,80],"card_choices":[{"not_picked":["Rupture","Corruption"],"picked":"Combust","floor":1},{"not_picked":["Thunderclap","Corruption"],"picked":"Disarm","floor":3},{"not_picked":["Burning Pact","Evolve"],"picked":"Twin Strike","floor":5},{"not_picked":["True Grit","Twin Strike"],"picked":"Headbutt","floor":7},{"not_picked":["Uppercut","True Grit"],"picked":"Shrug It Off","floor":8},{"not_picked":["Wild Strike","Rampage"],"picked":"Iron Wave","floor":11},{"not_picked":["Warcry","Anger"],"picked":"Spot Weakness","floor":12},{"not_picked":["Bludgeon","Offering"],"picked":"Barricade","floor":16},{"not_picked":["True Grit","Flex"],"picked":"Clothesline","floor":18},{"not_picked":["Searing Blow","Clash"],"picked":"Ghostly Armor","floor":19}],"player_experience":100573,"relics_obtained":[{"floor":8,"key":"Regal Pillow"},{"floor":9,"key":"Letter Opener"},{"floor":12,"key":"Mummified Hand"},{"floor":19,"key":"Red Mask"}],"event_choices":[{"event_name":"Scrap Ooze","player_choice":"success","floor":2,"damage_taken":12},{"event_name":"The Cleric","player_choice":"Card Removal","floor":4,"damage_taken":0},{"event_name":"Purifier","player_choice":"One Purge","floor":14,"damage_taken":0},{"event_name":"Masked Bandits","player_choice":"Fought Bandits","floor":19,"damage_taken":0},{"event_name":"Forgotten Altar","player_choice":"Smashed Altar","floor":21,"damage_taken":0}],"is_beta":false,"boss_relics":[{"not_picked":["Runic Pyramid","White Beast Statue"],"picked":"Philosopher\u0027s Stone"}],"items_purged_floors":[20],"is_endless":false,"potions_floor_spawned":[1,3,8,12],"killed_by":"Shell Parasite","ascension_level":4}