{"gold_per_floor":[111,111,126,142,142,142,160,160,233,249,267,74,74,89,89,190,190,156,156,71,71,71,71,89,0,0,20,20,31,50,61,61,61],"floor_reached":33,"playtime":2874,"items_purged":[],"score":241,"play_id":"5ae93e45-c534-467d-a29f-f03545554036","local_time":"20190131034911","is_ascension_mode":false,"campfire_choices":[{"data":"Neutralize","floor":6.0,"key":"SMITH"},{"data":"Calculated Gamble","floor":8,"key":"SMITH"},{"data":"Distraction","floor":15,"key":"SMITH"},{"floor":23,"key":"REST"},{"floor":28,"key":"REST"},{"floor":32,"key":"REST"}],"neow_cost":"NONE","seed_source_timestamp":317710772882904,"circlet_count":0,"master_deck":["Defend_G","Defend_G","Defend_G","Defend_G","Defend_G","Strike_G","Strike_G","Strike_G","Strike_G","Survivor+1","Neutralize+1","Outmaneuver","Acrobatics","Heel Hook","Calculated Gamble+1","Distraction+1","Masterful Stab","Phantasmal Killer","Blade Dance","Night Terror","Slice+1","Quick Slash","Slice","Wraith Form v2","Prepared+1"],"special_seed":0,"relics":["Ring of the Snake","Mercury Hourglass","Mummified Hand","ClockworkSouvenir","Sozu","Centennial Puzzle","Du-Vu Doll"],"potions_floor_usage":[16,16,16],"damage_taken":[{"damage":4.0,"enemies":"2 Louse","floor":1.0,"turns":4.0},{"damage":3.0,"enemies":"Jaw Worm","floor":3.0,"turns":6.0},{"damage":0.0,"enemies":"Small Slimes","floor":4.0,"turns":3.0},{"damage":3,"enemies":"2 Fungi Beasts","floor":7,"turns":4},{"damage":7,"enemies":"Exordium Wildlife","floor":10,"turns":5},{"damage":0,"enemies":"Blue Slaver","floor":11,"turns":4},{"damage":7,"enemies":"Looter","floor":14,"turns":3},{"damage":57,"enemies":"The Guardian","floor":16,"turns":14},{"damage":19,"enemies":"2 Thieves","floor":18,"turns":5},{"damage":4,"enemies":"Colosseum Slavers","floor":19,"turns":4},{"damage":0,"enemies":"Chosen","floor":24,"turns":3},{"damage":52,"enemies":"Snake Plant","floor":27,"turns":5},{"damage":6,"enemies":"Snecko","floor":29,"turns":6},{"damage":2,"enemies":"Centurion and Healer","floor":30,"turns":6},{"damage":1,"enemies":"Cultist and Chosen","floor":31,"turns":6},{"damage":59,"enemies":"Collector","floor":33,"turns":7}],"seed_played":"-5653045303481532503","potions_obtained":[{"floor":4.0,"key":"Strength Potion"},{"floor":7,"key":"Regen Potion"},{"floor":10,"key":"Dexterity Potion"}],"is_trial":false,"path_per_floor":["?","T","?","?","?","?","?","M"],"character_chosen":"THE_SILENT","items_purchased":["ClockworkSouvenir"],"campfire_rested":3,"item_purchase_floors":[12],"current_hp_per_floor":[66,71,68,68,68,68,65,65,65,58,58,58,58,51,51,9,75,56,52,52,38,38,62,62,62,62,10,34,28,26,25,49,0],"gold":61,"neow_bonus":"UPGRADE_CARD","is_prod":false,"is_daily":false,"chose_seed":false,"campfire_upgraded":3,"win_rate":0.0,"timestamp":1548902951,"path_taken":["M","?","M","M","?","R","M","R","T","M","M","$","?","M","R","BOSS","M","?","?","?","$","R","M","?","T","M","R","M","M","?","R","BOSS"],"build_version":"2019-01-23","purchased_purges":0,"victory":false,"max_hp_per_floor":[70,75,75,75,75,75,75,75,75,75,75,75,75,75,75,75,75,75,75,75,80,80,80,80,80,80,80,80,80,80,80,80,80],"card_choices":[{"not_picked":["Flechettes","Dagger Throw"],"picked":"Outmaneuver","floor":1.0},{"not_picked":["PiercingWail","Underhanded Strike"],"picked":"Acrobatics","floor":3.0},{"not_picked":["Escape Plan","Endless Agony"],"picked":"Heel Hook","floor":4.0},{"not_picked":["Dash","Deadly Poison"],"picked":"Calculated Gamble","floor":7},{"not_picked":["Escape Plan","Dagger Throw"],"picked":"Distraction","floor":10},{"not_picked":["Dodge and Roll","Distraction"],"picked":"Masterful Stab","floor":11},{"not_picked":["Dagger Throw","Prepared"],"picked":"Blade Dance","floor":14},{"not_picked":["Malaise","Doppelganger"],"picked":"Night Terror","floor":16},{"not_picked":["Prepared","Bouncing Flask"],"picked":"Slice+1","floor":18},{"not_picked":["Calculated Gamble","PiercingWail"],"picked":"Quick Slash","floor":24},{"not_picked":["Blade Dance","Crippling Poison"],"picked":"Slice","floor":27},{"not_picked":["Deadly Poison","PiercingWail"],"picked":"Wraith Form v2","floor":29},{"not_picked":["Underhanded Strike","Acrobatics","Bouncing Flask"],"picked":"SKIP","floor":30},{"not_picked":["Crippling Poison","Acrobatics"],"picked":"Prepared+1","floor":31}],"player_experience":60894,"relics_obtained":[{"floor":5.0,"key":"Mercury Hourglass"},{"floor":9,"key":"Mummified Hand"},{"floor":26,"key":"Du-Vu Doll"}],"event_choices":[{"damage_healed":0.0,"max_hp_gain":5.0,"max_hp_loss":0.0,"gold_gain":0.0,"event_name":"Big Fish","player_choice":"Donut","floor":2.0,"gold_loss":0.0,"damage_taken":0.0},{"damage_healed":0,"gold_gain":0,"cards_transformed":["Strike_G"],"player_choice":"Change","damage_taken":0,"max_hp_gain":0,"max_hp_loss":0,"event_name":"Living Wall","floor":13,"gold_loss":0,"cards_obtained":["Phantasmal Killer"]},{"damage_healed":0,"gold_gain":0,"player_choice":"Fight","damage_taken":0,"max_hp_gain":0,"max_hp_loss":0,"event_name":"Colosseum","floor":19,"gold_loss":0},{"damage_healed":0,"gold_gain":0,"player_choice":"Fled From Nobs","damage_taken":0,"max_hp_gain":0,"max_hp_loss":0,"event_name":"Colosseum","floor":19,"gold_loss":0},{"damage_healed":0,"gold_gain":0,"player_choice":"Obtained Relic","damage_taken":0,"relics_obtained":["Centennial Puzzle"],"max_hp_gain":0,"max_hp_loss":0,"event_name":"Addict","floor":20,"gold_loss":85},{"damage_healed":0,"gold_gain":0,"player_choice":"Shed Blood","damage_taken":19,"max_hp_gain":5,"max_hp_loss":0,"event_name":"Forgotten Altar","floor":21,"gold_loss":0},{"damage_healed":0,"gold_gain":0,"player_choice":"Paid Fearfully","damage_taken":0,"max_hp_gain":0,"max_hp_loss":0,"event_name":"Masked Bandits","floor":25,"gold_loss":89}],"is_beta":false,"boss_relics":[{"not_picked":["WristBlade","Busted Crown"],"picked":"Sozu"}],"items_purged_floors":[],"is_endless":false,"potions_floor_spawned":[4,7,10,11,18,29,31],"killed_by":"Collector","ascension_level":0}