{"gold_per_floor":[111,186,205,30,30,62,62,89,89,89,115,115,146,157,157,254,254,272,272,283,140,151,151,171,171,171,15,46,46,64,75,75,75],"floor_reached":33,"playtime":3647,"items_purged":[],"score":402,"play_id":"64ed82aa-df41-4187-918c-5ab1c5d18693","local_time":"20190110141325","is_ascension_mode":true,"campfire_choices":[{"data":"Whirlwind","floor":7,"key":"SMITH"},{"data":"Chrysalis","floor":10,"key":"SMITH"},{"floor":12,"key":"REST"},{"data":"Clothesline","floor":15,"key":"SMITH"},{"data":"Impervious","floor":23,"key":"SMITH"},{"floor":25,"key":"DIG"},{"data":"Offering","floor":32,"key":"SMITH"}],"neow_cost":"NONE","seed_source_timestamp":3880151730121687,"circlet_count":0,"master_deck":["Strike_R+1","Strike_R+1","Strike_R+1","Strike_R+1","Strike_R+1","Defend_R+1","Defend_R+1","Defend_R+1","Defend_R+1","Bash+1","Headbutt","Chrysalis+1","Whirlwind+1","Ghostly Armor","Iron Wave","Ghostly Armor","Clothesline+1","Impervious+1","Armaments+1","Spot Weakness","Flame Barrier","Clumsy","Offering+1","True Grit+1","Flame Barrier"],"relics":["Burning Blood","NeowsBlessing","Meat on the Bone","Lantern","War Paint","Art of War","Shovel","Cursed Key","Anchor","Torii","Orichalcum","Red Mask"],"potions_floor_usage":[8,11,31,33,33],"damage_taken":[{"damage":0,"enemies":"Jaw Worm","floor":1,"turns":1},{"damage":0,"enemies":"Small Slimes","floor":3,"turns":1},{"damage":0,"enemies":"Gremlin Nob","floor":6,"turns":1},{"damage":27,"enemies":"3 Sentries","floor":8,"turns":5},{"damage":32,"enemies":"Gremlin Nob","floor":11,"turns":4},{"damage":40,"enemies":"Lagavulin","floor":13,"turns":4},{"damage":0,"enemies":"2 Louse","floor":14,"turns":2},{"damage":14,"enemies":"The Guardian","floor":16,"turns":16},{"damage":0,"enemies":"3 Byrds","floor":18,"turns":4},{"damage":0,"enemies":"Chosen","floor":20,"turns":4},{"damage":14,"enemies":"Shelled Parasite and Fungi","floor":22,"turns":7},{"damage":14,"enemies":"Snake Plant","floor":24,"turns":5},{"damage":6,"enemies":"Masked Bandits","floor":28,"turns":1},{"damage":38,"enemies":"Cultist and Chosen","floor":30,"turns":8},{"damage":15,"enemies":"Centurion and Healer","floor":31,"turns":7},{"damage":43,"enemies":"Automaton","floor":33,"turns":10}],"seed_played":"-4905148344671767863","potions_obtained":[{"floor":3,"key":"Swift Potion"},{"floor":8,"key":"SneckoOil"},{"floor":13,"key":"Explosive Potion"},{"floor":18,"key":"Explosive Potion"},{"floor":28,"key":"EssenceOfSteel"}],"is_trial":false,"path_per_floor":["M","?","M","$","?","E","R","E","T","R","E","R","E","M","R","B",null,"M","?","M","$","M","R","M","R","T","$","?","?","M","M","R","B"],"character_chosen":"IRONCLAD","items_purchased":["Chrysalis","Anchor","Offering"],"campfire_rested":1,"item_purchase_floors":[4,21,27],"current_hp_per_floor":[78,67,73,73,57,63,63,54,54,54,40,64,42,48,48,52,73,79,64,70,70,62,62,54,54,54,54,54,54,34,37,37,0],"gold":75,"neow_bonus":"THREE_ENEMY_KILL","is_prod":false,"is_daily":false,"chose_seed":false,"campfire_upgraded":5,"win_rate":0,"timestamp":1547158405,"path_taken":["M","?","M","$","?","E","R","E","T","R","E","R","E","M","R","BOSS","M","?","M","$","M","R","M","R","T","$","?","?","M","M","R","BOSS"],"build_version":"2019-01-03v4","purchased_purges":0,"victory":false,"max_hp_per_floor":[80,80,80,80,80,80,80,80,80,80,80,80,80,80,80,80,80,80,85,85,85,85,85,85,85,85,85,85,85,85,85,85,85],"card_choices":[{"not_picked":["Entrench","Sword Boomerang"],"picked":"Headbutt","floor":1},{"not_picked":["Flex","Perfected Strike","Reckless Charge"],"picked":"SKIP","floor":3},{"not_picked":["Clash","Bloodletting"],"picked":"Whirlwind","floor":6},{"not_picked":["Sentinel","Entrench"],"picked":"Ghostly Armor","floor":8},{"not_picked":["Searing Blow","Bloodletting"],"picked":"Iron Wave","floor":11},{"not_picked":["Thunderclap","Body Slam"],"picked":"Ghostly Armor","floor":13},{"not_picked":["Body Slam","Cleave"],"picked":"Clothesline","floor":14},{"not_picked":["Dark Embrace","Bludgeon"],"picked":"Impervious","floor":16},{"not_picked":["Uppercut","Feel No Pain+1"],"picked":"Armaments+1","floor":18},{"not_picked":["Clash+1","Rampage"],"picked":"Spot Weakness","floor":20},{"not_picked":["Anger","Sever Soul"],"picked":"Flame Barrier","floor":22},{"not_picked":["Anger","Clash","Reckless Charge"],"picked":"SKIP","floor":24},{"not_picked":["Thunderclap","Wild Strike+1"],"picked":"True Grit+1","floor":28},{"not_picked":["Iron Wave","Pommel Strike+1"],"picked":"Flame Barrier","floor":30},{"not_picked":["Rage+1","True Grit","Clash"],"picked":"SKIP","floor":31}],"player_experience":268745,"relics_obtained":[{"floor":6,"key":"Meat on the Bone"},{"floor":8,"key":"Lantern"},{"floor":9,"key":"War Paint"},{"floor":11,"key":"Art of War"},{"floor":13,"key":"Shovel"},{"floor":25,"key":"Torii"},{"floor":26,"key":"Orichalcum"},{"floor":28,"key":"Red Mask"}],"event_choices":[{"damage_healed":0,"gold_gain":75,"player_choice":"Gather Gold","damage_taken":11,"max_hp_gain":0,"max_hp_loss":0,"event_name":"World of Goop","floor":2,"gold_loss":0},{"damage_healed":0,"gold_gain":0,"player_choice":"Entered Light","damage_taken":16,"max_hp_gain":0,"max_hp_loss":0,"event_name":"Shining Light","floor":5,"gold_loss":0,"cards_upgraded":["Defend_R","Bash"]},{"damage_healed":0,"gold_gain":0,"player_choice":"Shed Blood","damage_taken":20,"max_hp_gain":5,"max_hp_loss":0,"event_name":"Forgotten Altar","floor":19,"gold_loss":0},{"damage_healed":0,"gold_gain":0,"player_choice":"Fought Bandits","damage_taken":0,"max_hp_gain":0,"max_hp_loss":0,"event_name":"Masked Bandits","floor":28,"gold_loss":0},{"damage_healed":0,"gold_gain":0,"player_choice":"Simplicity","damage_taken":0,"max_hp_gain":0,"max_hp_loss":0,"event_name":"Back to Basics","floor":29,"gold_loss":0,"cards_upgraded":["Strike_R","Strike_R","Strike_R","Strike_R","Strike_R","Defend_R"]}],"is_beta":false,"boss_relics":[{"not_picked":["Philosopher\u0027s Stone","Fusion Hammer"],"picked":"Cursed Key"}],"items_purged_floors":[],"is_endless":false,"potions_floor_spawned":[3,8,13,18,28],"killed_by":"Automaton","ascension_level":7}