{"gold_per_floor":[115,115,163,174,174,174,194,194,194,211,246,246,276,55,55,159,159,173,58,158,158,158,186,198,198,225,70,87,87,87,105,105,206,206,216,216,228,246,257,257,257,257,257,257,287,287,319,337,337,337],"floor_reached":51,"playtime":3687,"items_purged":[],"score":1018,"play_id":"fb23fce3-774f-4f8d-9b5d-7660796b6f3d","local_time":"20180825020645","is_ascension_mode":true,"campfire_choices":[{"floor":6,"key":"REST"},{"data":"Noxious Fumes","floor":8,"key":"SMITH"},{"floor":12,"key":"REST"},{"floor":15,"key":"REST"},{"floor":25,"key":"REST"},{"data":"Burst","floor":30,"key":"SMITH"},{"data":"Deadly Poison","floor":32,"key":"SMITH"},{"data":"Ghostly","floor":40,"key":"SMITH"},{"data":"Deadly Poison","floor":42,"key":"SMITH"},{"data":"Deadly Poison","floor":44,"key":"SMITH"},{"floor":49,"key":"REST"}],"neow_cost":"","seed_source_timestamp":258093463625703,"circlet_count":0,"master_deck":["Defend_G+1","Defend_G+1","Defend_G+1","Defend_G+1","Strike_G+1","Strike_G+1","Strike_G+1","Strike_G+1","Survivor","Neutralize","Bane","Acrobatics","Noxious Fumes+1","Deadly Poison+1","Blur+1","Footwork","PiercingWail","Burst+1","Deadly Poison+1","PiercingWail+1","Deadly Poison+1","Ghostly+1","Ghostly","Ghostly","Ghostly","Ghostly","Blur","Adrenaline","Deadly Poison+1","Concentrate+1","Caltrops+1","Madness","Madness","Bane+1","Doppelganger"],"relics":["Ring of the Snake","Oddly Smooth Stone","The Courier","Art of War","Blue Candle","War Paint","Runic Pyramid","Orichalcum","Letter Opener","Frozen Egg 2","Bronze Scales","TwistedFunnel","Philosopher\u0027s Stone","Pen Nib","Strawberry","Mango"],"potions_floor_usage":[13,13,16,16,23,41,50,50],"damage_taken":[{"damage":16,"enemies":"Jaw Worm","floor":1,"turns":8},{"damage":0,"enemies":"2 Louse","floor":4,"turns":3},{"damage":4,"enemies":"Cultist","floor":7,"turns":5},{"damage":13,"enemies":"Large Slime","floor":10,"turns":6},{"damage":17,"enemies":"Lagavulin","floor":11,"turns":7},{"damage":24,"enemies":"Gremlin Nob","floor":13,"turns":4},{"damage":36,"enemies":"Slime Boss","floor":16,"turns":10},{"damage":39,"enemies":"3 Byrds","floor":18,"turns":5},{"damage":21,"enemies":"Book of Stabbing","floor":23,"turns":6},{"damage":0,"enemies":"Spheric Guardian","floor":24,"turns":5},{"damage":0,"enemies":"Chosen and Byrds","floor":28,"turns":4},{"damage":0,"enemies":"Snake Plant","floor":31,"turns":4},{"damage":0,"enemies":"Collector","floor":33,"turns":9},{"damage":0,"enemies":"Flame Bruiser 1 Orb","floor":35,"turns":6},{"damage":0,"enemies":"Orb Walker","floor":37,"turns":3},{"damage":0,"enemies":"4 Shapes","floor":38,"turns":3},{"damage":4,"enemies":"Spire Growth","floor":39,"turns":4},{"damage":0,"enemies":"2 Orb Walkers","floor":41,"turns":1},{"damage":3,"enemies":"Nemesis","floor":45,"turns":7},{"damage":0,"enemies":"2 Orb Walkers","floor":47,"turns":5},{"damage":0,"enemies":"Transient","floor":48,"turns":5},{"damage":33,"enemies":"Time Eater","floor":50,"turns":10}],"seed_played":"-1630060381973522947","potions_obtained":[{"floor":7,"key":"LiquidBronze"},{"floor":11,"key":"Block Potion"},{"floor":13,"key":"AttackPotion"},{"floor":16,"key":"Fruit Juice"},{"floor":18,"key":"Dexterity Potion"},{"floor":24,"key":"AttackPotion"},{"floor":28,"key":"Poison Potion"},{"floor":31,"key":"Swift Potion"},{"floor":37,"key":"Regen Potion"},{"floor":39,"key":"SmokeBomb"},{"floor":45,"key":"FearPotion"}],"is_trial":false,"path_per_floor":["M","?","T","M","?","R","M","R","T","M","E","R","E","$","R","B",null,"M","$","?","?","T","E","M","R","T","$","M","?","R","M","R","B",null,"M","?","M","M","M","R","E","R","T","R","E","?","E","M","R","B"],"character_chosen":"THE_SILENT","items_purchased":["Footwork","War Paint","PiercingWail","Orichalcum","TwistedFunnel"],"campfire_rested":5,"item_purchase_floors":[14,14,14,19,27],"current_hp_per_floor":[54,54,54,54,47,68,64,64,64,51,34,55,31,31,52,21,75,36,36,36,36,36,15,15,37,37,37,37,37,37,37,37,37,37,37,37,37,37,33,33,33,33,33,33,37,31,45,45,58,28],"gold":337,"neow_bonus":"","is_prod":false,"is_daily":false,"chose_seed":false,"campfire_upgraded":6,"win_rate":0,"timestamp":1535180805,"path_taken":["M","?","?","M","?","R","M","R","T","?","E","R","E","$","R","BOSS","M","$","?","?","?","E","M","R","T","$","?","?","R","M","R","BOSS","M","?","M","M","M","R","E","R","T","R","E","?","E","?","R","BOSS"],"build_version":"2018-08-23v2","purchased_purges":0,"victory":true,"max_hp_per_floor":[70,70,70,70,70,70,70,70,70,70,70,70,70,70,70,75,75,75,75,75,75,75,75,75,75,75,75,75,37,37,37,37,37,37,37,37,37,37,37,37,37,37,37,37,44,44,58,58,58,58],"card_choices":[{"not_picked":["Skewer","Eviscerate"],"picked":"Bane","floor":1},{"not_picked":["Choke","Prepared"],"picked":"Acrobatics","floor":4},{"not_picked":["Deflect","Bane"],"picked":"Noxious Fumes","floor":7},{"not_picked":["PiercingWail","Cloak And Dagger"],"picked":"Deadly Poison","floor":10},{"not_picked":["Underhanded Strike","Backstab","Bullet Time"],"picked":"SKIP","floor":11},{"not_picked":["Calculated Gamble","Dash"],"picked":"Blur","floor":13},{"not_picked":["Storm of Steel","Wraith Form v2"],"picked":"Burst","floor":16},{"not_picked":["Backstab","Caltrops"],"picked":"Deadly Poison","floor":18},{"not_picked":["Acrobatics","Skewer"],"picked":"PiercingWail+1","floor":23},{"not_picked":["Sucker Punch","Underhanded Strike+1"],"picked":"Deadly Poison","floor":24},{"not_picked":["Prepared","Underhanded Strike+1","Well Laid Plans+1"],"picked":"SKIP","floor":28},{"not_picked":["Backflip","Flying Knee+1"],"picked":"Blur","floor":31},{"not_picked":["A Thousand Cuts+1","Glass Knife"],"picked":"Adrenaline","floor":33},{"not_picked":["Skewer+1","Prepared"],"picked":"Deadly Poison+1","floor":35},{"not_picked":["Tactician","Blade Dance+1","Deflect"],"picked":"SKIP","floor":37},{"not_picked":["Glass Knife","Dodge and Roll"],"picked":"Concentrate+1","floor":38},{"not_picked":["Flying Knee","Acrobatics+1","Escape Plan"],"picked":"SKIP","floor":39},{"not_picked":["Endless Agony","PiercingWail"],"picked":"Caltrops+1","floor":45},{"not_picked":["Backflip","Dodge and Roll"],"picked":"Bane+1","floor":47},{"not_picked":["Prepared","Cloak And Dagger"],"picked":"Doppelganger","floor":48}],"player_experience":225195,"relics_obtained":[{"floor":3,"key":"Oddly Smooth Stone"},{"floor":9,"key":"The Courier"},{"floor":11,"key":"Art of War"},{"floor":13,"key":"Blue Candle"},{"floor":22,"key":"Letter Opener"},{"floor":23,"key":"Frozen Egg 2"},{"floor":26,"key":"Bronze Scales"},{"floor":43,"key":"Pen Nib"},{"floor":45,"key":"Strawberry"},{"floor":47,"key":"Mango"}],"event_choices":[{"event_name":"Shining Light","player_choice":"Ignored","floor":2,"damage_taken":0},{"event_name":"Golden Wing","player_choice":"Card Removal","floor":5,"damage_taken":0},{"event_name":"Golden Shrine","player_choice":"Pray","floor":20,"damage_taken":0},{"event_name":"Back to Basics","player_choice":"Simplicity","floor":21,"damage_taken":0},{"event_name":"Ghosts","player_choice":"Became a Ghost","floor":29,"damage_taken":0},{"event_name":"Falling","player_choice":"Removed Skill","floor":36,"damage_taken":0},{"event_name":"Winding Halls","player_choice":"Embrace Madness","floor":46,"damage_taken":0}],"is_beta":false,"boss_relics":[{"not_picked":["White Beast Statue","Empty Cage"],"picked":"Runic Pyramid"},{"not_picked":["Runic Dome","Ring of the Serpent"],"picked":"Philosopher\u0027s Stone"}],"items_purged_floors":[],"is_endless":false,"potions_floor_spawned":[7,11,13,16,18,24,28,31,37,39,45,48],"ascension_level":4}