{"gold_per_floor":[114,134,54,54,69,94,94,122,175,191,28,28,28,38,38,133,133,151,161,161,10,10,10,35,35,35,35,35,52,52,64,64,164,164,184,184,284,28,40,40,54,54,54,54,82,82,92,0,0,0],"floor_reached":51,"playtime":4806,"items_purged":[],"score":651,"play_id":"bc7e8399-0340-42b7-97e3-c4b9af172d87","local_time":"20190112234039","is_ascension_mode":false,"campfire_choices":[{"data":"Self Repair","floor":7,"key":"SMITH"},{"data":"Zap","floor":12,"key":"SMITH"},{"data":"Defragment","floor":15,"key":"SMITH"},{"data":"Go for the Eyes","floor":23,"key":"SMITH"},{"data":"Reinforced Body","floor":27,"key":"SMITH"},{"data":"Electrodynamics","floor":30,"key":"SMITH"},{"data":"Beam Cell","floor":32,"key":"SMITH"},{"data":"Biased Cognition","floor":40,"key":"SMITH"},{"data":"Madness","floor":42,"key":"SMITH"},{"data":"Madness","floor":46,"key":"SMITH"},{"data":"Undo","floor":49,"key":"SMITH"}],"neow_cost":"NONE","seed_source_timestamp":300375620481400,"circlet_count":0,"master_deck":["Defend_B","Defend_B","Defend_B","Zap+1","Beam Cell+1","Ball Lightning","Self Repair+1","Cold Snap","Go for the Eyes+1","Undo+1","Seek","Defragment+1","Electrodynamics+1","Rip and Tear+1","Reinforced Body+1","Creative AI+1","Ball Lightning","Self Repair","Reinforced Body+1","Force Field+1","Biased Cognition+1","Capacitor+1","Madness+1","Madness+1","FTL","Tempest+1"],"relics":["Cracked Core","NeowsBlessing","Kunai","Pen Nib","Blood Vial","Astrolabe","Orichalcum","Darkstone Periapt","Ornamental Fan","Lizard Tail","Ice Cream","Pear","Centennial Puzzle","Anchor","Red Mask"],"potions_floor_usage":[8,14,29,33,37,47,50,50,50,50],"damage_taken":[{"damage":0,"enemies":"Cultist","floor":1,"turns":1},{"damage":0,"enemies":"Small Slimes","floor":2,"turns":1},{"damage":0,"enemies":"Jaw Worm","floor":5,"turns":1},{"damage":29,"enemies":"Lagavulin","floor":6,"turns":5},{"damage":17,"enemies":"3 Sentries","floor":8,"turns":7},{"damage":5,"enemies":"Looter","floor":10,"turns":2},{"damage":0,"enemies":"3 Louse","floor":14,"turns":4},{"damage":5,"enemies":"The Guardian","floor":16,"turns":11},{"damage":16,"enemies":"Chosen","floor":18,"turns":5},{"damage":9,"enemies":"Shell Parasite","floor":19,"turns":5},{"damage":23,"enemies":"Book of Stabbing","floor":24,"turns":7},{"damage":5,"enemies":"Sentry and Sphere","floor":29,"turns":3},{"damage":2,"enemies":"Centurion and Healer","floor":31,"turns":5},{"damage":22,"enemies":"Collector","floor":33,"turns":7},{"damage":15,"enemies":"3 Darklings","floor":35,"turns":2},{"damage":9,"enemies":"Mind Bloom Boss Battle","floor":37,"turns":6},{"damage":0,"enemies":"3 Shapes","floor":39,"turns":4},{"damage":19,"enemies":"Maw","floor":41,"turns":7},{"damage":19,"enemies":"Reptomancer","floor":45,"turns":5},{"damage":14,"enemies":"Writhing Mass","floor":47,"turns":6},{"damage":20,"enemies":"Time Eater","floor":50,"turns":10}],"seed_played":"-6435167438930683186","potions_obtained":[{"floor":1,"key":"Block Potion"},{"floor":5,"key":"EssenceOfSteel"},{"floor":6,"key":"Fire Potion"},{"floor":29,"key":"Fire Potion"},{"floor":31,"key":"FocusPotion"},{"floor":35,"key":"SteroidPotion"},{"floor":37,"key":"Regen Potion"},{"floor":45,"key":"EntropicBrew"}],"is_trial":false,"path_per_floor":["M","M","$","?","M","E","R","E","T","M","$","R","?","M","R","B",null,"M","M","?","$","?","R","E","$","T","R","?","M","R","M","R","B",null,"M","?","?","$","M","R","M","R","T","$","E","R","M","?","R","B",null],"character_chosen":"DEFECT","items_purchased":["Self Repair","Seek","Orichalcum","Pear"],"campfire_rested":0,"item_purchase_floors":[3,11,21,38],"current_hp_per_floor":[75,75,75,75,75,53,53,53,53,60,60,60,53,72,72,75,75,75,75,75,75,75,75,75,75,75,75,75,75,75,75,75,63,75,60,51,61,71,83,83,83,83,83,83,73,73,85,85,85,82],"gold":0,"neow_bonus":"THREE_ENEMY_KILL","is_prod":false,"is_daily":false,"chose_seed":false,"campfire_upgraded":11,"win_rate":0.0,"timestamp":1547354439,"path_taken":["M","M","$","?","M","E","R","E","T","M","$","R","?","M","R","BOSS","M","M","?","$","?","R","E","$","T","R","?","?","R","M","R","BOSS","M","?","?","$","M","R","M","R","T","?","E","R","M","?","R","BOSS"],"build_version":"2019-01-10","purchased_purges":0,"victory":true,"max_hp_per_floor":[75,75,75,75,75,75,75,75,75,75,75,75,75,75,75,75,75,75,75,75,75,75,75,75,75,75,75,75,75,75,75,75,75,75,75,75,75,85,85,85,85,85,85,85,85,85,85,85,85,85],"card_choices":[{"not_picked":["Reinforced Body","Capacitor"],"picked":"Beam Cell","floor":1},{"not_picked":["BootSequence","Beam Cell"],"picked":"Ball Lightning","floor":2},{"not_picked":["Stack","Reinforced Body"],"picked":"Cold Snap","floor":5},{"not_picked":["Ball Lightning","Stack"],"picked":"Self Repair","floor":6},{"not_picked":["Conserve Battery","Blizzard"],"picked":"Go for the Eyes","floor":8},{"not_picked":["Hello World","Barrage"],"picked":"Undo","floor":10},{"not_picked":["Gash","Hello World"],"picked":"Defragment","floor":14},{"not_picked":["All For One","Seek"],"picked":"Electrodynamics","floor":16},{"not_picked":["Barrage+1","Beam Cell+1","Gash+1"],"picked":"SKIP","floor":18},{"not_picked":["Gash+1","Barrage"],"picked":"Ball Lightning","floor":19},{"not_picked":["Gash","Conserve Battery"],"picked":"Force Field+1","floor":24},{"not_picked":["Redo","Conserve Battery","Barrage+1"],"picked":"SKIP","floor":29},{"not_picked":["Go for the Eyes","Rebound","Lockon"],"picked":"SKIP","floor":31},{"not_picked":["Rainbow","All For One"],"picked":"Biased Cognition","floor":33},{"not_picked":["Steam","Force Field+1"],"picked":"Capacitor+1","floor":35},{"not_picked":["Redo","Streamline+1"],"picked":"FTL","floor":37},{"not_picked":["Rebound+1","Go for the Eyes+1","Self Repair+1"],"picked":"SKIP","floor":39},{"not_picked":["Double Energy","Coolheaded","Rebound+1"],"picked":"SKIP","floor":41},{"not_picked":["Gash","Rebound+1"],"picked":"Tempest+1","floor":45},{"not_picked":["Rebound","Stack+1","Compile Driver+1"],"picked":"SKIP","floor":47}],"player_experience":12609,"relics_obtained":[{"floor":6,"key":"Kunai"},{"floor":8,"key":"Pen Nib"},{"floor":9,"key":"Blood Vial"},{"floor":24,"key":"Darkstone Periapt"},{"floor":26,"key":"Ornamental Fan"},{"floor":37,"key":"Ice Cream"},{"floor":43,"key":"Centennial Puzzle"},{"floor":45,"key":"Anchor"}],"event_choices":[{"damage_healed":0,"gold_gain":0,"player_choice":"Ignored","damage_taken":0,"max_hp_gain":0,"max_hp_loss":0,"event_name":"Liars Game","floor":4,"gold_loss":0},{"cards_removed":["Strike_B"],"damage_healed":0,"gold_gain":0,"player_choice":"Card Removal","damage_taken":7,"max_hp_gain":0,"max_hp_loss":0,"event_name":"Golden Wing","floor":13,"gold_loss":0},{"damage_healed":0,"gold_gain":0,"player_choice":"Ignored","damage_taken":0,"max_hp_gain":0,"max_hp_loss":0,"event_name":"Ghosts","floor":20,"gold_loss":0},{"damage_healed":0,"gold_gain":0,"cards_transformed":["Dualcast","Defend_B"],"player_choice":"Became Test Subject","damage_taken":0,"max_hp_gain":0,"max_hp_loss":0,"event_name":"Drug Dealer","floor":22,"gold_loss":0,"cards_obtained":["Self Repair","Reinforced Body"]},{"cards_removed":["Self Repair"],"damage_healed":0,"gold_gain":0,"player_choice":"Elegance","damage_taken":0,"max_hp_gain":0,"max_hp_loss":0,"event_name":"Back to Basics","floor":28,"gold_loss":0},{"damage_healed":0,"gold_gain":0,"player_choice":"Embrace Madness","damage_taken":9,"max_hp_gain":0,"max_hp_loss":0,"event_name":"Winding Halls","floor":36,"gold_loss":0,"cards_obtained":["Madness","Madness"]},{"damage_healed":0,"gold_gain":0,"player_choice":"Fight","damage_taken":0,"max_hp_gain":0,"max_hp_loss":0,"event_name":"MindBloom","floor":37,"gold_loss":0},{"damage_healed":0,"gold_gain":0,"player_choice":"Paid","damage_taken":0,"relics_obtained":["Red Mask"],"max_hp_gain":0,"max_hp_loss":0,"event_name":"Tomb of Lord Red Mask","floor":48,"gold_loss":92}],"is_beta":false,"boss_relics":[{"not_picked":["White Beast Statue","Empty Cage"],"picked":"Astrolabe"},{"not_picked":["Velvet Choker","Snecko Eye"],"picked":"Lizard Tail"}],"items_purged_floors":[],"is_endless":false,"potions_floor_spawned":[1,5,6,29,31,35,37,45],"ascension_level":0}