{"gold_per_floor":[212,65,85,60,72,101,101,162,215,215,165,90,105,133,133,238,238,254,254,3,19,19,49,49,61,86,36,36,36,36,65,65,167,167,179,179,190,190,205,205,219,42,124,0,13,13,13,25,25,25,25,25,25,25],"floor_reached":54,"playtime":4455,"items_purged":["Strike_B","Strike_B","Zap"],"score":878,"play_id":"fe61ff93-887a-4f8b-baa1-b89ff2bf36da","local_time":"20190120204213","is_ascension_mode":true,"campfire_choices":[{"floor":7,"key":"REST"},{"data":"Coolheaded","floor":10,"key":"SMITH"},{"data":"Coolheaded","floor":15,"key":"SMITH"},{"floor":24,"key":"REST"},{"floor":28,"key":"DIG"},{"floor":30,"key":"DIG"},{"floor":32,"key":"DIG"},{"floor":40,"key":"REST"},{"floor":47,"key":"REST"},{"floor":49,"key":"RECALL"},{"floor":52,"key":"DIG"}],"neow_cost":"NONE","seed_source_timestamp":70092511959345,"circlet_count":0,"master_deck":["Defend_B","Defend_B","Defend_B","Dualcast","Coolheaded+1","Sunder+1","Gash","Gash+1","Conserve Battery","Coolheaded+1","Gash","Barrage+1","Seek","Consume","Compile Driver","Defragment","Double Energy","Capacitor","Coolheaded","Machine Learning","Double Energy","Parasite","Consume","Coolheaded+1","Blizzard","Hologram","Ball Lightning+1"],"relics":["Cracked Core","Regal Pillow","Bag of Preparation","DataDisk","PreservedInsect","Smiling Mask","Inserter","Potion Belt","Shovel","Anchor","Bag of Marbles","Ancient Tea Set","Dead Branch","Whetstone","Eternal Feather","Red Mask","Pantograph"],"potions_floor_usage":[16,16,23,31,31,33,39,41,50,50,50],"damage_taken":[{"damage":0,"enemies":"Cultist","floor":1,"turns":4},{"damage":4,"enemies":"Jaw Worm","floor":3,"turns":4},{"damage":0,"enemies":"2 Louse","floor":5,"turns":2},{"damage":32,"enemies":"Gremlin Nob","floor":6,"turns":4},{"damage":17,"enemies":"3 Sentries","floor":8,"turns":6},{"damage":0,"enemies":"2 Fungi Beasts","floor":13,"turns":2},{"damage":2,"enemies":"Lagavulin","floor":14,"turns":7},{"damage":1,"enemies":"The Guardian","floor":16,"turns":9},{"damage":8,"enemies":"3 Byrds","floor":18,"turns":5},{"damage":2,"enemies":"Chosen","floor":21,"turns":3},{"damage":36,"enemies":"Slavers","floor":23,"turns":5},{"damage":0,"enemies":"3 Cultists","floor":25,"turns":4},{"damage":4,"enemies":"Book of Stabbing","floor":31,"turns":5},{"damage":21,"enemies":"Collector","floor":33,"turns":9},{"damage":4,"enemies":"Orb Walker","floor":35,"turns":4},{"damage":0,"enemies":"3 Shapes","floor":37,"turns":6},{"damage":41,"enemies":"Writhing Mass","floor":39,"turns":8},{"damage":57,"enemies":"Transient","floor":41,"turns":5},{"damage":0,"enemies":"4 Shapes","floor":45,"turns":11},{"damage":46,"enemies":"Sphere and 2 Shapes","floor":48,"turns":8},{"damage":25,"enemies":"Awakened One","floor":50,"turns":41},{"damage":76,"enemies":"Shield and Spear","floor":54,"turns":5}],"seed_played":"-2879953981773053987","potions_obtained":[{"floor":3,"key":"SneckoOil"},{"floor":8,"key":"FearPotion"},{"floor":13,"key":"Poison Potion"},{"floor":14,"key":"Strength Potion"},{"floor":16,"key":"FearPotion"},{"floor":18,"key":"AttackPotion"},{"floor":23,"key":"Regen Potion"},{"floor":33,"key":"PowerPotion"},{"floor":37,"key":"GamblersBrew"},{"floor":45,"key":"Swift Potion"},{"floor":48,"key":"Regen Potion"}],"is_trial":false,"path_per_floor":["M","$","M","$","M","E","R","?","T","R","?","$","M","E","R","B",null,"M","?","$","M","?","E","R","M","T","$","R","$","R","E","R","B",null,"M","?","M","$","M","R","M","$","T","?","M","?","R","M","R","B",null,"R","$","E"],"character_chosen":"DEFECT","items_purchased":["Regal Pillow","Gash","Compile Driver","Potion Belt","Blizzard","Dexterity Potion","SteroidPotion"],"campfire_rested":4,"item_purchase_floors":[2,4,20,20,42,42,42],"current_hp_per_floor":[68,68,64,64,64,32,69,52,52,52,52,52,52,50,50,49,69,61,61,61,59,59,23,60,60,60,60,60,60,60,56,56,50,69,65,65,65,65,24,73,16,16,16,16,16,16,68,22,37,27,63,75,75,0],"gold":25,"neow_bonus":"HUNDRED_GOLD","is_prod":false,"is_daily":false,"chose_seed":false,"campfire_upgraded":2,"win_rate":0,"timestamp":1548038533,"path_taken":["M","$","M","$","M","E","R","?","T","R","?","?","M","E","R","BOSS","M","?","$","M","?","E","R","M","T","$","R","$","R","E","R","BOSS","M","?","M","$","M","R","M","$","T","?","M","?","R","M","R","BOSS","R","$","E"],"build_version":"2019-01-17v2","purchased_purges":3,"victory":false,"max_hp_per_floor":[75,75,75,75,75,75,75,75,75,75,75,75,75,75,75,75,75,75,75,75,75,75,75,75,75,75,75,75,75,75,75,75,75,75,75,75,75,75,75,75,75,75,75,75,75,75,75,75,75,75,75,75,75,75],"card_choices":[{"not_picked":["Redo","Loop"],"picked":"Coolheaded","floor":1},{"not_picked":["Beam Cell","Streamline"],"picked":"Sunder","floor":3},{"not_picked":["Turbo","Reprogram"],"picked":"Gash","floor":5},{"not_picked":["Redo","Steam Power"],"picked":"Conserve Battery","floor":6},{"not_picked":["Compile Driver","Skim"],"picked":"Coolheaded","floor":8},{"not_picked":["Scrape","Fusion","Steam"],"picked":"SKIP","floor":13},{"not_picked":["Fusion","Machine Learning"],"picked":"Gash","floor":14},{"not_picked":["Echo Form","All For One"],"picked":"Biased Cognition","floor":16},{"not_picked":["Lockon+1","BootSequence+1"],"picked":"Barrage+1","floor":18},{"not_picked":["Capacitor","Go for the Eyes"],"picked":"Defragment","floor":21},{"not_picked":["Turbo+1","Redo+1"],"picked":"Double Energy","floor":23},{"not_picked":["Beam Cell","Hello World"],"picked":"Capacitor","floor":25},{"not_picked":["Cold Snap+1","Redo"],"picked":"Coolheaded","floor":31},{"not_picked":["Core Surge","Meteor Strike"],"picked":"Machine Learning","floor":33},{"not_picked":["Sweeping Beam+1","Barrage+1"],"picked":"Double Energy","floor":35},{"not_picked":["Leap","FTL","Go for the Eyes"],"picked":"SKIP","floor":37},{"not_picked":["Defragment+1","Leap+1"],"picked":"Consume","floor":39},{"not_picked":["Echo Form","Conserve Battery+1"],"picked":"Coolheaded+1","floor":41},{"not_picked":["Go for the Eyes","Leap+1"],"picked":"Hologram","floor":45},{"not_picked":["Loop+1","Leap+1"],"picked":"Ball Lightning+1","floor":48}],"player_experience":503529,"relics_obtained":[{"floor":6,"key":"Bag of Preparation"},{"floor":9,"key":"PreservedInsect"},{"floor":14,"key":"Smiling Mask"},{"floor":23,"key":"Shovel"},{"floor":26,"key":"Anchor"},{"floor":28,"key":"Bag of Marbles"},{"floor":30,"key":"Ancient Tea Set"},{"floor":31,"key":"Dead Branch"},{"floor":32,"key":"Whetstone"},{"floor":52,"key":"Pantograph"}],"event_choices":[{"damage_healed":0,"gold_gain":0,"player_choice":"Searched \u00272\u0027 times","damage_taken":0,"relics_obtained":["DataDisk"],"max_hp_gain":0,"max_hp_loss":0,"event_name":"Dead Adventurer","floor":8,"gold_loss":0},{"cards_removed":["Strike_B"],"damage_healed":0,"gold_gain":0,"player_choice":"Card Removal","damage_taken":0,"max_hp_gain":0,"max_hp_loss":0,"event_name":"The Cleric","floor":11,"gold_loss":50},{"damage_healed":0,"gold_gain":0,"cards_transformed":["Strike_B","Defend_B"],"player_choice":"Became Test Subject","damage_taken":0,"max_hp_gain":0,"max_hp_loss":0,"event_name":"Drug Dealer","floor":19,"gold_loss":0,"cards_obtained":["Seek","Consume"]},{"damage_healed":0,"gold_gain":0,"player_choice":"Ignored","damage_taken":0,"max_hp_gain":0,"max_hp_loss":0,"event_name":"Beggar","floor":22,"gold_loss":0},{"damage_healed":0,"gold_gain":0,"player_choice":"Ignored","damage_taken":0,"max_hp_gain":0,"max_hp_loss":0,"event_name":"Mysterious Sphere","floor":36,"gold_loss":0},{"damage_healed":0,"gold_gain":0,"player_choice":"Paid","damage_taken":0,"relics_obtained":["Red Mask"],"max_hp_gain":0,"max_hp_loss":0,"event_name":"Tomb of Lord Red Mask","floor":44,"gold_loss":124},{"cards_removed":["Biased Cognition"],"damage_healed":0,"gold_gain":0,"player_choice":"Removed Power","damage_taken":0,"max_hp_gain":0,"max_hp_loss":0,"event_name":"Falling","floor":46,"gold_loss":0}],"is_beta":false,"boss_relics":[{"not_picked":["Fusion Hammer","White Beast Statue"],"picked":"Inserter"},{"not_picked":["Velvet Choker","Lizard Tail"],"picked":"Eternal Feather"}],"items_purged_floors":[12,20,27],"is_endless":false,"potions_floor_spawned":[3,8,13,14,16,18,23,33,37,45,48],"killed_by":"Shield and Spear","ascension_level":6}