{"gold_per_floor":[115,115,37,112,123,123,48,48,48,48,65,65,65,75,75,147,147,124,32,42,53,68,68,98,0,25,25,25,25,51,71,71,143,143,162,177,77,77,87,87,104,104,155,174,191,210,229,249,249,249],"floor_reached":51,"playtime":2142,"items_purged":["Strike_G","Survivor"],"score":1329,"play_id":"16b1904c-e39f-4800-bbc0-eb7ee0887f9a","local_time":"20190202225222","is_ascension_mode":true,"campfire_choices":[{"data":"Poisoned Stab","floor":6,"key":"SMITH"},{"data":"Poisoned Stab","floor":10,"key":"SMITH"},{"data":"Neutralize","floor":13,"key":"SMITH"},{"data":"Footwork","floor":15,"key":"SMITH"},{"floor":23,"key":"REST"},{"floor":28,"key":"REST"},{"floor":32,"key":"REST"},{"floor":40,"key":"REST"},{"floor":42,"key":"REST"},{"floor":49,"key":"REST"}],"neow_cost":"NONE","seed_source_timestamp":20005821656241,"circlet_count":0,"master_deck":["AscendersBane","Defend_G+1","Defend_G+1","Defend_G+1","Defend_G+1","Neutralize+1","Poisoned Stab+1","Footwork+1","Poisoned Stab+1","Backflip","PiercingWail","After Image","Noxious Fumes","Deep Breath","Adrenaline","Deflect","PiercingWail","Sucker Punch","Corpse Explosion","Escape Plan+1","Footwork"],"relics":["Ring of the Snake","NeowsBlessing","Question Card","Paper Crane","Fusion Hammer","Dodecahedron","Happy Flower","Bottled Tornado","Empty Cage","Art of War"],"potions_floor_usage":[18,24,30,33,48,50],"damage_taken":[{"damage":0,"enemies":"2 Louse","floor":1,"turns":1},{"damage":0,"enemies":"Small Slimes","floor":5,"turns":1},{"damage":0,"enemies":"Cultist","floor":11,"turns":1},{"damage":14,"enemies":"Exordium Wildlife","floor":14,"turns":5},{"damage":15,"enemies":"Hexaghost","floor":16,"turns":12},{"damage":2,"enemies":"2 Thieves","floor":18,"turns":4},{"damage":1,"enemies":"Shell Parasite","floor":20,"turns":5},{"damage":2,"enemies":"Shelled Parasite and Fungi","floor":21,"turns":7},{"damage":15,"enemies":"Cultist and Chosen","floor":22,"turns":9},{"damage":8,"enemies":"Book of Stabbing","floor":24,"turns":7},{"damage":6,"enemies":"Gremlin Leader","floor":30,"turns":10},{"damage":7,"enemies":"Snecko","floor":31,"turns":7},{"damage":38,"enemies":"Collector","floor":33,"turns":12},{"damage":5,"enemies":"3 Shapes","floor":35,"turns":6},{"damage":0,"enemies":"3 Darklings","floor":36,"turns":4},{"damage":36,"enemies":"Jaw Worm Horde","floor":39,"turns":3},{"damage":1,"enemies":"Maw","floor":41,"turns":9},{"damage":0,"enemies":"Sphere and 2 Shapes","floor":44,"turns":7},{"damage":1,"enemies":"Transient","floor":45,"turns":6},{"damage":11,"enemies":"Maw","floor":46,"turns":9},{"damage":14,"enemies":"3 Darklings","floor":47,"turns":4},{"damage":0,"enemies":"Writhing Mass","floor":48,"turns":8},{"damage":20,"enemies":"Donu and Deca","floor":50,"turns":10}],"seed_played":"-1272081869372108936","potions_obtained":[{"floor":5,"key":"Swift Potion"},{"floor":14,"key":"EssenceOfSteel"},{"floor":22,"key":"Fire Potion"},{"floor":24,"key":"FearPotion"},{"floor":33,"key":"PowerPotion"},{"floor":39,"key":"Explosive Potion"}],"is_trial":false,"path_per_floor":["M","?","$","?","M","R","$","?","T","R","M","T","R","M","R","B",null,"M","$","M","M","M","R","E","?","T","?","R","?","E","M","R","B",null,"M","M","$","?","M","R","M","R","T","M","M","M","M","M","R","B",null],"character_chosen":"THE_SILENT","items_purchased":["Footwork","Deep Breath"],"campfire_rested":6,"item_purchase_floors":[3,19],"current_hp_per_floor":[59,52,52,41,41,41,41,41,41,41,41,41,41,27,27,12,53,51,51,50,48,33,52,44,44,44,44,63,63,57,50,66,28,57,52,52,52,52,16,35,34,53,53,53,52,41,27,27,46,26],"gold":249,"neow_bonus":"THREE_ENEMY_KILL","is_prod":false,"is_daily":false,"chose_seed":false,"campfire_upgraded":4,"win_rate":0,"timestamp":1549147942,"path_taken":["M","?","$","?","M","R","$","?","T","R","?","?","R","M","R","BOSS","M","$","M","M","?","R","E","?","T","?","R","?","E","M","R","BOSS","M","M","$","?","M","R","M","R","T","M","M","M","?","M","R","BOSS"],"build_version":"2019-01-23","purchased_purges":2,"victory":true,"max_hp_per_floor":[66,66,66,66,66,66,66,66,66,66,66,66,66,66,66,66,66,66,66,66,66,66,66,66,66,66,66,66,66,66,66,66,66,66,66,66,66,66,66,66,66,66,66,66,66,66,66,66,66,66],"card_choices":[{"not_picked":["Sucker Punch","Blade Dance"],"picked":"Poisoned Stab","floor":1},{"not_picked":["Flechettes","Dash"],"picked":"Poisoned Stab","floor":5},{"not_picked":["Riddle With Holes","Deadly Poison","Underhanded Strike"],"picked":"Backflip","floor":11},{"not_picked":["Bane","Dagger Throw","Expertise"],"picked":"PiercingWail","floor":14},{"not_picked":["Corpse Explosion","Burst","Night Terror"],"picked":"After Image","floor":16},{"not_picked":["Leg Sweep","Dash","Blade Dance"],"picked":"Noxious Fumes","floor":18},{"not_picked":["Prepared","Deadly Poison","Blade Dance","Choke"],"picked":"SKIP","floor":20},{"not_picked":["Terror","Distraction","All Out Attack","Riddle With Holes"],"picked":"SKIP","floor":21},{"not_picked":["Acrobatics","Skewer","Dodge and Roll"],"picked":"Adrenaline","floor":22},{"not_picked":["Acrobatics","Storm of Steel","Bullet Time"],"picked":"Deflect","floor":24},{"not_picked":["Storm of Steel","Terror","Masterful Stab"],"picked":"PiercingWail","floor":30},{"not_picked":["Dagger Spray","Acrobatics","Deadly Poison"],"picked":"Sucker Punch","floor":31},{"not_picked":["Night Terror","Burst","Tools of the Trade"],"picked":"Corpse Explosion","floor":33},{"not_picked":["Flying Knee","Outmaneuver+1","Cloak And Dagger"],"picked":"Escape Plan+1","floor":35},{"not_picked":["Poisoned Stab","Outmaneuver","Deflect","Flying Knee"],"picked":"SKIP","floor":36},{"not_picked":["Blade Dance","Prepared","Deadly Poison","Poisoned Stab"],"picked":"SKIP","floor":39},{"not_picked":["Deadly Poison","Infinite Blades","Cloak And Dagger","Flying Knee"],"picked":"SKIP","floor":41},{"not_picked":["Dagger Spray","A Thousand Cuts","Acrobatics+1","PiercingWail"],"picked":"SKIP","floor":44},{"not_picked":["Underhanded Strike","Flying Knee","Acrobatics","Bane"],"picked":"SKIP","floor":45},{"not_picked":["Acrobatics","Predator","Poisoned Stab","Dodge and Roll+1"],"picked":"SKIP","floor":46},{"not_picked":["Heel Hook+1","Quick Slash","Backflip"],"picked":"Footwork","floor":47},{"not_picked":["Finisher","Footwork","Blade Dance","Outmaneuver"],"picked":"SKIP","floor":48}],"player_experience":417057,"relics_obtained":[{"floor":9,"key":"Question Card"},{"floor":12,"key":"Paper Crane"},{"floor":24,"key":"Dodecahedron"},{"floor":26,"key":"Happy Flower"},{"floor":30,"key":"Bottled Tornado"},{"floor":43,"key":"Art of War"}],"event_choices":[{"cards_removed":["Strike_G"],"damage_healed":0,"gold_gain":0,"player_choice":"Card Removal","damage_taken":7,"max_hp_gain":0,"max_hp_loss":0,"event_name":"Golden Wing","floor":2,"gold_loss":0},{"damage_healed":0,"gold_gain":75,"player_choice":"Gather Gold","damage_taken":11,"max_hp_gain":0,"max_hp_loss":0,"event_name":"World of Goop","floor":4,"gold_loss":0},{"cards_removed":["Strike_G"],"damage_healed":0,"gold_gain":0,"player_choice":"Offered Basic","damage_taken":0,"max_hp_gain":0,"max_hp_loss":0,"event_name":"Bonfire Elementals","floor":8,"gold_loss":0},{"damage_healed":0,"gold_gain":0,"player_choice":"Paid Fearfully","damage_taken":0,"max_hp_gain":0,"max_hp_loss":0,"event_name":"Masked Bandits","floor":25,"gold_loss":98},{"damage_healed":0,"gold_gain":0,"player_choice":"Ignored","damage_taken":0,"max_hp_gain":0,"max_hp_loss":0,"event_name":"Beggar","floor":27,"gold_loss":0},{"damage_healed":0,"gold_gain":0,"player_choice":"Simplicity","damage_taken":0,"max_hp_gain":0,"max_hp_loss":0,"event_name":"Back to Basics","floor":29,"gold_loss":0,"cards_upgraded":["Defend_G","Defend_G","Defend_G","Defend_G","Defend_G","Strike_G","Strike_G"]},{"cards_removed":["Defend_G"],"damage_healed":0,"gold_gain":0,"player_choice":"Purged","damage_taken":0,"max_hp_gain":0,"max_hp_loss":0,"event_name":"Purifier","floor":38,"gold_loss":0}],"is_beta":false,"boss_relics":[{"not_picked":["Velvet Choker","Pandora\u0027s Box"],"picked":"Fusion Hammer"},{"not_picked":["Philosopher\u0027s Stone","Cursed Key"],"picked":"Empty Cage"}],"items_purged_floors":[7,37],"is_endless":false,"potions_floor_spawned":[5,14,22,24,33,39,47],"ascension_level":19}