{"gold_per_floor":[116,45,100,100,25,25,25,25,49,49,65,9,41,7,7,107,107,89,89,101,31,43,43,43,43,125,125,125,125,136,136,136,236,236,251,261,87,99,111,111,111],"floor_reached":41,"playtime":1074,"items_purged":["Strike_G","Strike_G"],"score":616,"play_id":"7eb82624-a462-4e7e-9b9d-c2f66a3ce2c0","local_time":"20181216171917","is_ascension_mode":true,"campfire_choices":[{"data":"Slice","floor":6,"key":"SMITH"},{"data":"Neutralize","floor":8,"key":"SMITH"},{"data":"Cloak And Dagger","floor":10,"key":"SMITH"},{"data":"Slice","floor":15,"key":"SMITH"},{"data":"Backflip","floor":23,"key":"SMITH"},{"floor":27,"key":"REST"},{"data":"Escape Plan","floor":29,"key":"SMITH"},{"data":"Strike_G","floor":32,"key":"SMITH"},{"floor":40,"key":"REST"}],"neow_cost":"NONE","seed_source_timestamp":6476431520966,"circlet_count":0,"master_deck":["AscendersBane","Defend_G","Defend_G","Defend_G","Defend_G","Defend_G","Strike_G+1","Strike_G","Survivor","Neutralize+1","Slice+1","Cloak And Dagger+1","Slice+1","Escape Plan+1","Noxious Fumes+1","After Image+1","Caltrops+1","Backflip+1","Caltrops+1","Caltrops+1","Escape Plan+1","Envenom+1","Footwork+1","Parasite"],"relics":["Ring of the Serpent","Pen Nib","Ancient Tea Set","Bag of Marbles","Centennial Puzzle","Frozen Egg 2","Sozu","Matryoshka"],"potions_floor_usage":[],"damage_taken":[{"damage":1,"enemies":"Cultist","floor":1,"turns":6},{"damage":0,"enemies":"Small Slimes","floor":11,"turns":2},{"damage":10,"enemies":"Lagavulin","floor":13,"turns":5},{"damage":13,"enemies":"Slime Boss","floor":16,"turns":10},{"damage":5,"enemies":"2 Thieves","floor":18,"turns":4},{"damage":15,"enemies":"Chosen","floor":20,"turns":4},{"damage":8,"enemies":"Centurion and Healer","floor":22,"turns":6},{"damage":11,"enemies":"Snecko","floor":30,"turns":6},{"damage":27,"enemies":"Automaton","floor":33,"turns":11},{"damage":17,"enemies":"3 Shapes","floor":35,"turns":4},{"damage":10,"enemies":"Orb Walker","floor":36,"turns":4},{"damage":9,"enemies":"4 Shapes","floor":38,"turns":6},{"damage":0,"enemies":"Writhing Mass","floor":39,"turns":7},{"damage":67,"enemies":"Reptomancer","floor":41,"turns":3}],"seed_played":"8662213369471483338","potions_obtained":[],"is_trial":false,"path_per_floor":["M","$","T","?","$","R","?","R","T","R","M","?","E","$","R","B",null,"M","?","M","$","M","R","$","?","T","R","?","R","M","?","R","B",null,"M","M","$","M","M","R","E"],"character_chosen":"THE_SILENT","items_purchased":["Cloak And Dagger","Slice","Noxious Fumes+1","Caltrops+1","Footwork+1"],"campfire_rested":2,"item_purchase_floors":[2,2,14,21,37],"current_hp_per_floor":[62,62,62,62,62,62,62,62,62,62,62,62,52,52,52,39,62,57,50,35,35,27,27,27,27,27,48,70,70,59,59,59,32,61,44,34,34,25,25,46,0],"gold":111,"neow_bonus":"RANDOM_COMMON_RELIC","is_prod":false,"is_daily":false,"chose_seed":false,"campfire_upgraded":7,"win_rate":0,"timestamp":1544980757,"path_taken":["M","$","?","?","?","R","?","R","T","R","M","?","E","$","R","BOSS","M","?","M","?","M","R","$","?","T","R","?","R","M","?","R","BOSS","M","M","$","M","M","R","E"],"build_version":"2018-12-13","purchased_purges":2,"victory":false,"max_hp_per_floor":[70,70,70,70,70,70,70,70,70,70,70,70,70,70,70,70,70,70,70,70,70,70,70,70,70,70,70,70,70,70,70,70,70,70,70,70,70,70,70,70,70],"card_choices":[{"not_picked":["Flechettes","Crippling Poison"],"picked":"Slice","floor":1},{"not_picked":["Bane","Dagger Spray","Quick Slash"],"picked":"SKIP","floor":11},{"not_picked":["Envenom","Acrobatics"],"picked":"Escape Plan","floor":13},{"not_picked":["Bullet Time","Unload"],"picked":"After Image+1","floor":16},{"not_picked":["Cloak And Dagger","Dodge and Roll"],"picked":"Caltrops+1","floor":18},{"not_picked":["Acrobatics","Slice"],"picked":"Backflip","floor":20},{"not_picked":["PiercingWail+1","Predator"],"picked":"Caltrops+1","floor":22},{"not_picked":["Acrobatics+1","Prepared"],"picked":"Escape Plan+1","floor":30},{"not_picked":["Die Die Die","Glass Knife"],"picked":"Envenom+1","floor":33},{"not_picked":["Bane+1","Acrobatics+1","Outmaneuver"],"picked":"SKIP","floor":35},{"not_picked":["Cloak And Dagger","Choke","Bane+1"],"picked":"SKIP","floor":36},{"not_picked":["Heel Hook+1","Flying Knee","Envenom+1"],"picked":"SKIP","floor":38},{"not_picked":["Outmaneuver+1","Deflect","PiercingWail"],"picked":"SKIP","floor":39}],"player_experience":278825,"relics_obtained":[{"floor":3,"key":"Ancient Tea Set"},{"floor":9,"key":"Bag of Marbles"},{"floor":13,"key":"Frozen Egg 2"},{"floor":26,"key":"Matryoshka"}],"event_choices":[{"damage_healed":0,"gold_gain":0,"player_choice":"Ignored","damage_taken":0,"max_hp_gain":0,"max_hp_loss":0,"event_name":"Liars Game","floor":4,"gold_loss":0},{"damage_healed":0,"gold_gain":0,"player_choice":"Leave","damage_taken":0,"max_hp_gain":0,"max_hp_loss":0,"event_name":"The Cleric","floor":7,"gold_loss":0},{"damage_healed":0,"gold_gain":0,"player_choice":"Paid Gold","damage_taken":0,"relics_obtained":["Centennial Puzzle"],"max_hp_gain":0,"max_hp_loss":0,"event_name":"WeMeetAgain","floor":12,"gold_loss":56},{"damage_healed":0,"gold_gain":0,"player_choice":"","damage_taken":7,"max_hp_gain":0,"max_hp_loss":0,"event_name":"Knowing Skull","floor":19,"potions_obtained":[],"gold_loss":0,"cards_obtained":[]},{"damage_healed":0,"gold_gain":0,"player_choice":"Ignored","damage_taken":0,"max_hp_gain":0,"max_hp_loss":0,"event_name":"Beggar","floor":25,"gold_loss":0},{"damage_healed":23,"gold_gain":0,"player_choice":"Heal","damage_taken":0,"max_hp_gain":0,"max_hp_loss":0,"event_name":"The Library","floor":28,"gold_loss":0},{"cards_removed":["Strike_G"],"damage_healed":0,"gold_gain":0,"player_choice":"Offered Basic","damage_taken":0,"max_hp_gain":0,"max_hp_loss":0,"event_name":"Bonfire Elementals","floor":31,"gold_loss":0}],"is_beta":false,"boss_relics":[{"not_picked":["Coffee Dripper","Runic Pyramid"],"picked":"Sozu"},{"not_picked":["Busted Crown","Lizard Tail"],"picked":"Ring of the Serpent"}],"items_purged_floors":[5,37],"is_endless":false,"potions_floor_spawned":[18,30,33,35],"killed_by":"Reptomancer","ascension_level":12}