{"gold_per_floor":[109,109,123,123,142,142,175,175,175,175,193,193,228,244,244,343,343,343,343,313,313,48,48,48,48,48,48,48,48,48,48,48,48,48,48,48,48,48,48,48,48,48,48,48,48,48,48,48,48,48],"floor_reached":51,"playtime":1586,"items_purged":["Strike_R"],"score":963,"play_id":"cc384255-050a-45ef-9b70-492412953516","local_time":"20181020072947","is_ascension_mode":true,"campfire_choices":[{"data":"Thunderclap","floor":6,"key":"SMITH"},{"floor":12,"key":"DIG"},{"floor":15,"key":"REST"},{"floor":23,"key":"DIG"},{"floor":29,"key":"REST"},{"floor":32,"key":"REST"},{"floor":40,"key":"REST"},{"floor":45,"key":"DIG"},{"floor":47,"key":"DIG"},{"floor":49,"key":"DIG"}],"neow_cost":"PERCENT_DAMAGE","seed_source_timestamp":941505544766,"circlet_count":0,"master_deck":["Defend_R","Defend_R","Defend_R","Thunderclap+1","Battle Trance","Rampage+1","Shrug It Off","Iron Wave","Brutality+1","Double Tap+1","Shrug It Off+1","Mayhem+1","Pommel Strike+1","Offering","Metallicize+1","Sword Boomerang+1","Madness","Madness"],"relics":["Burning Blood","Shovel","Frozen Egg 2","Boot","Ancient Tea Set","Ectoplasm","War Paint","Letter Opener","Meat on the Bone","Astrolabe","Girya","Paper Frog","Molten Egg 2","Bottled Lightning","Unceasing Top","Pantograph","Mango","Old Coin"],"potions_floor_usage":[7,13,18,20,35,50,50],"damage_taken":[{"damage":2,"enemies":"2 Louse","floor":1,"turns":3},{"damage":2,"enemies":"Jaw Worm","floor":3,"turns":3},{"damage":0,"enemies":"Cultist","floor":5,"turns":3},{"damage":20,"enemies":"Lagavulin","floor":7,"turns":6},{"damage":7,"enemies":"2 Fungi Beasts","floor":11,"turns":3},{"damage":14,"enemies":"3 Sentries","floor":13,"turns":5},{"damage":3,"enemies":"Blue Slaver","floor":14,"turns":3},{"damage":52,"enemies":"The Guardian","floor":16,"turns":9},{"damage":11,"enemies":"Spheric Guardian","floor":18,"turns":4},{"damage":8,"enemies":"2 Thieves","floor":20,"turns":3},{"damage":17,"enemies":"Snecko","floor":25,"turns":5},{"damage":16,"enemies":"Snake Plant","floor":27,"turns":3},{"damage":42,"enemies":"Book of Stabbing","floor":28,"turns":6},{"damage":19,"enemies":"Shelled Parasite and Fungi","floor":30,"turns":4},{"damage":8,"enemies":"Collector","floor":33,"turns":5},{"damage":16,"enemies":"3 Darklings","floor":35,"turns":3},{"damage":13,"enemies":"2 Orb Walkers","floor":36,"turns":2},{"damage":52,"enemies":"3 Shapes","floor":39,"turns":5},{"damage":13,"enemies":"Jaw Worm Horde","floor":41,"turns":3},{"damage":18,"enemies":"Reptomancer","floor":42,"turns":4},{"damage":8,"enemies":"Giant Head","floor":46,"turns":3},{"damage":34,"enemies":"Nemesis","floor":48,"turns":4},{"damage":33,"enemies":"Donu and Deca","floor":50,"turns":5}],"seed_played":"-1997760135727634389","potions_obtained":[{"floor":1,"key":"Fire Potion"},{"floor":3,"key":"Weak Potion"},{"floor":5,"key":"Dexterity Potion"},{"floor":18,"key":"FearPotion"},{"floor":28,"key":"PowerPotion"},{"floor":42,"key":"Strength Potion"},{"floor":46,"key":"Explosive Potion"},{"floor":48,"key":"FairyPotion"}],"is_trial":false,"path_per_floor":["M","?","M","?","M","R","E","?","T","?","M","R","E","M","R","B",null,"M","?","M","?","$","R","$","M","T","M","E","R","M","$","R","B",null,"M","?","?","?","M","R","M","E","T","?","R","E","R","E","R","B"],"character_chosen":"IRONCLAD","items_purchased":["Mayhem+1"],"campfire_rested":4,"item_purchase_floors":[22],"current_hp_per_floor":[60,60,64,57,63,63,49,49,49,49,48,48,40,43,67,21,80,75,75,73,73,73,73,73,62,62,52,16,40,39,39,63,61,80,70,63,63,63,29,53,58,58,58,48,48,58,58,56,56,54],"gold":48,"neow_bonus":"TRANSFORM_TWO_CARDS","is_prod":false,"is_daily":false,"chose_seed":false,"campfire_upgraded":1,"win_rate":0,"timestamp":1540016987,"path_taken":["M","?","M","?","?","R","E","?","T","?","?","R","E","M","R","BOSS","M","?","M","?","?","R","$","M","T","M","E","R","M","$","R","BOSS","M","?","?","?","?","R","M","E","T","?","R","E","R","E","R","BOSS"],"build_version":"2018-10-18","purchased_purges":1,"victory":true,"max_hp_per_floor":[80,80,80,80,80,80,80,80,80,80,80,80,80,80,80,80,80,80,80,80,80,80,80,80,80,80,80,80,80,80,80,80,80,80,80,80,80,80,80,80,80,80,80,80,80,80,80,94,94,94],"card_choices":[{"not_picked":["Anger","Dual Wield"],"picked":"Battle Trance","floor":1},{"not_picked":["Havoc","Thunderclap","Body Slam"],"picked":"SKIP","floor":3},{"not_picked":["Clothesline","Havoc","Power Through"],"picked":"SKIP","floor":5},{"not_picked":["Perfected Strike","Anger","Havoc"],"picked":"SKIP","floor":7},{"not_picked":["Clothesline","Wild Strike"],"picked":"Shrug It Off","floor":11},{"not_picked":["Sentinel","Shockwave"],"picked":"Iron Wave","floor":13},{"not_picked":["Iron Wave","Havoc"],"picked":"Brutality+1","floor":14},{"not_picked":["Fiend Fire","Berserk+1"],"picked":"Double Tap","floor":16},{"not_picked":["Headbutt","Anger"],"picked":"Shrug It Off","floor":18},{"not_picked":["Evolve+1","Anger","Thunderclap"],"picked":"SKIP","floor":20},{"not_picked":["Sentinel","Second Wind"],"picked":"Pommel Strike","floor":25},{"not_picked":["Whirlwind","Entrench","Wild Strike+1"],"picked":"SKIP","floor":27},{"not_picked":["Sword Boomerang+1","Exhume","Cleave"],"picked":"SKIP","floor":28},{"not_picked":["Feel No Pain+1","Flex","Havoc+1"],"picked":"SKIP","floor":30},{"not_picked":["Barricade+1","Brutality+1"],"picked":"Offering","floor":33},{"not_picked":["Evolve+1","Body Slam+1","Power Through+1"],"picked":"SKIP","floor":35},{"not_picked":["Clash","Whirlwind+1","Anger"],"picked":"SKIP","floor":39},{"not_picked":["Shockwave+1","Perfected Strike","Thunderclap+1"],"picked":"SKIP","floor":41},{"not_picked":["Searing Blow+1","Exhume","Clothesline"],"picked":"SKIP","floor":42},{"not_picked":["Heavy Blade+1","Thunderclap+1","Combust+1"],"picked":"SKIP","floor":46},{"not_picked":["Double Tap","Second Wind+1","Heavy Blade+1"],"picked":"SKIP","floor":48}],"player_experience":72259,"relics_obtained":[{"floor":7,"key":"Shovel"},{"floor":9,"key":"Frozen Egg 2"},{"floor":12,"key":"Boot"},{"floor":13,"key":"Ancient Tea Set"},{"floor":23,"key":"War Paint"},{"floor":26,"key":"Letter Opener"},{"floor":28,"key":"Meat on the Bone"},{"floor":36,"key":"Girya"},{"floor":42,"key":"Paper Frog"},{"floor":43,"key":"Molten Egg 2"},{"floor":45,"key":"Bottled Lightning"},{"floor":46,"key":"Unceasing Top"},{"floor":47,"key":"Pantograph"},{"floor":48,"key":"Mango"},{"floor":49,"key":"Old Coin"}],"event_choices":[{"damage_healed":0,"gold_gain":0,"cards_transformed":["Strike_R"],"player_choice":"Change","damage_taken":0,"max_hp_gain":0,"max_hp_loss":0,"event_name":"Living Wall","floor":2,"gold_loss":0,"cards_obtained":["Rampage"]},{"cards_removed":["Strike_R"],"damage_healed":0,"gold_gain":0,"player_choice":"Card Removal","damage_taken":7,"max_hp_gain":0,"max_hp_loss":0,"event_name":"Golden Wing","floor":4,"gold_loss":0},{"damage_healed":0,"gold_gain":0,"player_choice":"Forge","damage_taken":0,"max_hp_gain":0,"max_hp_loss":0,"event_name":"Accursed Blacksmith","floor":8,"gold_loss":0,"cards_upgraded":["Rampage"]},{"damage_healed":0,"gold_gain":0,"player_choice":"Ignored","damage_taken":0,"max_hp_gain":0,"max_hp_loss":0,"event_name":"Golden Idol","floor":10,"gold_loss":0},{"damage_healed":0,"gold_gain":99,"player_choice":"Stole From Cult","damage_taken":0,"max_hp_gain":0,"max_hp_loss":0,"event_name":"Nest","floor":19,"gold_loss":0},{"damage_healed":0,"gold_gain":0,"player_choice":"Ignored","damage_taken":0,"max_hp_gain":0,"max_hp_loss":0,"event_name":"Cursed Tome","floor":21,"gold_loss":0},{"damage_healed":0,"gold_gain":0,"player_choice":"Fight","damage_taken":0,"max_hp_gain":0,"max_hp_loss":0,"event_name":"Mysterious Sphere","floor":36,"gold_loss":0},{"cards_removed":["Immolate"],"damage_healed":0,"gold_gain":0,"player_choice":"Removed Attack","damage_taken":0,"max_hp_gain":0,"max_hp_loss":0,"event_name":"Falling","floor":37,"gold_loss":0},{"damage_healed":0,"gold_gain":0,"player_choice":"Upgraded","damage_taken":0,"max_hp_gain":0,"max_hp_loss":0,"event_name":"Upgrade Shrine","floor":38,"gold_loss":0,"cards_upgraded":["Pommel Strike"]},{"damage_healed":0,"gold_gain":0,"player_choice":"Embrace Madness","damage_taken":10,"max_hp_gain":0,"max_hp_loss":0,"event_name":"Winding Halls","floor":44,"gold_loss":0,"cards_obtained":["Madness","Madness"]}],"is_beta":false,"boss_relics":[{"not_picked":["Lizard Tail","Black Blood"],"picked":"Ectoplasm"},{"not_picked":["Snecko Eye","Pandora\u0027s Box"],"picked":"Astrolabe"}],"items_purged_floors":[22],"is_endless":false,"potions_floor_spawned":[1,3,5,18,28,42,46,48],"ascension_level":4}