{"gold_per_floor":[113,125,142,142,16,16,31,45,69,30,48,48,48,65,65,139,139,156,156,156,187,41,41,41,41,41,41,7,17,17,43,43,43],"floor_reached":33,"playtime":663,"items_purged":["Defend_R","Strike_R"],"score":396,"play_id":"16fc23b6-e85e-4b1f-a447-6764738ca220","local_time":"20181215181329","is_ascension_mode":true,"campfire_choices":[{"data":"Pommel Strike","floor":6,"key":"SMITH"},{"data":"True Grit","floor":15,"key":"SMITH"},{"floor":23,"key":"REST"},{"data":"Whirlwind","floor":25,"key":"SMITH"},{"data":"Inflame","floor":27,"key":"SMITH"},{"data":"Clash","floor":30,"key":"SMITH"},{"data":"Bash","floor":32,"key":"SMITH"}],"neow_cost":"NONE","seed_source_timestamp":10601591616425,"circlet_count":0,"master_deck":["AscendersBane","Strike_R","Strike_R","Defend_R","Bash+1","Pommel Strike+1","Rage+1","Iron Wave","Cleave","Whirlwind+1","True Grit+1","Clash+1","Offering+1","Clash","Inflame+1","Iron Wave","Corruption"],"relics":["Burning Blood","NeowsBlessing","Juzu Bracelet","Empty Cage","Red Mask","Centennial Puzzle","War Paint"],"potions_floor_usage":[8,16,33],"damage_taken":[{"damage":0,"enemies":"2 Louse","floor":1,"turns":1},{"damage":0,"enemies":"Cultist","floor":2,"turns":1},{"damage":0,"enemies":"Small Slimes","floor":3,"turns":1},{"damage":3,"enemies":"Blue Slaver","floor":7,"turns":4},{"damage":15,"enemies":"Large Slime","floor":8,"turns":6},{"damage":13,"enemies":"Exordium Wildlife","floor":11,"turns":3},{"damage":16,"enemies":"Exordium Thugs","floor":14,"turns":6},{"damage":35,"enemies":"The Guardian","floor":16,"turns":9},{"damage":8,"enemies":"Chosen","floor":18,"turns":6},{"damage":38,"enemies":"Masked Bandits","floor":21,"turns":4},{"damage":6,"enemies":"Spheric Guardian","floor":29,"turns":3},{"damage":52,"enemies":"Champ","floor":33,"turns":9}],"seed_played":"7819461629399672038","potions_obtained":[{"floor":3,"key":"Dexterity Potion"},{"floor":7,"key":"AttackPotion"},{"floor":11,"key":"Strength Potion"},{"floor":29,"key":"PowerPotion"}],"is_trial":false,"path_per_floor":["M","M","M","?","$","R","M","M","T","$","M","$","?","M","R","B",null,"M","?","?","?","$","R","?","R","T","R","$","M","R","T","R","B"],"character_chosen":"IRONCLAD","items_purchased":["Cleave","Whirlwind","Iron Wave","Corruption"],"campfire_rested":1,"item_purchase_floors":[5,10,22,28],"current_hp_per_floor":[74,75,75,75,75,75,75,66,66,66,59,59,52,42,42,13,60,58,58,58,26,26,48,48,48,48,48,48,48,48,48,48,0],"gold":43,"neow_bonus":"THREE_ENEMY_KILL","is_prod":false,"is_daily":false,"chose_seed":false,"campfire_upgraded":6,"win_rate":0,"timestamp":1544897609,"path_taken":["M","M","M","?","$","R","M","M","T","?","M","$","?","M","R","BOSS","M","?","?","?","$","R","?","R","T","R","$","M","R","?","R","BOSS"],"build_version":"2018-12-13","purchased_purges":2,"victory":false,"max_hp_per_floor":[75,75,75,75,75,75,75,75,75,75,75,75,75,75,75,75,75,75,75,75,75,75,75,75,75,75,75,75,75,75,75,75,75],"card_choices":[{"not_picked":["Heavy Blade","Combust"],"picked":"Pommel Strike","floor":1},{"not_picked":["Armaments","Second Wind"],"picked":"Rage","floor":2},{"not_picked":["Sentinel","Havoc"],"picked":"Iron Wave","floor":3},{"not_picked":["Anger","Heavy Blade"],"picked":"Armaments","floor":7},{"not_picked":["Clothesline","Sword Boomerang","Fiend Fire"],"picked":"SKIP","floor":8},{"not_picked":["Evolve","Burning Pact"],"picked":"True Grit","floor":11},{"not_picked":["Armaments","Shockwave"],"picked":"Clash","floor":14},{"not_picked":["Reaper","Demon Form"],"picked":"Offering","floor":16},{"not_picked":["Entrench","Flame Barrier"],"picked":"Clash","floor":18},{"not_picked":["Cleave+1","Clothesline"],"picked":"Inflame","floor":21},{"not_picked":["Evolve","Pommel Strike","Cleave"],"picked":"SKIP","floor":29}],"player_experience":275518,"relics_obtained":[{"floor":9,"key":"Juzu Bracelet"},{"floor":21,"key":"Red Mask"},{"floor":26,"key":"Centennial Puzzle"},{"floor":31,"key":"War Paint"}],"event_choices":[{"cards_removed":["Defend_R"],"damage_healed":0,"gold_gain":0,"player_choice":"Purged","damage_taken":0,"max_hp_gain":0,"max_hp_loss":0,"event_name":"Purifier","floor":4,"gold_loss":0},{"cards_removed":["Strike_R"],"damage_healed":0,"gold_gain":0,"player_choice":"Card Removal","damage_taken":7,"max_hp_gain":0,"max_hp_loss":0,"event_name":"Golden Wing","floor":13,"gold_loss":0},{"cards_removed":["Defend_R"],"damage_healed":0,"gold_gain":0,"player_choice":"Elegance","damage_taken":0,"max_hp_gain":0,"max_hp_loss":0,"event_name":"Back to Basics","floor":19,"gold_loss":0},{"damage_healed":0,"gold_gain":0,"player_choice":"Ignored","damage_taken":0,"max_hp_gain":0,"max_hp_loss":0,"event_name":"Ghosts","floor":20,"gold_loss":0},{"damage_healed":0,"gold_gain":0,"player_choice":"Fought Bandits","damage_taken":0,"max_hp_gain":0,"max_hp_loss":0,"event_name":"Masked Bandits","floor":21,"gold_loss":0},{"damage_healed":0,"gold_gain":0,"player_choice":"Ignored","damage_taken":0,"max_hp_gain":0,"max_hp_loss":0,"event_name":"Vampires","floor":24,"gold_loss":0}],"is_beta":false,"boss_relics":[{"not_picked":["Velvet Choker","Cursed Key"],"picked":"Empty Cage"}],"items_purged_floors":[5,22],"is_endless":false,"potions_floor_spawned":[3,7,11,29],"killed_by":"Champ","ascension_level":14}