{"gold_per_floor":[118,132,142,142,161,188,188,214,214,231,231,244,255,32,32,132,132,143,242,227,227],"floor_reached":21,"playtime":1335,"items_purged":["Strike_G"],"score":229,"play_id":"fe3a7945-9a39-41d4-8314-8b71c287c836","local_time":"20180907185804","is_ascension_mode":true,"campfire_choices":[{"floor":7,"key":"REST"},{"data":"Caltrops","floor":11,"key":"SMITH"},{"data":"Footwork","floor":15,"key":"SMITH"}],"neow_cost":"NONE","seed_source_timestamp":761947137955188,"circlet_count":0,"master_deck":["Defend_G","Defend_G","Defend_G","Defend_G","Defend_G+1","Strike_G","Strike_G","Strike_G","Strike_G","Survivor","Neutralize","Outmaneuver","Escape Plan+1","Caltrops+1","Dagger Throw","Poisoned Stab","Outmaneuver","Deadly Poison","Cloak And Dagger","Footwork+1","Riddle With Holes","Burst","Well Laid Plans"],"relics":["Busted Crown","War Paint","Potion Belt","Pantograph","Black Star"],"potions_floor_usage":[13,16,18,20],"damage_taken":[{"damage":0,"enemies":"Cultist","floor":1,"turns":5},{"damage":5,"enemies":"Small Slimes","floor":2,"turns":5},{"damage":2,"enemies":"2 Louse","floor":3,"turns":3},{"damage":30,"enemies":"Gremlin Gang","floor":5,"turns":5},{"damage":12,"enemies":"3 Sentries","floor":6,"turns":8},{"damage":5,"enemies":"Exordium Wildlife","floor":10,"turns":3},{"damage":9,"enemies":"Large Slime","floor":12,"turns":7},{"damage":9,"enemies":"Looter","floor":13,"turns":2},{"damage":33,"enemies":"The Guardian","floor":16,"turns":10},{"damage":20,"enemies":"Chosen","floor":18,"turns":8},{"damage":23,"enemies":"2 Thieves","floor":20,"turns":4},{"damage":14,"enemies":"Cultist and Chosen","floor":21,"turns":3}],"seed_played":"8172124134166286485","potions_obtained":[{"floor":3,"key":"Swift Potion"},{"floor":5,"key":"Weak Potion"},{"floor":6,"key":"LiquidBronze"},{"floor":12,"key":"Ancient Potion"},{"floor":16,"key":"EssenceOfSteel"},{"floor":18,"key":"Swift Potion"},{"floor":20,"key":"SteroidPotion"}],"is_trial":false,"path_per_floor":["M","M","M","$","M","E","R","T","T","M","R","M","M","$","R","B",null,"M","?","M"],"character_chosen":"THE_SILENT","items_purchased":["Footwork","Riddle With Holes"],"campfire_rested":1,"item_purchase_floors":[14,14],"current_hp_per_floor":[70,65,63,63,33,21,42,42,42,37,37,28,19,19,19,11,55,35,35,12,0],"gold":227,"neow_bonus":"BOSS_RELIC","is_prod":false,"is_daily":false,"chose_seed":false,"campfire_upgraded":2,"win_rate":0,"timestamp":1536364684,"path_taken":["M","M","M","$","M","E","R","?","T","M","R","M","M","$","R","BOSS","M","?","M","?"],"build_version":"2018-09-06","purchased_purges":1,"victory":false,"max_hp_per_floor":[70,70,70,70,70,70,70,70,70,70,70,70,70,70,70,70,70,70,70,70,70],"card_choices":[{"not_picked":[],"picked":"Outmaneuver","floor":1},{"not_picked":[],"picked":"Escape Plan","floor":2},{"not_picked":[],"picked":"Caltrops","floor":3},{"not_picked":[],"picked":"Dagger Throw","floor":5},{"not_picked":[],"picked":"Poisoned Stab","floor":6},{"not_picked":[],"picked":"Outmaneuver","floor":10},{"not_picked":[],"picked":"Deadly Poison","floor":12},{"not_picked":[],"picked":"Cloak And Dagger","floor":13},{"not_picked":[],"picked":"Burst","floor":16},{"not_picked":[],"picked":"Well Laid Plans","floor":18},{"not_picked":["Sucker Punch"],"picked":"SKIP","floor":20}],"player_experience":265409,"relics_obtained":[{"floor":6,"key":"War Paint"},{"floor":8,"key":"Potion Belt"},{"floor":9,"key":"Pantograph"}],"event_choices":[{"event_name":"Nest","player_choice":"Stole From Cult","floor":19,"damage_taken":0}],"is_beta":false,"boss_relics":[{"not_picked":["Sozu","HoveringKite"],"picked":"Black Star"}],"items_purged_floors":[14],"is_endless":false,"potions_floor_spawned":[3,5,6,12,16,18,20],"killed_by":"Cultist and Chosen","ascension_level":5}