{"gold_per_floor":[13,25,125,125,136,163,163,180,180,211,66,86,86,100,100,196,196,211,9,24,24,24,24,35,70,120,132,132,132,132,157,157,259,259,276,276,0,0,0,0,12,24,36,65,97,123,135,158,170,182],"floor_reached":50,"playtime":3533,"items_purged":["Defend_G"],"score":675,"play_id":"6ce81144-2087-4dff-9f3d-34fdf3f67c81","local_time":"20180907182812","is_ascension_mode":true,"campfire_choices":[{"data":"Crippling Poison","floor":7.0,"key":"SMITH"},{"data":"Terror","floor":13.0,"key":"SMITH"},{"data":"Noxious Fumes","floor":15.0,"key":"SMITH"},{"data":"Corpse Explosion","floor":23,"key":"SMITH"},{"floor":28,"key":"REST"},{"data":"Catalyst","floor":30,"key":"SMITH"},{"floor":32,"key":"REST"},{"floor":40,"key":"DIG"},{"data":"Malaise","floor":42,"key":"SMITH"},{"floor":47,"key":"DIG"},{"data":"Well Laid Plans","floor":49,"key":"SMITH"}],"neow_cost":"NO_GOLD","seed_source_timestamp":0,"circlet_count":0,"master_deck":["Defend_G","Defend_G+1","Defend_G","Defend_G","Strike_G","Strike_G","Strike_G","Strike_G","Strike_G","Survivor","Neutralize","Corpse Explosion+1","Crippling Poison+1","Terror+1","PiercingWail","Malaise+1","Bane","Quick Slash","Glass Knife","Well Laid Plans+1","Noxious Fumes+1","Malaise+1","Heel Hook","Deadly Poison","Deadly Poison+1","Backstab+1","Poisoned Stab","Catalyst+1","Bane","Burst","Deadly Poison+1","Crippling Poison+1","Acrobatics+1","Leg Sweep+1"],"special_seed":0,"relics":["Ring of the Serpent","Orichalcum","Bronze Scales","Mercury Hourglass","PreservedInsect","Ornamental Fan","Happy Flower","Shovel","Coffee Dripper","Red Mask","Blood Vial","MawBank","Kunai","War Paint"],"potions_floor_usage":[25,27,33,46,50,50],"damage_taken":[{"damage":1.0,"enemies":"Small Slimes","floor":1.0,"turns":3.0},{"damage":3.0,"enemies":"Cultist","floor":2.0,"turns":4.0},{"damage":4.0,"enemies":"2 Louse","floor":5.0,"turns":2.0},{"damage":6.0,"enemies":"Gremlin Nob","floor":6.0,"turns":3.0},{"damage":0.0,"enemies":"Blue Slaver","floor":8.0,"turns":6.0},{"damage":14.0,"enemies":"Lagavulin","floor":10.0,"turns":9.0},{"damage":1.0,"enemies":"Red Slaver","floor":12.0,"turns":3.0},{"damage":2.0,"enemies":"Gremlin Gang","floor":14.0,"turns":2.0},{"damage":0.0,"enemies":"Hexaghost","floor":16.0,"turns":7.0},{"damage":0,"enemies":"Shell Parasite","floor":18,"turns":5},{"damage":16,"enemies":"2 Thieves","floor":20,"turns":2},{"damage":2,"enemies":"Cultist and Chosen","floor":24,"turns":4},{"damage":3,"enemies":"Book of Stabbing","floor":25,"turns":4},{"damage":11,"enemies":"Sentry and Sphere","floor":27,"turns":4},{"damage":25,"enemies":"Slavers","floor":31,"turns":3},{"damage":27,"enemies":"Champ","floor":33,"turns":7},{"damage":0,"enemies":"3 Shapes","floor":35,"turns":3},{"damage":2,"enemies":"Orb Walker","floor":44,"turns":2},{"damage":36,"enemies":"Spire Growth","floor":45,"turns":4},{"damage":14,"enemies":"3 Darklings","floor":46,"turns":4},{"damage":0,"enemies":"4 Shapes","floor":48,"turns":4},{"damage":37,"enemies":"Awakened One","floor":50,"turns":10}],"seed_played":"966102648748093316","potions_obtained":[{"floor":2.0,"key":"Fire Potion"},{"floor":5.0,"key":"Poison Potion"},{"floor":8.0,"key":"GhostInAJar"},{"floor":12.0,"key":"Ancient Potion"},{"floor":20,"key":"PowerPotion"},{"floor":31,"key":"AttackPotion"},{"floor":46,"key":"LiquidBronze"},{"floor":48,"key":"EssenceOfSteel"}],"is_trial":false,"path_per_floor":["M","M","?","?","M","E","R","M","T","E","$","M","R","M","R","B",null,"M","$","M","?","?","R","M","E","T","M","R","?","R","E","R","B",null,"M","?","?","T","?","R","?","R","T","M","M","M","R","M","R"],"character_chosen":"THE_SILENT","items_purchased":["Glass Knife","Deadly Poison","PreservedInsect"],"campfire_rested":2,"item_purchase_floors":[11,19,19],"current_hp_per_floor":[69,66,66,66,62,56,56,56,56,42,42,41,41,39,39,39,62,62,62,46,46,46,46,44,41,41,30,51,51,51,26,47,20,58,58,58,58,58,58,58,58,58,58,58,24,12,12,14,14,0],"gold":182,"neow_bonus":"THREE_RARE_CARDS","is_prod":false,"is_daily":false,"chose_seed":false,"campfire_upgraded":7,"win_rate":0,"timestamp":1536362892,"path_taken":["M","M","?","?","?","E","R","M","T","E","$","M","R","M","R","BOSS","M","$","M","?","?","R","M","E","T","M","R","?","R","E","R","BOSS","M","?","?","?","?","R","?","R","T","?","M","M","R","M","R","BOSS"],"build_version":"2018-09-06","purchased_purges":1,"victory":false,"max_hp_per_floor":[70,70,70,70,70,70,70,70,70,70,70,70,70,70,70,70,70,70,70,70,70,70,70,70,70,70,70,70,70,70,70,70,70,70,70,70,70,70,70,70,70,70,70,70,70,70,70,70,70,70],"card_choices":[{"not_picked":["Envenom","A Thousand Cuts"],"picked":"Corpse Explosion","floor":0.0},{"not_picked":["Deflect","Bouncing Flask"],"picked":"Crippling Poison","floor":1.0},{"not_picked":["Slice","Deflect"],"picked":"Terror","floor":2.0},{"not_picked":["Outmaneuver","Expertise"],"picked":"PiercingWail","floor":5.0},{"not_picked":["Cloak And Dagger","Deflect"],"picked":"Malaise","floor":6.0},{"not_picked":["Endless Agony","Cloak And Dagger"],"picked":"Bane","floor":8.0},{"not_picked":["Slice","Dodge and Roll"],"picked":"Quick Slash","floor":10.0},{"not_picked":["Calculated Gamble","Acrobatics"],"picked":"Well Laid Plans","floor":12.0},{"not_picked":["PiercingWail","Flying Knee"],"picked":"Noxious Fumes","floor":14.0},{"not_picked":["Bullet Time","Wraith Form v2"],"picked":"Malaise","floor":16.0},{"not_picked":["Skewer+1","Riddle With Holes"],"picked":"Heel Hook","floor":18},{"not_picked":["Quick Slash","Dagger Throw"],"picked":"Deadly Poison","floor":20},{"not_picked":["Terror","Quick Slash+1"],"picked":"Backstab+1","floor":24},{"not_picked":["Prepared","Backstab+1","Finisher"],"picked":"SKIP","floor":25},{"not_picked":["Dagger Spray","Blade Dance"],"picked":"Poisoned Stab","floor":27},{"not_picked":["Reflex","Outmaneuver"],"picked":"Bane","floor":31},{"not_picked":["Corpse Explosion","Venomology"],"picked":"Burst","floor":33},{"not_picked":["Deflect+1","Prepared"],"picked":"Deadly Poison+1","floor":35},{"not_picked":["Underhanded Strike+1","Acrobatics+1"],"picked":"Crippling Poison+1","floor":44},{"not_picked":["Sucker Punch","Poisoned Stab"],"picked":"Acrobatics+1","floor":45},{"not_picked":["Heel Hook","Bane","Calculated Gamble"],"picked":"SKIP","floor":46},{"not_picked":["Slice","Deflect+1"],"picked":"Leg Sweep+1","floor":48}],"player_experience":261454,"relics_obtained":[{"floor":6.0,"key":"Orichalcum"},{"floor":9.0,"key":"Bronze Scales"},{"floor":10.0,"key":"Mercury Hourglass"},{"floor":25,"key":"Ornamental Fan"},{"floor":26,"key":"Happy Flower"},{"floor":31,"key":"Shovel"},{"floor":38,"key":"Blood Vial"},{"floor":40,"key":"MawBank"},{"floor":43,"key":"Kunai"},{"floor":47,"key":"War Paint"}],"event_choices":[{"event_name":"Golden Shrine","player_choice":"Pray","floor":3.0,"damage_taken":0.0},{"event_name":"Match and Keep!","player_choice":"0 cards matched","floor":4.0,"damage_taken":0.0},{"event_name":"Ghosts","player_choice":"Ignored","floor":21,"damage_taken":0},{"event_name":"The Library","player_choice":"Read","floor":29,"damage_taken":0},{"event_name":"Upgrade Shrine","player_choice":"Upgraded","floor":36,"damage_taken":0},{"event_name":"Tomb of Lord Red Mask","player_choice":"Paid","floor":37,"damage_taken":0},{"event_name":"FaceTrader","player_choice":"Leave","floor":39,"damage_taken":0},{"event_name":"Mysterious Sphere","player_choice":"Ignore","floor":41,"damage_taken":0}],"is_beta":false,"boss_relics":[{"not_picked":["Eternal Feather","Empty Cage"],"picked":"Ring of the Serpent"},{"not_picked":["WristBlade","Pandora\u0027s Box"],"picked":"Coffee Dripper"}],"items_purged_floors":[11],"is_endless":false,"potions_floor_spawned":[2,5,8,12,20,24,31,46,48],"killed_by":"Awakened One","ascension_level":5}