{"gold_per_floor":[111,124,124,139,151,151,183,183,183,198,217,227,250,260,260,361,361,380,398,398,16,33,58,58,91,139,157,192,192,192,211,211,211],"floor_reached":33,"playtime":1927,"items_purged":[],"score":428,"play_id":"c018a4ba-db9d-4892-8f47-7ea50fe7c730","local_time":"20190126211655","is_ascension_mode":true,"campfire_choices":[{"data":"Perfected Strike","floor":6,"key":"SMITH"},{"data":"Bash","floor":8,"key":"SMITH"},{"floor":15,"key":"REST"},{"floor":24,"key":"REST"},{"floor":30,"key":"REST"},{"data":"Limit Break","floor":32,"key":"SMITH"}],"neow_cost":"NONE","seed_source_timestamp":431374306729905,"circlet_count":0,"master_deck":["Strike_R+1","Strike_R+1","Strike_R+1","Strike_R+1","Strike_R+1","Defend_R+1","Bash+1","Perfected Strike+1","Dropkick+1","Thunderclap","Shrug It Off","Pommel Strike","Pommel Strike","Cleave+1","Clothesline+1","Pommel Strike+1","Flex","Double Tap","Perfected Strike+1","Pommel Strike+1","Inflame","Shrug It Off","Clash+1","Flex","Reaper+1","Limit Break+1","Pommel Strike+1"],"relics":["Burning Blood","Mummified Hand","Molten Egg 2","Omamori","Empty Cage","Strawberry","Ancient Tea Set","Darkstone Periapt","The Courier","Art of War","Bag of Marbles"],"potions_floor_usage":[16,22,23,23,28,33,33],"damage_taken":[{"damage":8,"enemies":"Jaw Worm","floor":1,"turns":4},{"damage":1,"enemies":"Cultist","floor":2,"turns":3},{"damage":0,"enemies":"Small Slimes","floor":4,"turns":2},{"damage":9,"enemies":"Looter","floor":5,"turns":3},{"damage":32,"enemies":"Gremlin Nob","floor":7,"turns":4},{"damage":18,"enemies":"Red Slaver","floor":10,"turns":4},{"damage":9,"enemies":"2 Fungi Beasts","floor":11,"turns":2},{"damage":11,"enemies":"Exordium Wildlife","floor":12,"turns":4},{"damage":4,"enemies":"Looter","floor":14,"turns":3},{"damage":36,"enemies":"The Guardian","floor":16,"turns":7},{"damage":7,"enemies":"Chosen","floor":18,"turns":4},{"damage":0,"enemies":"Spheric Guardian","floor":19,"turns":1},{"damage":24,"enemies":"Snake Plant","floor":22,"turns":2},{"damage":41,"enemies":"Slavers","floor":23,"turns":4},{"damage":0,"enemies":"Gremlin Leader","floor":25,"turns":2},{"damage":5,"enemies":"Snecko","floor":27,"turns":3},{"damage":59,"enemies":"Slavers","floor":28,"turns":6},{"damage":6,"enemies":"Centurion and Healer","floor":31,"turns":2},{"damage":109,"enemies":"Collector","floor":33,"turns":7}],"seed_played":"-1527123728154877783","potions_obtained":[{"floor":1,"key":"Explosive Potion"},{"floor":4,"key":"BloodPotion"},{"floor":11,"key":"FearPotion"},{"floor":16,"key":"Dexterity Potion"},{"floor":18,"key":"AttackPotion"},{"floor":22,"key":"LiquidBronze"},{"floor":23,"key":"Regen Potion"},{"floor":25,"key":"BloodPotion"}],"is_trial":false,"path_per_floor":["M","M","?","M","M","R","E","R","T","M","M","M","T","M","R","B",null,"M","M","?","$","M","E","R","E","T","M","E","?","R","M","R","B"],"character_chosen":"IRONCLAD","items_purchased":["Inflame","Strawberry","Ancient Tea Set","Shrug It Off"],"campfire_rested":3,"item_purchase_floors":[21,21,21,21],"current_hp_per_floor":[78,80,80,80,77,77,51,51,51,39,36,31,31,33,57,27,80,79,80,80,87,69,34,60,66,66,67,29,29,55,55,55,0],"gold":211,"neow_bonus":"THREE_CARDS","is_prod":false,"is_daily":false,"chose_seed":false,"campfire_upgraded":3,"win_rate":0,"timestamp":1548566215,"path_taken":["M","M","?","M","M","R","E","R","T","?","M","M","?","M","R","BOSS","M","?","?","$","M","E","R","E","T","M","E","?","R","M","R","BOSS"],"build_version":"2019-01-23","purchased_purges":0,"victory":false,"max_hp_per_floor":[80,80,80,80,80,80,80,80,80,80,80,80,80,80,80,80,80,80,80,80,87,87,87,87,87,87,87,87,87,87,87,87,87],"card_choices":[{"not_picked":["Iron Wave","Thunderclap"],"picked":"Perfected Strike","floor":0},{"not_picked":["Bloodletting","Anger"],"picked":"Dropkick","floor":1},{"not_picked":["Disarm","Warcry"],"picked":"Thunderclap","floor":2},{"not_picked":["Armaments","Searing Blow"],"picked":"Shrug It Off","floor":4},{"not_picked":["Anger","Dual Wield"],"picked":"Pommel Strike","floor":5},{"not_picked":["Evolve","Reckless Charge"],"picked":"Pommel Strike","floor":7},{"not_picked":["Anger+1","Thunderclap+1"],"picked":"Cleave+1","floor":10},{"not_picked":["Cleave+1","Warcry"],"picked":"Clothesline+1","floor":11},{"not_picked":["Uppercut+1","Iron Wave+1"],"picked":"Pommel Strike+1","floor":12},{"not_picked":["Brutality","Twin Strike+1"],"picked":"Flex","floor":14},{"not_picked":["Dark Embrace","Fiend Fire+1"],"picked":"Double Tap","floor":16},{"not_picked":["Cleave+1","Warcry"],"picked":"Perfected Strike+1","floor":18},{"not_picked":["Twin Strike+1","Anger+1"],"picked":"Pommel Strike+1","floor":19},{"not_picked":["Shockwave","Clothesline+1"],"picked":"Clash+1","floor":22},{"not_picked":["True Grit","Uppercut+1"],"picked":"Flex","floor":23},{"not_picked":["Heavy Blade+1","Body Slam+1","Iron Wave+1"],"picked":"SKIP","floor":25},{"not_picked":["Rage+1","Shrug It Off"],"picked":"Reaper+1","floor":27},{"not_picked":["Iron Wave+1","Fire Breathing+1"],"picked":"Limit Break","floor":28},{"not_picked":["Sever Soul+1","Twin Strike+1"],"picked":"Pommel Strike+1","floor":31}],"player_experience":324498,"relics_obtained":[{"floor":7,"key":"Mummified Hand"},{"floor":9,"key":"Molten Egg 2"},{"floor":13,"key":"Omamori"},{"floor":23,"key":"Darkstone Periapt"},{"floor":25,"key":"The Courier"},{"floor":26,"key":"Art of War"},{"floor":28,"key":"Bag of Marbles"}],"event_choices":[{"damage_healed":0,"gold_gain":0,"player_choice":"Forge","damage_taken":0,"max_hp_gain":0,"max_hp_loss":0,"event_name":"Accursed Blacksmith","floor":3,"gold_loss":0,"cards_upgraded":["Dropkick"]},{"damage_healed":0,"gold_gain":0,"player_choice":"Simplicity","damage_taken":0,"max_hp_gain":0,"max_hp_loss":0,"event_name":"Back to Basics","floor":20,"gold_loss":0,"cards_upgraded":["Strike_R","Strike_R","Strike_R","Strike_R","Strike_R","Defend_R","Defend_R"]},{"cards_removed":["Defend_R"],"damage_healed":0,"gold_gain":0,"player_choice":"Purged","damage_taken":0,"max_hp_gain":0,"max_hp_loss":0,"event_name":"Purifier","floor":29,"gold_loss":0}],"is_beta":false,"boss_relics":[{"not_picked":["Runic Dome","Eternal Feather"],"picked":"Empty Cage"}],"items_purged_floors":[],"is_endless":false,"potions_floor_spawned":[1,4,11,16,18,22,23,25],"killed_by":"Collector","ascension_level":4}