{"gold_per_floor":[217,227,152,165,165,165,190,190,213,246,246,246],"floor_reached":12,"playtime":854,"items_purged":["Defend_R"],"score":80,"play_id":"f2af2889-f89b-4b76-a63d-8c1dab0aad8f","local_time":"20190123234937","is_ascension_mode":true,"campfire_choices":[{"floor":6,"key":"RECALL"},{"floor":8,"key":"REST"}],"neow_cost":"NONE","seed_source_timestamp":332860447697900,"circlet_count":0,"master_deck":["Strike_R","Strike_R","Strike_R","Strike_R","Defend_R","Defend_R","Defend_R","Bash","True Grit","Disarm","Shockwave","Reaper+1"],"relics":["Burning Blood","Golden Idol","Odd Mushroom","Molten Egg 2"],"potions_floor_usage":[10],"damage_taken":[{"damage":5,"enemies":"Jaw Worm","floor":1,"turns":6},{"damage":0,"enemies":"2 Louse","floor":2,"turns":4},{"damage":15,"enemies":"Cultist","floor":4,"turns":7},{"damage":29,"enemies":"The Mushroom Lair","floor":7,"turns":7},{"damage":41,"enemies":"3 Sentries","floor":10,"turns":11},{"damage":10,"enemies":"Lots of Slimes","floor":12,"turns":1}],"seed_played":"476920900295355158","potions_obtained":[{"floor":2,"key":"Strength Potion"},{"floor":7,"key":"Weak Potion"}],"is_trial":false,"path_per_floor":["M","M","$","M","?","R","?","R","T","E","?","M"],"character_chosen":"IRONCLAD","items_purchased":[],"campfire_rested":1,"item_purchase_floors":[],"current_hp_per_floor":[80,80,80,71,51,51,28,52,52,17,10,0],"gold":246,"neow_bonus":"HUNDRED_GOLD","is_prod":false,"is_daily":false,"chose_seed":false,"campfire_upgraded":0,"win_rate":0,"timestamp":1548305377,"path_taken":["M","M","$","M","?","R","?","R","T","E","?","M"],"build_version":"2019-01-23","purchased_purges":1,"victory":false,"max_hp_per_floor":[80,80,80,80,80,80,80,80,80,80,80,80],"card_choices":[{"not_picked":["Twin Strike","Anger"],"picked":"True Grit","floor":1},{"not_picked":["Flex","Blood for Blood"],"picked":"Disarm","floor":2},{"not_picked":["Flex","Bloodletting"],"picked":"Shockwave","floor":4},{"not_picked":["Immolate","Second Wind"],"picked":"Reaper","floor":10}],"player_experience":90885,"relics_obtained":[{"floor":7,"key":"Odd Mushroom"},{"floor":10,"key":"Molten Egg 2"}],"event_choices":[{"damage_healed":0,"gold_gain":0,"player_choice":"Take Damage","damage_taken":20,"relics_obtained":["Golden Idol"],"max_hp_gain":0,"max_hp_loss":0,"event_name":"Golden Idol","floor":5,"gold_loss":0},{"damage_healed":0,"gold_gain":0,"player_choice":"Fought Mushrooms","damage_taken":0,"max_hp_gain":0,"max_hp_loss":0,"event_name":"Mushrooms","floor":7,"gold_loss":0},{"cards_removed":["Strike_R"],"damage_healed":0,"gold_gain":0,"player_choice":"Card Removal","damage_taken":7,"max_hp_gain":0,"max_hp_loss":0,"event_name":"Golden Wing","floor":11,"gold_loss":0}],"is_beta":false,"boss_relics":[],"items_purged_floors":[3],"is_endless":false,"potions_floor_spawned":[2,7],"killed_by":"Lots of Slimes","ascension_level":1}