{"gold_per_floor":[117,42,56,56,56,56,56,66,91,12,30,61,61,61,61,137,137,147,72,85,85,85,85,98,98,98,98,108,128,160,60,60,139,139,153,28,45,45,45,45,64,93,148,165,165,182,194,194,194,194],"floor_reached":51,"playtime":1843,"items_purged":["Strike_B","Defend_B","Defend_B"],"score":1466,"play_id":"cd41afdd-5694-48e6-9d64-cfc8b040e70c","local_time":"20181110115837","is_ascension_mode":true,"campfire_choices":[{"data":"Coolheaded","floor":6,"key":"SMITH"},{"floor":13,"key":"REST"},{"data":"Defragment","floor":15,"key":"SMITH"},{"data":"Defragment","floor":23,"key":"SMITH"},{"data":"Capacitor","floor":25,"key":"SMITH"},{"data":"Coolheaded","floor":27,"key":"SMITH"},{"data":"Dualcast","floor":32,"key":"SMITH"},{"data":"Chill","floor":40,"key":"SMITH"},{"data":"Zap","floor":45,"key":"SMITH"},{"floor":49,"key":"REST"}],"neow_cost":"NONE","seed_source_timestamp":63216776321028,"circlet_count":0,"master_deck":["AscendersBane","Defend_B","Zap+1","Dualcast+1","Blizzard","Coolheaded+1","Defragment+1","Cold Snap+1","Coolheaded+1","Defragment+1","Capacitor+1","Cold Snap+1","Chill+1","Echo Form","Defragment+1","Coolheaded","Capacitor","Parasite","Chill+1","Deep Breath"],"relics":["FrozenCore","NeowsBlessing","Matryoshka","Oddly Smooth Stone","Bag of Marbles","Happy Flower","Whetstone","Letter Opener","Question Card","Nuclear Battery","Mercury Hourglass","Anchor"],"potions_floor_usage":[12,12,16,30,35,41,50],"damage_taken":[{"damage":0,"enemies":"Jaw Worm","floor":1,"turns":1},{"damage":0,"enemies":"2 Louse","floor":3,"turns":1},{"damage":0,"enemies":"Cultist","floor":8,"turns":1},{"damage":2,"enemies":"Looter","floor":11,"turns":4},{"damage":43,"enemies":"Gremlin Nob","floor":12,"turns":7},{"damage":28,"enemies":"The Guardian","floor":16,"turns":13},{"damage":0,"enemies":"Spheric Guardian","floor":18,"turns":10},{"damage":3,"enemies":"Shell Parasite","floor":20,"turns":9},{"damage":12,"enemies":"Snake Plant","floor":24,"turns":7},{"damage":0,"enemies":"Snecko","floor":28,"turns":9},{"damage":0,"enemies":"Sentry and Sphere","floor":29,"turns":11},{"damage":10,"enemies":"Gremlin Leader","floor":30,"turns":7},{"damage":0,"enemies":"Collector","floor":33,"turns":12},{"damage":4,"enemies":"3 Darklings","floor":35,"turns":6},{"damage":5,"enemies":"Orb Walker","floor":37,"turns":5},{"damage":3,"enemies":"Transient","floor":41,"turns":6},{"damage":0,"enemies":"Giant Head","floor":42,"turns":12},{"damage":2,"enemies":"Writhing Mass","floor":44,"turns":6},{"damage":5,"enemies":"Spire Growth","floor":46,"turns":7},{"damage":0,"enemies":"Sphere and 2 Shapes","floor":47,"turns":5},{"damage":8,"enemies":"Awakened One","floor":50,"turns":14}],"seed_played":"5301055254708991022","potions_obtained":[{"floor":3,"key":"Fire Potion"},{"floor":8,"key":"SkillPotion"},{"floor":12,"key":"Regen Potion"},{"floor":16,"key":"FocusPotion"},{"floor":20,"key":"GamblersBrew"},{"floor":30,"key":"SkillPotion"},{"floor":35,"key":"Weak Potion"},{"floor":41,"key":"Dexterity Potion"}],"is_trial":false,"path_per_floor":["M","?","M","T","?","R","?","M","T","$","M","E","R","$","R","B",null,"M","$","M","?","?","R","M","R","T","R","M","M","E","$","R","B",null,"M","$","M","?","?","R","M","E","T","M","R","M","M","?","R","B",null],"character_chosen":"DEFECT","items_purchased":["Cold Snap","Coolheaded"],"campfire_rested":2,"item_purchase_floors":[10,10],"current_hp_per_floor":[64,64,64,64,64,64,69,69,69,69,67,24,46,46,46,33,65,65,65,62,62,62,62,50,50,50,50,50,50,40,40,40,40,67,63,63,58,58,58,58,55,55,55,53,53,48,48,48,70,62],"gold":194,"neow_bonus":"THREE_ENEMY_KILL","is_prod":false,"is_daily":false,"chose_seed":false,"campfire_upgraded":8,"win_rate":0,"timestamp":1541851117,"path_taken":["M","?","M","?","?","R","?","M","T","$","M","E","R","$","R","BOSS","M","$","M","?","?","R","?","R","T","R","M","M","E","$","R","BOSS","M","$","M","?","?","R","?","E","T","M","R","?","M","?","R","BOSS"],"build_version":"2018-11-08","purchased_purges":3,"victory":true,"max_hp_per_floor":[71,71,71,71,71,71,76,76,76,76,76,76,76,76,76,76,76,76,76,76,76,76,76,76,76,76,76,76,76,76,76,76,76,76,76,76,76,76,76,76,76,76,76,76,76,76,76,76,76,76],"card_choices":[{"not_picked":["Hologram","Skim"],"picked":"Blizzard","floor":1},{"not_picked":["Turbo","Barrage"],"picked":"Coolheaded","floor":3},{"not_picked":["Steam Power","Turbo"],"picked":"Defragment","floor":8},{"not_picked":["Leap","Streamline"],"picked":"Defragment","floor":11},{"not_picked":["Double Energy","Auto Shields"],"picked":"Capacitor","floor":12},{"not_picked":["Leap","FTL"],"picked":"Cold Snap","floor":18},{"not_picked":["Reinforced Body","Coolheaded","Scrape"],"picked":"SKIP","floor":20},{"not_picked":["Tempest","Beam Cell"],"picked":"Chill","floor":24},{"not_picked":["Blizzard","Compile Driver","Streamline"],"picked":"SKIP","floor":28},{"not_picked":["Sunder","Beam Cell","Hologram"],"picked":"SKIP","floor":29},{"not_picked":["Steam Power","Darkness","Go for the Eyes"],"picked":"SKIP","floor":30},{"not_picked":["Core Surge","Biased Cognition","Rainbow"],"picked":"Echo Form","floor":33},{"not_picked":["Streamline","Storm","Beam Cell"],"picked":"Defragment+1","floor":35},{"not_picked":["Cold Snap","Ball Lightning+1","Rebound"],"picked":"Coolheaded","floor":37},{"not_picked":["Consume","Aggregate","Undo","Ball Lightning"],"picked":"SKIP","floor":41},{"not_picked":["Force Field","Barrage","Amplify","Beam Cell"],"picked":"SKIP","floor":42},{"not_picked":["Steam","Streamline","Beam Cell"],"picked":"Chill+1","floor":44},{"not_picked":["Turbo","Redo","Compile Driver","Leap"],"picked":"SKIP","floor":46},{"not_picked":["Scrape","Leap","Sweeping Beam","Gash"],"picked":"SKIP","floor":47},{"not_picked":["Impatience","The Bomb","Apotheosis"],"picked":"Deep Breath","floor":48}],"player_experience":136867,"relics_obtained":[{"floor":4,"key":"Matryoshka"},{"floor":9,"key":"Oddly Smooth Stone"},{"floor":9,"key":"Bag of Marbles"},{"floor":12,"key":"Happy Flower"},{"floor":26,"key":"Whetstone"},{"floor":26,"key":"Letter Opener"},{"floor":30,"key":"Question Card"},{"floor":42,"key":"Mercury Hourglass"},{"floor":43,"key":"Anchor"}],"event_choices":[{"cards_removed":["Strike_B"],"damage_healed":0,"gold_gain":0,"player_choice":"Card Removal","damage_taken":0,"max_hp_gain":0,"max_hp_loss":0,"event_name":"The Cleric","floor":2,"gold_loss":75},{"cards_removed":["Strike_B"],"damage_healed":0,"gold_gain":0,"player_choice":"Forget","damage_taken":0,"max_hp_gain":0,"max_hp_loss":0,"event_name":"Living Wall","floor":5,"gold_loss":0},{"damage_healed":0,"gold_gain":0,"player_choice":"Donut","damage_taken":0,"max_hp_gain":5,"max_hp_loss":0,"event_name":"Big Fish","floor":7,"gold_loss":0},{"damage_healed":0,"gold_gain":0,"player_choice":"Ignored","damage_taken":0,"max_hp_gain":0,"max_hp_loss":0,"event_name":"The Mausoleum","floor":21,"gold_loss":0},{"cards_removed":["Strike_B"],"damage_healed":0,"gold_gain":0,"player_choice":"Offered Basic","damage_taken":0,"max_hp_gain":0,"max_hp_loss":0,"event_name":"Bonfire Elementals","floor":22,"gold_loss":0},{"damage_healed":0,"gold_gain":0,"player_choice":"Ignored","damage_taken":0,"max_hp_gain":0,"max_hp_loss":0,"event_name":"Mysterious Sphere","floor":38,"gold_loss":0},{"damage_healed":0,"gold_gain":0,"cards_transformed":["Defend_B"],"player_choice":"Transformed","damage_taken":0,"max_hp_gain":0,"max_hp_loss":0,"event_name":"Transmorgrifier","floor":39,"gold_loss":0,"cards_obtained":["Capacitor"]},{"damage_healed":0,"gold_gain":0,"player_choice":"Memory 1","damage_taken":0,"max_hp_gain":0,"max_hp_loss":0,"event_name":"SensoryStone","floor":48,"gold_loss":0}],"is_beta":false,"boss_relics":[{"not_picked":["Orrery","Empty Cage"],"picked":"FrozenCore"},{"not_picked":["Astrolabe","Velvet Choker"],"picked":"Nuclear Battery"}],"items_purged_floors":[19,31,36],"is_endless":false,"potions_floor_spawned":[3,8,12,16,20,28,30,33,35,41,44],"ascension_level":18}