{"gold_per_floor":[116,116,128,138,155,172,172,172,172,172,36,36,61,81,81,81],"floor_reached":16,"playtime":340,"items_purged":[],"score":102,"play_id":"f097635f-c24a-431d-90e5-5203ba512a0d","local_time":"20180901151403","is_ascension_mode":false,"campfire_choices":[{"data":"Neutralize","floor":7,"key":"SMITH"},{"data":"Die Die Die","floor":10,"key":"SMITH"},{"data":"Night Terror","floor":12,"key":"SMITH"},{"data":"Quick Slash","floor":15,"key":"SMITH"}],"neow_cost":"","seed_source_timestamp":78805868407509,"circlet_count":0,"master_deck":["Defend_G","Defend_G","Defend_G","Defend_G","Defend_G","Strike_G","Strike_G","Strike_G","Strike_G+1","Survivor","Neutralize+1","Quick Slash+1","Die Die Die+1","Flying Knee","Choke+1","Night Terror+1"],"relics":["Ring of the Snake","Lantern","Whetstone"],"potions_floor_usage":[5,13,16],"damage_taken":[{"damage":5,"enemies":"Cultist","floor":1,"turns":5},{"damage":0,"enemies":"2 Louse","floor":3,"turns":2},{"damage":0,"enemies":"Small Slimes","floor":4,"turns":3},{"damage":23,"enemies":"Gremlin Gang","floor":5,"turns":6},{"damage":0,"enemies":"Lots of Slimes","floor":6,"turns":1},{"damage":7,"enemies":"Gremlin Nob","floor":13,"turns":3},{"damage":0,"enemies":"Blue Slaver","floor":14,"turns":3},{"damage":35,"enemies":"Hexaghost","floor":16,"turns":9}],"seed_played":"1862988326421477419","potions_obtained":[{"floor":1,"key":"Energy Potion"},{"floor":5,"key":"Poison Potion"},{"floor":13,"key":"GhostInAJar"}],"is_trial":false,"path_per_floor":["M","?","M","M","M","M","R","?","T","R","$","R","E","M","R"],"character_chosen":"THE_SILENT","items_purchased":["Night Terror"],"campfire_rested":0,"item_purchase_floors":[11],"current_hp_per_floor":[65,65,65,65,42,42,42,42,42,42,42,42,35,35,35,0],"gold":81,"neow_bonus":"","is_prod":false,"is_daily":false,"chose_seed":false,"campfire_upgraded":4,"win_rate":0.0,"timestamp":1535811243,"path_taken":["M","?","M","?","?","M","R","?","T","R","$","R","E","?","R","BOSS"],"build_version":"2018-08-30","purchased_purges":0,"victory":false,"max_hp_per_floor":[70,70,70,70,70,70,70,70,70,70,70,70,70,70,70,70],"card_choices":[{"not_picked":["Infinite Blades","Deflect"],"picked":"Quick Slash","floor":1},{"not_picked":["Poisoned Stab","Blade Dance","Slice"],"picked":"SKIP","floor":3},{"not_picked":["Sucker Punch","Quick Slash"],"picked":"Die Die Die","floor":4},{"not_picked":["Deflect","Slice"],"picked":"Flying Knee","floor":5},{"not_picked":["Underhanded Strike","Deadly Poison","Riddle With Holes"],"picked":"SKIP","floor":6},{"not_picked":["Dodge and Roll","Quick Slash","Dagger Spray"],"picked":"SKIP","floor":13},{"not_picked":["Crippling Poison","Tactician","Dagger Spray"],"picked":"SKIP","floor":14}],"player_experience":2006,"relics_obtained":[{"floor":9,"key":"Lantern"},{"floor":13,"key":"Whetstone"}],"event_choices":[{"event_name":"Liars Game","player_choice":"disagreed","floor":2,"damage_taken":0},{"event_name":"Living Wall","player_choice":"Change","floor":8,"damage_taken":0}],"is_beta":false,"boss_relics":[],"items_purged_floors":[],"is_endless":false,"potions_floor_spawned":[1,5,13],"killed_by":"Hexaghost","ascension_level":0}