{"gold_per_floor":[119,194,209,55,205,205,205,245,270,270,291,291,291],"floor_reached":13,"playtime":291,"items_purged":["Strike_G"],"score":154,"play_id":"f39ae3b1-6871-45b8-a641-b37c316d0063","local_time":"20190205002544","is_ascension_mode":true,"campfire_choices":[{"data":"Dagger Spray","floor":6,"key":"SMITH"},{"data":"Predator","floor":10,"key":"SMITH"}],"neow_cost":"NONE","seed_source_timestamp":27117199943100,"circlet_count":0,"master_deck":["AscendersBane","Defend_G","Defend_G","Defend_G","Defend_G","Defend_G","Strike_G","Strike_G","Strike_G","Strike_G","Survivor","Neutralize","Predator+1","Dagger Spray+1","Footwork","Doubt","Crippling Poison"],"relics":["Ring of the Snake","Vajra","Golden Idol","Lantern","Anchor","Gremlin Horn"],"potions_floor_usage":[8],"damage_taken":[{"damage":0,"enemies":"Cultist","floor":1,"turns":4},{"damage":4,"enemies":"Jaw Worm","floor":3,"turns":3},{"damage":5,"enemies":"3 Sentries","floor":8,"turns":4},{"damage":0,"enemies":"Small Slimes","floor":11,"turns":2},{"damage":41,"enemies":"Lagavulin","floor":13,"turns":7}],"seed_played":"-7977095532216594350","potions_obtained":[{"floor":3,"key":"Fire Potion"},{"floor":8,"key":"Ancient Potion"}],"is_trial":false,"path_per_floor":["M","?","M","$","?","R","?","E","T","R","M","?","E"],"character_chosen":"THE_SILENT","items_purchased":["Footwork"],"campfire_rested":0,"item_purchase_floors":[4],"current_hp_per_floor":[59,59,55,55,55,55,55,50,50,50,50,39,0],"gold":291,"neow_bonus":"RANDOM_COMMON_RELIC","is_prod":false,"is_daily":false,"chose_seed":false,"campfire_upgraded":2,"win_rate":0,"timestamp":1549319144,"path_taken":["M","?","M","$","?","R","?","E","T","R","?","?","E"],"build_version":"2019-01-23","purchased_purges":1,"victory":false,"max_hp_per_floor":[66,66,66,66,66,66,60,60,60,60,60,60,60],"card_choices":[{"not_picked":["Dagger Throw","Heel Hook"],"picked":"Predator","floor":1},{"not_picked":["Eviscerate","Backflip"],"picked":"Dagger Spray","floor":3},{"not_picked":["Poisoned Stab","Deflect","Quick Slash"],"picked":"SKIP","floor":8},{"not_picked":["Dagger Spray","PiercingWail"],"picked":"Crippling Poison","floor":11}],"player_experience":609007,"relics_obtained":[{"floor":8,"key":"Lantern"},{"floor":9,"key":"Anchor"}],"event_choices":[{"damage_healed":0,"gold_gain":75,"player_choice":"Gained Gold","damage_taken":0,"max_hp_gain":0,"max_hp_loss":0,"event_name":"Golden Wing","floor":2,"gold_loss":0},{"damage_healed":0,"gold_gain":150,"player_choice":"AGREE","damage_taken":0,"max_hp_gain":0,"max_hp_loss":0,"event_name":"Liars Game","floor":5,"gold_loss":0,"cards_obtained":["Doubt"]},{"damage_healed":0,"gold_gain":0,"player_choice":"Lose Max HP","damage_taken":0,"relics_obtained":["Golden Idol"],"max_hp_gain":0,"max_hp_loss":6,"event_name":"Golden Idol","floor":7,"gold_loss":0},{"damage_healed":0,"gold_gain":0,"player_choice":"Success","damage_taken":11,"relics_obtained":["Gremlin Horn"],"max_hp_gain":0,"max_hp_loss":0,"event_name":"Scrap Ooze","floor":12,"gold_loss":0}],"is_beta":false,"boss_relics":[],"items_purged_floors":[4],"is_endless":false,"potions_floor_spawned":[3,8],"killed_by":"Lagavulin","ascension_level":18}