{"gold_per_floor":[115,115,163,179,199,199,149,164,164,20,20,36,49,68,68,168,168,179,148,148,162,173,173,206,206,206,106,106,0,0],"floor_reached":30,"playtime":816,"items_purged":["Strike_R","Heavy Blade+1"],"score":303,"play_id":"f19186a4-6efd-4191-96fe-22e629a790c7","local_time":"20181025203116","is_ascension_mode":true,"campfire_choices":[{"data":"Thunderclap","floor":6,"key":"SMITH"},{"data":"Pummel","floor":15,"key":"SMITH"},{"data":"Limit Break","floor":23,"key":"SMITH"},{"floor":25,"key":"REST"},{"data":"Disarm","floor":28,"key":"SMITH"}],"neow_cost":"NONE","seed_source_timestamp":7019424840506,"circlet_count":0,"master_deck":["Defend_R","Defend_R","Defend_R","Bash","Panacea","Thunderclap+1","Pommel Strike","Iron Wave","Metallicize","Pummel+1","Disarm+1","Demon Form","Sentinel+1","Ghostly Armor+1","Limit Break+1","True Grit+1","Shrug It Off+1"],"relics":["Burning Blood","Art of War","Vajra","Astrolabe","Dream Catcher","Calipers"],"potions_floor_usage":[8,21,21],"damage_taken":[{"damage":3,"enemies":"Jaw Worm","floor":1,"turns":5},{"damage":6,"enemies":"Cultist","floor":4,"turns":3},{"damage":1,"enemies":"2 Louse","floor":5,"turns":3},{"damage":19,"enemies":"Exordium Wildlife","floor":8,"turns":3},{"damage":13,"enemies":"Lots of Slimes","floor":12,"turns":3},{"damage":0,"enemies":"Blue Slaver","floor":13,"turns":5},{"damage":0,"enemies":"Exordium Wildlife","floor":14,"turns":2},{"damage":57,"enemies":"Slime Boss","floor":16,"turns":12},{"damage":1,"enemies":"Shell Parasite","floor":18,"turns":14},{"damage":23,"enemies":"2 Thieves","floor":19,"turns":5},{"damage":15,"enemies":"Snake Plant","floor":21,"turns":6},{"damage":9,"enemies":"Centurion and Healer","floor":22,"turns":5},{"damage":31,"enemies":"Gremlin Leader","floor":24,"turns":6},{"damage":24,"enemies":"3 Cultists","floor":30,"turns":5}],"seed_played":"5696698968279534060","potions_obtained":[{"floor":5,"key":"Swift Potion"},{"floor":8,"key":"Dexterity Potion"},{"floor":12,"key":"SpeedPotion"},{"floor":19,"key":"GamblersBrew"}],"is_trial":false,"path_per_floor":["M","?","T","M","M","R","?","M","T","$","?","M","M","M","R","B",null,"M","M","?","M","M","R","E","R","T","$","R","?"],"character_chosen":"IRONCLAD","items_purchased":["Metallicize"],"campfire_rested":1,"item_purchase_floors":[10],"current_hp_per_floor":[80,72,72,72,77,77,77,64,64,64,64,57,63,69,69,18,65,70,53,53,44,41,41,16,40,40,40,40,40,16],"gold":0,"neow_bonus":"RANDOM_COLORLESS","is_prod":false,"is_daily":false,"chose_seed":false,"campfire_upgraded":4,"win_rate":0,"timestamp":1540495876,"path_taken":["M","?","?","?","M","R","?","M","T","$","?","M","M","M","R","BOSS","M","?","?","M","M","R","E","R","T","$","R","?","?"],"build_version":"2018-10-18","purchased_purges":2,"victory":false,"max_hp_per_floor":[80,80,80,80,80,80,80,80,80,80,80,80,80,80,80,80,80,80,80,80,80,80,80,80,80,80,80,80,80,80],"card_choices":[{"not_picked":["Second Wind","Fire Breathing"],"picked":"Thunderclap","floor":1},{"not_picked":["Perfected Strike","Twin Strike"],"picked":"Pommel Strike","floor":4},{"not_picked":["Entrench","Power Through","Sword Boomerang"],"picked":"SKIP","floor":5},{"not_picked":["Reckless Charge","Clash"],"picked":"Iron Wave","floor":8},{"not_picked":["Body Slam","Anger","Havoc"],"picked":"SKIP","floor":12},{"not_picked":["Searing Blow","Seeing Red","Sever Soul"],"picked":"SKIP","floor":13},{"not_picked":["Flame Barrier","Pommel Strike"],"picked":"Disarm","floor":14},{"not_picked":["Barricade","Feed"],"picked":"Demon Form","floor":16},{"not_picked":["Warcry","Corruption+1","Flex"],"picked":"SKIP","floor":18},{"not_picked":["Body Slam","Cleave","Pommel Strike+1"],"picked":"SKIP","floor":19},{"not_picked":["Anger","Warcry","Combust"],"picked":"SKIP","floor":21},{"not_picked":["Pommel Strike","Spot Weakness"],"picked":"True Grit+1","floor":22},{"not_picked":["Flex","Cleave","Havoc+1"],"picked":"SKIP","floor":24},{"not_picked":["Body Slam+1","Iron Wave+1"],"picked":"Shrug It Off+1","floor":25}],"player_experience":82529,"relics_obtained":[{"floor":3,"key":"Art of War"},{"floor":9,"key":"Vajra"},{"floor":24,"key":"Dream Catcher"},{"floor":26,"key":"Calipers"}],"event_choices":[{"damage_healed":0,"gold_gain":0,"player_choice":"Damaged","damage_taken":8,"max_hp_gain":0,"max_hp_loss":0,"event_name":"Wheel of Change","floor":2,"gold_loss":0},{"cards_removed":["Strike_R"],"damage_healed":0,"gold_gain":0,"player_choice":"Card Removal","damage_taken":0,"max_hp_gain":0,"max_hp_loss":0,"event_name":"The Cleric","floor":7,"gold_loss":50},{"damage_healed":0,"gold_gain":0,"cards_transformed":["Strike_R"],"player_choice":"Change","damage_taken":0,"max_hp_gain":0,"max_hp_loss":0,"event_name":"Living Wall","floor":11,"gold_loss":0,"cards_obtained":["Pummel"]},{"damage_healed":0,"gold_gain":0,"player_choice":"1 cards matched","damage_taken":0,"max_hp_gain":0,"max_hp_loss":0,"event_name":"Match and Keep!","floor":20,"gold_loss":0,"cards_obtained":["Limit Break"]},{"damage_healed":0,"gold_gain":0,"player_choice":"Paid Fearfully","damage_taken":0,"max_hp_gain":0,"max_hp_loss":0,"event_name":"Masked Bandits","floor":29,"gold_loss":106}],"is_beta":false,"boss_relics":[{"not_picked":["Orrery","Black Star"],"picked":"Astrolabe"}],"items_purged_floors":[10,27],"is_endless":false,"potions_floor_spawned":[5,8,12,19],"killed_by":"3 Cultists","ascension_level":5}