{"gold_per_floor":[113,113,15,32,48,48,78,93,93,93,120,13,13,30,30,30],"floor_reached":16,"playtime":426,"items_purged":["Strike_G"],"score":204,"play_id":"076fb1af-ac6e-4d7d-bc6f-bc463fde91eb","local_time":"20190113203042","is_ascension_mode":true,"campfire_choices":[{"data":"Deep Breath","floor":6,"key":"SMITH"},{"floor":10,"key":"REST"},{"floor":13,"key":"REST"},{"data":"1","floor":15,"key":"LIFT"}],"neow_cost":"TEN_PERCENT_HP_LOSS","seed_source_timestamp":22977846432326,"circlet_count":0,"master_deck":["AscendersBane","Defend_G","Defend_G","Defend_G","Defend_G","Defend_G","Strike_G","Strike_G","Strike_G","Strike_G","Survivor","Neutralize","Envenom","Sucker Punch","Neutralize","Deep Breath+1","Caltrops","Corpse Explosion","Deflect","Footwork","Cloak And Dagger","PiercingWail"],"relics":["Ring of the Snake","Smiling Mask","Gremlin Horn","Girya"],"potions_floor_usage":[7,11],"damage_taken":[{"damage":2,"enemies":"2 Louse","floor":1,"turns":5},{"damage":0,"enemies":"Cultist","floor":4,"turns":4},{"damage":0,"enemies":"Jaw Worm","floor":5,"turns":6},{"damage":7,"enemies":"3 Sentries","floor":7,"turns":3},{"damage":32,"enemies":"Gremlin Gang","floor":8,"turns":3},{"damage":33,"enemies":"Lagavulin","floor":11,"turns":9},{"damage":2,"enemies":"Blue Slaver","floor":14,"turns":5},{"damage":27,"enemies":"Slime Boss","floor":16,"turns":8}],"seed_played":"1477768838832553742","potions_obtained":[{"floor":4,"key":"SkillPotion"},{"floor":8,"key":"GhostInAJar"},{"floor":14,"key":"Ancient Potion"}],"is_trial":false,"path_per_floor":["M","?","$","M","M","R","E","M","T","R","E","$","R","M","R","B"],"character_chosen":"THE_SILENT","items_purchased":["Deep Breath","Cloak And Dagger"],"campfire_rested":2,"item_purchase_floors":[3,12],"current_hp_per_floor":[57,57,57,57,57,57,50,18,18,36,3,3,21,19,19,0],"gold":30,"neow_bonus":"THREE_RARE_CARDS","is_prod":false,"is_daily":false,"chose_seed":false,"campfire_upgraded":1,"win_rate":0,"timestamp":1547411442,"path_taken":["M","?","$","M","M","R","E","M","T","R","E","$","R","M","R","BOSS"],"build_version":"2019-01-10","purchased_purges":1,"victory":false,"max_hp_per_floor":[60,60,60,60,60,60,60,60,60,60,60,60,60,60,60,60],"card_choices":[{"not_picked":["After Image","Wraith Form v2"],"picked":"Envenom","floor":0},{"not_picked":["Choke","Poisoned Stab"],"picked":"Sucker Punch","floor":1},{"not_picked":["Finisher","Endless Agony","Prepared"],"picked":"SKIP","floor":4},{"not_picked":["Flying Knee","Deadly Poison"],"picked":"Caltrops","floor":5},{"not_picked":["Dagger Throw","Acrobatics"],"picked":"Corpse Explosion","floor":7},{"not_picked":["Acrobatics","Underhanded Strike"],"picked":"Deflect","floor":8},{"not_picked":["Flying Knee","Deflect"],"picked":"Footwork","floor":11},{"not_picked":["Flechettes","All Out Attack"],"picked":"PiercingWail","floor":14}],"player_experience":382312,"relics_obtained":[{"floor":7,"key":"Smiling Mask"},{"floor":9,"key":"Gremlin Horn"},{"floor":11,"key":"Girya"}],"event_choices":[{"damage_healed":0,"gold_gain":0,"player_choice":"1 cards matched","damage_taken":0,"max_hp_gain":0,"max_hp_loss":0,"event_name":"Match and Keep!","floor":2,"gold_loss":0,"cards_obtained":["Neutralize"]}],"is_beta":false,"boss_relics":[],"items_purged_floors":[12],"is_endless":false,"potions_floor_spawned":[4,8,14],"killed_by":"Slime Boss","ascension_level":17}