{"path_per_floor":["M","M","?","M","$","E","R","?","T","?","R","E","$","M","R","B",null,"M","M","?","$","?","E","R","$","T","M","M","T","M","M","R","B",null,"M","$","?","M","M","R","M","?","T"],"character_chosen":"THE_SILENT","items_purchased":["Infinite Blades","Shuriken","Terror","Infinite Blades","Membership Card","Vajra","Infinite Blades"],"gold_per_floor":[362,378,453,469,103,132,132,132,186,215,215,240,97,110,110,208,208,227,238,238,30,30,64,64,64,64,78,94,164,181,191,191,294,294,308,130,130,142,154,154,167,167,218,218],"floor_reached":44,"campfire_rested":5,"playtime":1802,"item_purchase_floors":[5,5,13,13,21,36,36],"current_hp_per_floor":[61,60,49,44,44,30,51,70,70,58,58,52,52,49,70,39,70,61,61,61,61,80,39,63,63,63,57,49,49,4,26,50,34,80,65,65,65,37,29,53,35,35,35,0],"items_purged":["Writhe"],"gold":218,"score":463,"play_id":"7646e522-26ff-4a35-9d95-edc7a1b96418","local_time":"20180607035012","is_prod":false,"is_daily":false,"chose_seed":false,"is_ascension_mode":false,"campfire_upgraded":1,"win_rate":0.0,"timestamp":1528361412,"campfire_choices":[{"floor":7,"key":"REST"},{"data":"Infinite Blades","floor":11,"key":"SMITH"},{"floor":15,"key":"REST"},{"floor":24,"key":"REST"},{"floor":32,"key":"REST"},{"floor":40,"key":"REST"}],"path_taken":["M","M","?","M","$","E","R","?","T","?","R","E","$","M","R","BOSS","M","M","?","$","?","E","R","$","T","M","M","?","M","M","R","BOSS","M","$","?","M","M","R","M","?","T","E"],"build_version":"2018-06-06","seed_source_timestamp":692047708019819,"purchased_purges":1,"victory":false,"master_deck":["Defend_G","Defend_G","Defend_G","Defend_G","Defend_G","Strike_G","Strike_G","Strike_G","Strike_G","Strike_G","Survivor","Neutralize","Choke","Flying Knee","Backflip","Infinite Blades+1","Backflip","Outmaneuver","Flying Knee","Terror","Infinite Blades","Well Laid Plans","Outmaneuver+1","Phantasmal Killer","Terror+1","Backstab+1","Infinite Blades","Neutralize","All Out Attack+1","Caltrops","Normality","Regret"],"max_hp_per_floor":[70,70,70,70,70,70,70,70,70,70,70,70,70,70,70,70,70,70,70,70,70,80,80,80,80,80,80,80,80,80,80,80,80,80,80,80,80,80,80,80,80,80,80,80],"relics":["Ring of the Snake","Shuriken","Pen Nib","Happy Flower","Odd Mushroom","Kunai","Lizard Tail","Membership Card","Snake Skull","Gremlin Horn","Letter Opener","Cursed Key","Vajra","Boot","Lantern"],"card_choices":[{"not_picked":["PiercingWail","Slice"],"picked":"Choke","floor":1},{"not_picked":["Slice","Deadly Poison"],"picked":"Flying Knee","floor":2},{"not_picked":["Deadly Poison","Underhanded Strike"],"picked":"Backflip","floor":4},{"not_picked":["Dash","Bane"],"picked":"Backflip","floor":6},{"not_picked":["Night Terror","Skewer"],"picked":"Outmaneuver","floor":10},{"not_picked":["Expertise","Deadly Poison"],"picked":"Flying Knee","floor":12},{"not_picked":["Flechettes","Dagger Throw"],"picked":"Well Laid Plans","floor":14},{"not_picked":["Doppelganger","Corpse Explosion"],"picked":"Unload","floor":16},{"not_picked":["Deflect","Prepared+1"],"picked":"Outmaneuver+1","floor":18},{"not_picked":["Choke+1","Deflect","PiercingWail"],"picked":"SKIP","floor":19},{"not_picked":["Finisher","Poisoned Stab","PiercingWail"],"picked":"SKIP","floor":23},{"not_picked":["Deadly Poison","Poisoned Stab","Prepared+1"],"picked":"SKIP","floor":27},{"not_picked":["Escape Plan","Leg Sweep","Dagger Spray+1"],"picked":"SKIP","floor":28},{"not_picked":["Dagger Throw","Calculated Gamble","Crippling Poison"],"picked":"SKIP","floor":30},{"not_picked":["Bane+1","Burst"],"picked":"Terror+1","floor":31},{"not_picked":["Quick Slash","PiercingWail"],"picked":"Backstab+1","floor":35},{"not_picked":["Dodge and Roll","Calculated Gamble+1"],"picked":"All Out Attack+1","floor":38},{"not_picked":["Quick Slash+1","Poisoned Stab"],"picked":"Caltrops","floor":39},{"not_picked":["Outmaneuver+1","Catalyst","Bane"],"picked":"SKIP","floor":41}],"player_experience":16948,"potions_floor_usage":[6,19,23,23,31,31,44],"damage_taken":[{"damage":9,"enemies":"Cultist","floor":1,"turns":4},{"damage":1,"enemies":"Jaw Worm","floor":2,"turns":3},{"damage":5,"enemies":"Small Slimes","floor":4,"turns":3},{"damage":14,"enemies":"Gremlin Nob","floor":6,"turns":4},{"damage":12,"floor":10,"turns":4},{"damage":6,"enemies":"3 Sentries","floor":12,"turns":7},{"damage":3,"enemies":"Blue Slaver","floor":14,"turns":3},{"damage":31,"enemies":"Hexaghost","floor":16,"turns":7},{"damage":9,"enemies":"3 Byrds","floor":18,"turns":5},{"damage":0,"enemies":"Shell Parasite","floor":19,"turns":5},{"damage":41,"enemies":"Gremlin Leader","floor":23,"turns":8},{"damage":6,"enemies":"Chosen and Byrds","floor":27,"turns":6},{"damage":8,"enemies":"Centurion and Healer","floor":28,"turns":5},{"damage":45,"enemies":"Slaver and Parasite","floor":30,"turns":5},{"damage":19,"enemies":"Snake Plant","floor":31,"turns":6},{"damage":16,"enemies":"Champ","floor":33,"turns":8},{"damage":15,"enemies":"Flame Bruiser 1 Orb","floor":35,"turns":4},{"damage":28,"enemies":"3 Darklings","floor":38,"turns":5},{"damage":8,"enemies":"Maw","floor":39,"turns":7},{"damage":18,"enemies":"Spire Growth","floor":41,"turns":4},{"damage":48,"enemies":"2 Orb Walkers","floor":44,"turns":4}],"relics_obtained":[{"floor":6,"key":"Pen Nib"},{"floor":9,"key":"Happy Flower"},{"floor":10,"key":"Odd Mushroom"},{"floor":12,"key":"Kunai"},{"floor":23,"key":"Snake Skull"},{"floor":26,"key":"Gremlin Horn"},{"floor":29,"key":"Letter Opener"},{"floor":43,"key":"Lantern"}],"event_choices":[{"event_name":"World of Goop","player_choice":"Gather Gold","floor":3,"damage_taken":0},{"event_name":"Big Fish","player_choice":"Banana","floor":8,"damage_taken":0},{"event_name":"Mushrooms","player_choice":"Fought Mushrooms","floor":10,"damage_taken":0},{"event_name":"Match and Keep!","player_choice":"1 cards matched","floor":20,"damage_taken":0},{"event_name":"Bonfire Elementals","player_choice":"RARE","floor":22,"damage_taken":0},{"event_name":"Duplicator","player_choice":"One dupe","floor":37,"damage_taken":0},{"event_name":"Accursed Blacksmith","player_choice":"Rummage","floor":42,"damage_taken":0}],"boss_relics":[{"not_picked":["Velvet Choker","Philosopher\u0027s Stone"],"picked":"Lizard Tail"},{"not_picked":["Astrolabe","Black Star"],"picked":"Cursed Key"}],"items_purged_floors":[5],"potions_floor_spawned":[4,14,16,18,23,28,41],"seed_played":"-167753798749751470","killed_by":"2 Orb Walkers","ascension_level":0,"potions_obtained":[{"floor":4,"key":"SteroidPotion"},{"floor":14,"key":"EssenceOfSteel"},{"floor":16,"key":"FearPotion"},{"floor":18,"key":"Strength Potion"},{"floor":23,"key":"Weak Potion"},{"floor":28,"key":"SteroidPotion"},{"floor":41,"key":"Regen Potion"}],"is_trial":false}