{"gold_per_floor":[117,117,134,83,100,100,135,135,158,158,183,195,195,195,195,268,268,281,300,310,220,237,237,269,281,281,281,312,339,27,27,27,104,104,119,119,134,59,159,159,191,202,202,202,202,202,218,244,244,244],"floor_reached":51,"playtime":3391,"items_purged":["Barricade"],"score":1264,"play_id":"3da2716d-fa69-4ddd-a67f-4d7a64c81980","local_time":"20190116151959","is_ascension_mode":true,"campfire_choices":[{"data":"Bash","floor":6,"key":"SMITH"},{"data":"Clothesline","floor":8,"key":"SMITH"},{"data":"Metallicize","floor":10,"key":"SMITH"},{"floor":15,"key":"REST"},{"data":"Whirlwind","floor":23,"key":"SMITH"},{"floor":27,"key":"REST"},{"data":"Demon Form","floor":32,"key":"SMITH"},{"data":"Offering","floor":40,"key":"SMITH"},{"data":"Shockwave","floor":44,"key":"SMITH"},{"data":"Entrench","floor":46,"key":"SMITH"},{"data":"Metallicize","floor":49,"key":"SMITH"}],"neow_cost":"PERCENT_DAMAGE","seed_source_timestamp":507653038525253,"circlet_count":0,"master_deck":["AscendersBane","Bash+1","Twin Strike","Warcry","Shrug It Off+1","Clothesline+1","Shrug It Off","Metallicize+1","Barricade+1","Rage","Demon Form+1","Body Slam+1","Power Through+1","Whirlwind+1","Offering+1","Metallicize+1","Flame Barrier","Reaper","Pommel Strike","Flex","Immolate","Iron Wave+1","Shockwave+1","Shrug It Off+1","Entrench+1","Metallicize+1","Ghostly Armor"],"relics":["Burning Blood","Vajra","Paper Frog","Regal Pillow","Mercury Hourglass","Sozu","Bronze Scales","Ancient Tea Set","Blood Vial","Anchor","Pandora\u0027s Box","FossilizedHelix","Frozen Egg 2","Magic Flower","Bottled Lightning"],"potions_floor_usage":[12,16],"damage_taken":[{"damage":5,"enemies":"2 Louse","floor":1,"turns":4},{"damage":2,"enemies":"Small Slimes","floor":3,"turns":3},{"damage":0,"enemies":"Cultist","floor":5,"turns":3},{"damage":15,"enemies":"Gremlin Nob","floor":7,"turns":4},{"damage":25,"enemies":"3 Sentries","floor":11,"turns":9},{"damage":10,"enemies":"Lots of Slimes","floor":12,"turns":3},{"damage":13,"enemies":"Slime Boss","floor":16,"turns":8},{"damage":0,"enemies":"3 Byrds","floor":18,"turns":5},{"damage":6,"enemies":"Spheric Guardian","floor":19,"turns":5},{"damage":2,"enemies":"3 Cultists","floor":20,"turns":5},{"damage":1,"enemies":"Centurion and Healer","floor":22,"turns":6},{"damage":51,"enemies":"Gremlin Leader","floor":24,"turns":6},{"damage":24,"enemies":"Snake Plant","floor":25,"turns":4},{"damage":9,"enemies":"Book of Stabbing","floor":28,"turns":5},{"damage":17,"enemies":"Champ","floor":33,"turns":10},{"damage":6,"enemies":"Orb Walker","floor":35,"turns":2},{"damage":13,"enemies":"3 Darklings","floor":37,"turns":3},{"damage":6,"enemies":"Mind Bloom Boss Battle","floor":39,"turns":5},{"damage":0,"enemies":"Giant Head","floor":41,"turns":8},{"damage":61,"enemies":"Transient","floor":42,"turns":5},{"damage":0,"enemies":"4 Shapes","floor":47,"turns":2},{"damage":23,"enemies":"Reptomancer","floor":48,"turns":7},{"damage":35,"enemies":"Time Eater","floor":50,"turns":10}],"seed_played":"5473904847573931936","potions_obtained":[{"floor":3,"key":"Fire Potion"},{"floor":11,"key":"Poison Potion"},{"floor":16,"key":"Explosive Potion"}],"is_trial":false,"path_per_floor":["M","?","M","$","M","R","E","R","T","R","E","M","?","?","R","B",null,"M","M","M","?","M","R","E","M","T","R","E","T","$","?","R","B",null,"M","?","M","$","?","R","E","M","T","R","?","R","M","E","R","B",null],"character_chosen":"IRONCLAD","items_purchased":["Shrug It Off","Offering","Metallicize","Flame Barrier"],"campfire_rested":2,"item_purchase_floors":[4,30,30,30],"current_hp_per_floor":[52,49,53,53,59,59,50,50,50,50,31,27,27,27,66,59,75,80,80,80,80,80,80,35,17,17,56,53,53,53,53,53,44,71,73,73,80,80,80,80,80,33,33,33,33,33,45,66,66,51],"gold":244,"neow_bonus":"TRANSFORM_TWO_CARDS","is_prod":false,"is_daily":false,"chose_seed":false,"campfire_upgraded":9,"win_rate":0,"timestamp":1547680799,"path_taken":["M","?","M","$","M","R","E","R","T","R","E","M","?","?","R","BOSS","M","?","?","?","M","R","E","?","T","R","E","?","$","?","R","BOSS","M","?","M","$","?","R","E","M","T","R","?","R","?","E","R","BOSS"],"build_version":"2019-01-10","purchased_purges":1,"victory":true,"max_hp_per_floor":[80,80,80,80,80,80,80,80,80,80,80,80,80,80,80,80,80,80,80,80,80,80,80,80,80,80,80,80,80,80,80,80,80,80,80,80,80,80,80,80,80,80,80,80,80,80,80,80,80,80],"card_choices":[{"not_picked":["Heavy Blade","Burning Pact"],"picked":"Shrug It Off","floor":1},{"not_picked":["Sever Soul","True Grit"],"picked":"Clothesline","floor":3},{"not_picked":["Entrench","Reckless Charge","Twin Strike"],"picked":"SKIP","floor":5},{"not_picked":["Clothesline","True Grit"],"picked":"Metallicize","floor":7},{"not_picked":["Rupture","Thunderclap"],"picked":"Barricade","floor":11},{"not_picked":["Hemokinesis","Clothesline","Carnage"],"picked":"SKIP","floor":12},{"not_picked":["Feed","Reaper"],"picked":"Demon Form","floor":16},{"not_picked":["Rage","Sword Boomerang+1"],"picked":"Body Slam+1","floor":18},{"not_picked":["Flex","Warcry"],"picked":"Power Through+1","floor":19},{"not_picked":["Corruption","Pommel Strike"],"picked":"Whirlwind","floor":20},{"not_picked":["Heavy Blade","Thunderclap","Flex"],"picked":"SKIP","floor":22},{"not_picked":["Twin Strike","Anger","Sword Boomerang"],"picked":"SKIP","floor":24},{"not_picked":["Pommel Strike","Inflame","Rupture+1"],"picked":"SKIP","floor":25},{"not_picked":["Uppercut","Corruption","Inflame"],"picked":"SKIP","floor":28},{"not_picked":["Barricade","Bludgeon"],"picked":"Reaper","floor":33},{"not_picked":["Flex","Carnage+1"],"picked":"Iron Wave+1","floor":35},{"not_picked":["Headbutt+1","Flex"],"picked":"Shockwave","floor":37},{"not_picked":["Reaper","Rupture","Clothesline"],"picked":"SKIP","floor":41},{"not_picked":["Perfected Strike","Uppercut+1"],"picked":"Shrug It Off+1","floor":42},{"not_picked":["Shrug It Off","True Grit"],"picked":"Metallicize+1","floor":47},{"not_picked":["Pummel","Sever Soul+1"],"picked":"Ghostly Armor","floor":48}],"player_experience":353012,"relics_obtained":[{"floor":7,"key":"Paper Frog"},{"floor":9,"key":"Regal Pillow"},{"floor":11,"key":"Mercury Hourglass"},{"floor":24,"key":"Bronze Scales"},{"floor":26,"key":"Ancient Tea Set"},{"floor":28,"key":"Blood Vial"},{"floor":29,"key":"Anchor"},{"floor":39,"key":"FossilizedHelix"},{"floor":41,"key":"Frozen Egg 2"},{"floor":43,"key":"Magic Flower"},{"floor":48,"key":"Bottled Lightning"}],"event_choices":[{"damage_healed":0,"gold_gain":0,"player_choice":"Success","damage_taken":3,"relics_obtained":["Vajra"],"max_hp_gain":0,"max_hp_loss":0,"event_name":"Scrap Ooze","floor":2,"gold_loss":0},{"damage_healed":0,"gold_gain":0,"cards_transformed":["Strike_R"],"player_choice":"Change","damage_taken":0,"max_hp_gain":0,"max_hp_loss":0,"event_name":"Living Wall","floor":13,"gold_loss":0,"cards_obtained":["Rage"]},{"damage_healed":0,"gold_gain":0,"player_choice":"Forge","damage_taken":0,"max_hp_gain":0,"max_hp_loss":0,"event_name":"Accursed Blacksmith","floor":14,"gold_loss":0,"cards_upgraded":["Barricade"]},{"cards_removed":["Strike_R"],"damage_healed":0,"gold_gain":0,"player_choice":"Upgrade and Remove","damage_taken":0,"max_hp_gain":0,"max_hp_loss":0,"event_name":"Designer","floor":21,"gold_loss":90,"cards_upgraded":["Shrug It Off"]},{"damage_healed":0,"gold_gain":0,"player_choice":"Ignored","damage_taken":0,"max_hp_gain":0,"max_hp_loss":0,"event_name":"Beggar","floor":31,"gold_loss":0},{"damage_healed":0,"gold_gain":0,"player_choice":"Ignored","damage_taken":0,"max_hp_gain":0,"max_hp_loss":0,"event_name":"Tomb of Lord Red Mask","floor":36,"gold_loss":0},{"damage_healed":0,"gold_gain":0,"player_choice":"Fight","damage_taken":0,"max_hp_gain":0,"max_hp_loss":0,"event_name":"MindBloom","floor":39,"gold_loss":0},{"damage_healed":0,"gold_gain":0,"cards_transformed":["Wild Strike"],"player_choice":"Transformed","damage_taken":0,"max_hp_gain":0,"max_hp_loss":0,"event_name":"Transmorgrifier","floor":45,"gold_loss":0,"cards_obtained":["Entrench"]}],"is_beta":false,"boss_relics":[{"not_picked":["Tiny House","White Beast Statue"],"picked":"Sozu"},{"not_picked":["Runic Dome","Runic Cube"],"picked":"Pandora\u0027s Box"}],"items_purged_floors":[38],"is_endless":false,"potions_floor_spawned":[3,11,16,18,22,24,33,35,39,47,48],"ascension_level":13}