{"gold_per_floor":[111,186,261,5,20,46,1,17,68,68],"floor_reached":10,"playtime":435,"items_purged":["Injury"],"score":69,"play_id":"ce52fa5f-d43b-4b55-88a5-27f48682cb6b","local_time":"20190203134149","is_ascension_mode":true,"campfire_choices":[],"neow_cost":"CURSE","seed_source_timestamp":127523677367681,"circlet_count":0,"master_deck":["Defend_G","Defend_G","Defend_G","Defend_G","Defend_G","Strike_G","Strike_G","Strike_G","Strike_G","Strike_G","Survivor","Neutralize","Glass Knife","PiercingWail","Blur","Prepared","Infinite Blades"],"relics":["Ring of the Snake","Anchor","Bag of Marbles","Boot"],"potions_floor_usage":[6,10],"damage_taken":[{"damage":0,"enemies":"Jaw Worm","floor":1,"turns":3},{"damage":0,"enemies":"Cultist","floor":5,"turns":4},{"damage":39,"enemies":"Gremlin Nob","floor":6,"turns":6},{"damage":0,"enemies":"Small Slimes","floor":8,"turns":2},{"damage":17,"enemies":"3 Sentries","floor":10,"turns":6}],"seed_played":"-7451790793125570335","potions_obtained":[{"floor":5,"key":"Weak Potion"},{"floor":6,"key":"Energy Potion"}],"is_trial":false,"path_per_floor":["M","?","?","$","M","E","$","M","T","E"],"character_chosen":"THE_SILENT","items_purchased":["Blur","Anchor","Prepared"],"campfire_rested":0,"item_purchase_floors":[4,4,7],"current_hp_per_floor":[70,59,52,52,52,13,13,13,13,0],"gold":68,"neow_bonus":"THREE_RARE_CARDS","is_prod":false,"is_daily":false,"chose_seed":false,"campfire_upgraded":0,"win_rate":0,"timestamp":1549230109,"path_taken":["M","?","?","$","?","E","?","M","T","E"],"build_version":"2019-01-23","purchased_purges":1,"victory":false,"max_hp_per_floor":[70,70,70,70,70,70,70,70,70,70],"card_choices":[{"not_picked":["Unload","Phantasmal Killer"],"picked":"Glass Knife","floor":0},{"not_picked":["Skewer","Reflex"],"picked":"PiercingWail","floor":1},{"not_picked":["Underhanded Strike","Bane","Outmaneuver"],"picked":"SKIP","floor":5},{"not_picked":["Bane","Dagger Spray","Outmaneuver"],"picked":"SKIP","floor":6},{"not_picked":["Dagger Throw","Masterful Stab"],"picked":"Infinite Blades","floor":8}],"player_experience":256988,"relics_obtained":[{"floor":6,"key":"Bag of Marbles"},{"floor":9,"key":"Boot"}],"event_choices":[{"damage_healed":0,"gold_gain":75,"player_choice":"Gather Gold","damage_taken":11,"max_hp_gain":0,"max_hp_loss":0,"event_name":"World of Goop","floor":2,"gold_loss":0},{"damage_healed":0,"gold_gain":75,"player_choice":"Touch","damage_taken":7,"max_hp_gain":0,"max_hp_loss":0,"event_name":"FaceTrader","floor":3,"gold_loss":0}],"is_beta":false,"boss_relics":[],"items_purged_floors":[4],"is_endless":false,"potions_floor_spawned":[5,6],"killed_by":"3 Sentries","ascension_level":1}