{"gold_per_floor":[110,110,130,10,0,30,45,45,45,63,28,28,48,65,65,140,140,140,23,0,0,0,0,0,0,0,0,0,0,0,0,0,0],"floor_reached":33,"playtime":703,"items_purged":["Strike_G"],"score":542,"play_id":"ae100672-e9bb-4391-b413-fa9b0920ccf8","local_time":"20190116224926","is_ascension_mode":true,"campfire_choices":[{"data":"Poisoned Stab","floor":8,"key":"SMITH"},{"data":"Riddle With Holes","floor":12,"key":"SMITH"},{"data":"Glass Knife","floor":15,"key":"SMITH"},{"data":"Bite","floor":23,"key":"SMITH"},{"data":"Glass Knife","floor":25,"key":"SMITH"},{"data":"Bite","floor":27,"key":"SMITH"},{"floor":32,"key":"REST"}],"neow_cost":"NONE","seed_source_timestamp":15336194525071,"circlet_count":0,"master_deck":["AscendersBane","Defend_G","Defend_G","Defend_G","Defend_G","Defend_G","Survivor","Neutralize","Slice","Outmaneuver","Poisoned Stab+1","Escape Plan","Infinite Blades","Escape Plan","Terror","Riddle With Holes+1","Cloak And Dagger","Glass Knife+1","Glass Knife+1","Escape Plan","Infinite Blades","Backstab","Bite+1","Bite+1","Bite","Bite","Bite","Poisoned Stab+1","PiercingWail+1"],"relics":["Ring of the Snake","NeowsBlessing","Bottled Flame","Dream Catcher","Ectoplasm","Bronze Scales"],"potions_floor_usage":[16,16,33,33],"damage_taken":[{"damage":0,"enemies":"2 Louse","floor":1,"turns":1},{"damage":0,"enemies":"Cultist","floor":3,"turns":1},{"damage":0,"enemies":"3 Sentries","floor":6,"turns":2},{"damage":1,"enemies":"Small Slimes","floor":7,"turns":5},{"damage":10,"enemies":"3 Louse","floor":10,"turns":4},{"damage":15,"enemies":"Large Slime","floor":13,"turns":6},{"damage":0,"enemies":"Blue Slaver","floor":14,"turns":3},{"damage":22,"enemies":"The Guardian","floor":16,"turns":7},{"damage":6,"enemies":"3 Byrds","floor":18,"turns":5},{"damage":11,"enemies":"2 Thieves","floor":20,"turns":4},{"damage":4,"enemies":"Centurion and Healer","floor":24,"turns":4},{"damage":18,"enemies":"Snake Plant","floor":28,"turns":3},{"damage":30,"enemies":"Chosen and Byrds","floor":30,"turns":5},{"damage":68,"enemies":"Automaton","floor":33,"turns":6}],"seed_played":"4291410980770264041","potions_obtained":[{"floor":7,"key":"Strength Potion"},{"floor":10,"key":"AttackPotion"},{"floor":16,"key":"Dexterity Potion"},{"floor":18,"key":"PowerPotion"}],"is_trial":false,"path_per_floor":["M","?","M","$","?","E","M","R","T","M","?","R","M","M","R","B",null,"M","$","M","?","?","R","M","R","T","R","M","?","M","?","R","B"],"character_chosen":"THE_SILENT","items_purchased":["Escape Plan","Infinite Blades","Infinite Blades"],"campfire_rested":1,"item_purchase_floors":[4,4,19],"current_hp_per_floor":[59,59,59,59,59,59,58,58,58,48,64,64,49,49,49,27,56,50,50,39,39,39,39,44,44,44,44,34,34,16,16,29,0],"gold":0,"neow_bonus":"THREE_ENEMY_KILL","is_prod":false,"is_daily":false,"chose_seed":false,"campfire_upgraded":6,"win_rate":0,"timestamp":1547678966,"path_taken":["M","?","?","?","?","E","M","R","T","M","?","R","M","M","R","BOSS","M","$","M","?","?","R","M","R","T","R","?","?","M","?","R","BOSS"],"build_version":"2019-01-10","purchased_purges":1,"victory":false,"max_hp_per_floor":[66,66,66,66,66,66,66,66,66,66,66,66,66,66,66,66,66,66,66,66,46,46,46,46,46,46,46,46,46,46,46,46,46],"card_choices":[{"not_picked":["Quick Slash","Choke"],"picked":"Slice","floor":1},{"not_picked":["Expertise","Calculated Gamble"],"picked":"Poisoned Stab","floor":3},{"not_picked":["Outmaneuver","Eviscerate"],"picked":"Escape Plan","floor":6},{"not_picked":["Outmaneuver","Blade Dance"],"picked":"Terror","floor":7},{"not_picked":["Backflip","Terror"],"picked":"Riddle With Holes","floor":10},{"not_picked":["Backflip","Masterful Stab"],"picked":"Cloak And Dagger","floor":13},{"not_picked":["Cloak And Dagger","Concentrate"],"picked":"Glass Knife","floor":14},{"not_picked":["Envenom","Storm of Steel"],"picked":"Glass Knife","floor":16},{"not_picked":["Dodge and Roll","Flying Knee"],"picked":"Escape Plan","floor":18},{"not_picked":["Dodge and Roll","Acrobatics"],"picked":"Backstab","floor":20},{"not_picked":["Slice","Flying Knee+1","Finisher"],"picked":"SKIP","floor":24},{"not_picked":["Dodge and Roll","Distraction"],"picked":"Poisoned Stab+1","floor":28},{"not_picked":["Riddle With Holes","Distraction","Expertise"],"picked":"SKIP","floor":30},{"not_picked":["Poisoned Stab","Slice"],"picked":"PiercingWail+1","floor":32}],"player_experience":397770,"relics_obtained":[{"floor":6,"key":"Bottled Flame"},{"floor":9,"key":"Dream Catcher"},{"floor":26,"key":"Bronze Scales"}],"event_choices":[{"damage_healed":0,"gold_gain":0,"cards_transformed":["Strike_G"],"player_choice":"Transformed","damage_taken":0,"max_hp_gain":0,"max_hp_loss":0,"event_name":"Transmorgrifier","floor":2,"gold_loss":0,"cards_obtained":["Outmaneuver"]},{"damage_healed":0,"gold_gain":0,"player_choice":"Left Gold","damage_taken":0,"max_hp_gain":0,"max_hp_loss":0,"event_name":"World of Goop","floor":5,"gold_loss":10},{"damage_healed":16,"gold_gain":0,"player_choice":"Healed","damage_taken":0,"max_hp_gain":0,"max_hp_loss":0,"event_name":"The Cleric","floor":11,"gold_loss":35},{"damage_healed":0,"gold_gain":0,"player_choice":"Became a vampire","damage_taken":0,"max_hp_gain":0,"max_hp_loss":20,"event_name":"Vampires","floor":21,"gold_loss":0,"cards_obtained":["Bite","Bite","Bite","Bite","Bite"]},{"damage_healed":0,"gold_gain":50,"player_choice":"Pray","damage_taken":0,"max_hp_gain":0,"max_hp_loss":0,"event_name":"Golden Shrine","floor":22,"gold_loss":0},{"damage_healed":0,"gold_gain":0,"player_choice":"Ignored","damage_taken":0,"max_hp_gain":0,"max_hp_loss":0,"event_name":"Beggar","floor":29,"gold_loss":0}],"is_beta":false,"boss_relics":[{"not_picked":["Pandora\u0027s Box","Runic Dome"],"picked":"Ectoplasm"}],"items_purged_floors":[19],"is_endless":false,"potions_floor_spawned":[7,10,13,16,18,20],"killed_by":"Automaton","ascension_level":18}