{"gold_per_floor":[118,95,115,115,131,166,166,199,199,278,87,87,105,118,118,218,218,235,235,251,44,56,56,75,3,3,3,21,40,40,54,54,158,158,169,69,87,87,101,101,101,101,101,121,121,131,141,141,141,141],"floor_reached":51,"playtime":1829,"items_purged":["Strike_G","Strike_G"],"score":1029,"play_id":"79547bb3-3392-4197-b03a-4f87c141fd02","local_time":"20181205213401","is_ascension_mode":true,"campfire_choices":[{"data":"Poisoned Stab","floor":7,"key":"SMITH"},{"data":"Neutralize","floor":12,"key":"SMITH"},{"floor":15,"key":"REST"},{"data":"Poisoned Stab","floor":23,"key":"SMITH"},{"data":"Malaise","floor":30,"key":"SMITH"},{"floor":32,"key":"REST"},{"data":"Footwork","floor":40,"key":"SMITH"},{"data":"Corpse Explosion","floor":49,"key":"SMITH"}],"neow_cost":"TEN_PERCENT_HP_LOSS","seed_source_timestamp":8923962787705,"circlet_count":0,"master_deck":["AscendersBane","Defend_G","Defend_G","Defend_G","Defend_G","Defend_G","Neutralize+1","After Image","Backflip","Poisoned Stab+1","Poisoned Stab+1","Backflip","Well Laid Plans","Backstab","Malaise+1","Neutralize","Leg Sweep","Noxious Fumes+1","Backstab","Footwork+1","Corpse Explosion+1","Crippling Poison+1","Catalyst+1","Parasite"],"relics":["Ring of the Snake","Mercury Hourglass","Shuriken","Paper Crane","Gremlin Horn","Velvet Choker","TwistedFunnel","Unceasing Top","MutagenicStrength","Empty Cage","Tough Bandages"],"potions_floor_usage":[6,18,33,33,39,50],"damage_taken":[{"damage":4,"enemies":"Jaw Worm","floor":1,"turns":5},{"damage":0,"enemies":"Cultist","floor":3,"turns":5},{"damage":3,"enemies":"2 Louse","floor":5,"turns":3},{"damage":16,"enemies":"Gremlin Nob","floor":6,"turns":4},{"damage":10,"enemies":"3 Sentries","floor":8,"turns":8},{"damage":12,"enemies":"Exordium Thugs","floor":13,"turns":3},{"damage":0,"enemies":"Looter","floor":14,"turns":3},{"damage":11,"enemies":"Slime Boss","floor":16,"turns":11},{"damage":3,"enemies":"3 Byrds","floor":18,"turns":3},{"damage":5,"enemies":"Spheric Guardian","floor":20,"turns":6},{"damage":2,"enemies":"Centurion and Healer","floor":22,"turns":7},{"damage":11,"enemies":"Shelled Parasite and Fungi","floor":24,"turns":5},{"damage":0,"enemies":"Chosen and Byrds","floor":28,"turns":5},{"damage":0,"enemies":"3 Cultists","floor":29,"turns":4},{"damage":3,"enemies":"Shelled Parasite and Fungi","floor":31,"turns":6},{"damage":26,"enemies":"Champ","floor":33,"turns":9},{"damage":11,"enemies":"Orb Walker","floor":35,"turns":3},{"damage":0,"enemies":"3 Shapes","floor":37,"turns":3},{"damage":8,"enemies":"Maw","floor":39,"turns":8},{"damage":0,"enemies":"Sphere and 2 Shapes","floor":44,"turns":4},{"damage":5,"enemies":"Writhing Mass","floor":46,"turns":5},{"damage":10,"enemies":"4 Shapes","floor":47,"turns":4},{"damage":36,"enemies":"Time Eater","floor":50,"turns":14}],"seed_played":"6407622849545766012","potions_obtained":[{"floor":1,"key":"Poison Potion"},{"floor":14,"key":"LiquidBronze"},{"floor":28,"key":"Dexterity Potion"},{"floor":29,"key":"LiquidBronze"},{"floor":31,"key":"PowerPotion"},{"floor":33,"key":"Fire Potion"},{"floor":37,"key":"Energy Potion"}],"is_trial":false,"path_per_floor":["M","$","M","?","M","E","R","E","T","T","$","R","M","M","R","B",null,"M","?","M","$","M","R","M","$","T","?","M","M","R","M","R","B",null,"M","$","M","?","M","R","?","?","T","M","$","M","M","?","R","B",null],"character_chosen":"THE_SILENT","items_purchased":["Poisoned Stab","Well Laid Plans","Backstab","TwistedFunnel","Backstab"],"campfire_rested":2,"item_purchase_floors":[2,11,11,21,25],"current_hp_per_floor":[59,59,59,59,56,40,40,30,30,30,30,30,18,18,36,25,54,51,51,46,46,44,44,33,33,33,33,33,33,33,30,48,22,53,42,42,42,42,34,34,34,34,34,34,34,29,19,52,52,16],"gold":141,"neow_bonus":"THREE_RARE_CARDS","is_prod":false,"is_daily":false,"chose_seed":false,"campfire_upgraded":6,"win_rate":0,"timestamp":1544045641,"path_taken":["M","$","M","?","?","E","R","E","T","?","?","R","?","M","R","BOSS","M","?","M","?","M","R","M","$","T","?","M","M","R","M","R","BOSS","M","$","M","?","M","R","?","?","T","?","?","?","M","?","R","BOSS"],"build_version":"2018-11-15","purchased_purges":2,"victory":true,"max_hp_per_floor":[63,63,63,63,63,63,63,63,63,63,63,63,63,63,63,63,63,63,63,63,63,63,63,63,63,63,63,63,63,63,63,63,63,63,63,63,63,63,63,63,60,60,60,60,60,60,60,52,52,52],"card_choices":[{"not_picked":["Storm of Steel","Unload"],"picked":"After Image","floor":0},{"not_picked":["Eviscerate","Predator"],"picked":"Backflip","floor":1},{"not_picked":["Setup","Dagger Throw"],"picked":"Poisoned Stab","floor":3},{"not_picked":["Outmaneuver","Deadly Poison"],"picked":"Backflip","floor":5},{"not_picked":["Blade Dance","Dagger Throw","Blur"],"picked":"SKIP","floor":6},{"not_picked":["Underhanded Strike","Dagger Spray","Envenom"],"picked":"SKIP","floor":8},{"not_picked":["Blade Dance","Tactician","Cloak And Dagger"],"picked":"SKIP","floor":13},{"not_picked":["Quick Slash","Blur"],"picked":"Malaise","floor":14},{"not_picked":["Underhanded Strike","Dagger Spray","All Out Attack"],"picked":"SKIP","floor":18},{"not_picked":["Footwork","Dagger Spray"],"picked":"Noxious Fumes+1","floor":20},{"not_picked":["Slice","Cloak And Dagger","Quick Slash"],"picked":"SKIP","floor":22},{"not_picked":["Blur+1","Quick Slash","Tactician"],"picked":"SKIP","floor":24},{"not_picked":["PiercingWail","Blade Dance","Quick Slash"],"picked":"SKIP","floor":28},{"not_picked":["Well Laid Plans","Acrobatics","Sucker Punch+1"],"picked":"SKIP","floor":29},{"not_picked":["Underhanded Strike","Escape Plan"],"picked":"Footwork","floor":31},{"not_picked":["Doppelganger","Burst"],"picked":"Corpse Explosion","floor":33},{"not_picked":["Cloak And Dagger+1","PiercingWail+1"],"picked":"Crippling Poison+1","floor":35},{"not_picked":["Blade Dance","Backflip+1","Dodge and Roll+1"],"picked":"SKIP","floor":37},{"not_picked":["Underhanded Strike","Bouncing Flask+1","Dodge and Roll"],"picked":"SKIP","floor":39},{"not_picked":["Blade Dance+1","Dagger Throw+1"],"picked":"Catalyst+1","floor":44},{"not_picked":["Blur","Acrobatics","Dagger Spray"],"picked":"SKIP","floor":46},{"not_picked":["Blade Dance+1","Underhanded Strike+1","Poisoned Stab+1"],"picked":"SKIP","floor":47}],"player_experience":247323,"relics_obtained":[{"floor":6,"key":"Mercury Hourglass"},{"floor":8,"key":"Shuriken"},{"floor":9,"key":"Paper Crane"},{"floor":10,"key":"Gremlin Horn"},{"floor":26,"key":"Unceasing Top"},{"floor":43,"key":"Tough Bandages"}],"event_choices":[{"damage_healed":0,"gold_gain":0,"player_choice":"0 cards matched","damage_taken":0,"max_hp_gain":0,"max_hp_loss":0,"event_name":"Match and Keep!","floor":4,"gold_loss":0,"cards_obtained":[]},{"damage_healed":0,"gold_gain":0,"player_choice":"2 cards matched","damage_taken":0,"max_hp_gain":0,"max_hp_loss":0,"event_name":"Match and Keep!","floor":19,"gold_loss":0,"cards_obtained":["Neutralize","Leg Sweep"]},{"damage_healed":0,"gold_gain":0,"player_choice":"Inject Mutagens","damage_taken":0,"relics_obtained":["MutagenicStrength"],"max_hp_gain":0,"max_hp_loss":0,"event_name":"Drug Dealer","floor":27,"gold_loss":0},{"cards_removed":["Survivor"],"damage_healed":0,"gold_gain":0,"player_choice":"Removed Skill","damage_taken":0,"max_hp_gain":0,"max_hp_loss":0,"event_name":"Falling","floor":38,"gold_loss":0},{"damage_healed":0,"gold_gain":0,"player_choice":"Max HP","damage_taken":0,"max_hp_gain":0,"max_hp_loss":3,"event_name":"Winding Halls","floor":41,"gold_loss":0},{"cards_removed":["Strike_G"],"damage_healed":0,"gold_gain":0,"player_choice":"Purged","damage_taken":0,"max_hp_gain":0,"max_hp_loss":0,"event_name":"Purifier","floor":42,"gold_loss":0},{"damage_healed":52,"gold_gain":0,"player_choice":"Heal","damage_taken":0,"max_hp_gain":0,"max_hp_loss":8,"event_name":"The Moai Head","floor":48,"gold_loss":0}],"is_beta":false,"boss_relics":[{"not_picked":["Black Star","WristBlade"],"picked":"Velvet Choker"},{"not_picked":["Ring of the Serpent","Cursed Key"],"picked":"Empty Cage"}],"items_purged_floors":[11,36],"is_endless":false,"potions_floor_spawned":[1,14,28,29,31,33,37],"ascension_level":10}