{"gold_per_floor":[112,112,125,125,125,125,159,178,178,197,212,212,6,31,31,151,151,170,191,209,209,233,233],"floor_reached":23,"playtime":1241,"items_purged":[],"score":254,"play_id":"eca43a7b-61f3-49d2-a651-86ce90ad5536","local_time":"20190120175918","is_ascension_mode":true,"campfire_choices":[{"data":"Zap","floor":6,"key":"SMITH"},{"floor":12,"key":"REST"},{"data":"Defragment","floor":15,"key":"SMITH"}],"neow_cost":"NONE","seed_source_timestamp":0,"circlet_count":0,"master_deck":["Strike_B","Strike_B","Strike_B","Strike_B","Defend_B","Defend_B","Defend_B","Defend_B","Zap+1","Dualcast","Hologram","Capacitor","Sunder","Capacitor","Streamline","Apotheosis+1","Defragment+1","Glacier+1","Echo Form+1","Coolheaded+1","Compile Driver","Steam+1"],"special_seed":0,"relics":["Cracked Core","Golden Idol","Toxic Egg 2","Ancient Tea Set","Matryoshka","Cursed Key"],"potions_floor_usage":[7,8,16,22,22],"damage_taken":[{"damage":0,"enemies":"Small Slimes","floor":1,"turns":2},{"damage":7,"enemies":"2 Louse","floor":3,"turns":3},{"damage":22,"enemies":"3 Sentries","floor":7,"turns":8},{"damage":0,"enemies":"Cultist","floor":8,"turns":3},{"damage":8,"enemies":"Blue Slaver","floor":10,"turns":3},{"damage":13,"enemies":"Gremlin Gang","floor":11,"turns":4},{"damage":10,"enemies":"Exordium Thugs","floor":14,"turns":4},{"damage":8,"enemies":"The Guardian","floor":16,"turns":12},{"damage":21,"enemies":"Spheric Guardian","floor":18,"turns":4},{"damage":0,"enemies":"Chosen","floor":19,"turns":4},{"damage":35,"enemies":"Snake Plant","floor":20,"turns":3},{"damage":9,"enemies":"Cultist and Chosen","floor":22,"turns":9},{"damage":16,"enemies":"Slavers","floor":23,"turns":1}],"seed_played":"315758422437108571","potions_obtained":[{"floor":0,"key":"AttackPotion"},{"floor":0,"key":"Explosive Potion"},{"floor":0,"key":"Block Potion"},{"floor":1,"key":"FairyPotion"},{"floor":7,"key":"Poison Potion"},{"floor":14,"key":"FairyPotion"},{"floor":18,"key":"PowerPotion"},{"floor":20,"key":"SpeedPotion"}],"is_trial":false,"path_per_floor":["M","?","M","?","?","R","E","M","T","M","M","R","$","M","R","B",null,"M","M","M","?","M","E"],"character_chosen":"DEFECT","items_purchased":["Apotheosis+1","Defragment"],"campfire_rested":1,"item_purchase_floors":[13,13],"current_hp_per_floor":[68,68,61,66,66,66,44,44,44,36,23,45,45,35,35,27,62,41,41,6,6,7,0],"gold":233,"neow_bonus":"THREE_SMALL_POTIONS","is_prod":false,"is_daily":false,"chose_seed":false,"campfire_upgraded":2,"win_rate":0,"timestamp":1548028758,"path_taken":["M","?","M","?","?","R","E","M","T","M","?","R","$","M","R","BOSS","M","M","M","?","M","E"],"build_version":"2019-01-17v2","purchased_purges":0,"victory":false,"max_hp_per_floor":[75,69,69,74,74,74,74,74,74,74,74,74,74,74,74,74,74,74,74,74,74,74,74],"card_choices":[{"not_picked":["Turbo","Go for the Eyes"],"picked":"Lockon","floor":1},{"not_picked":["Undo","Streamline"],"picked":"Hologram","floor":3},{"not_picked":["Loop","Beam Cell"],"picked":"Capacitor","floor":7},{"not_picked":["Melter","Consume+1"],"picked":"Sunder","floor":8},{"not_picked":["Rebound","FTL"],"picked":"Capacitor","floor":10},{"not_picked":["Rebound","Darkness+1"],"picked":"Streamline","floor":11},{"not_picked":["Force Field+1","Conserve Battery+1"],"picked":"Glacier+1","floor":14},{"not_picked":["Creative AI","Electrodynamics"],"picked":"Echo Form","floor":16},{"not_picked":["Ball Lightning+1","Redo+1","Cold Snap"],"picked":"SKIP","floor":18},{"not_picked":["Steam+1","Chaos+1"],"picked":"Coolheaded+1","floor":19},{"not_picked":["Self Repair","Cold Snap"],"picked":"Compile Driver","floor":20},{"not_picked":["Melter","Streamline"],"picked":"Steam+1","floor":22}],"player_experience":497140,"relics_obtained":[{"floor":7,"key":"Ancient Tea Set"},{"floor":9,"key":"Matryoshka"}],"event_choices":[{"damage_healed":0,"gold_gain":0,"player_choice":"Lose Max HP","damage_taken":0,"relics_obtained":["Golden Idol"],"max_hp_gain":0,"max_hp_loss":6,"event_name":"Golden Idol","floor":2,"gold_loss":0},{"damage_healed":0,"gold_gain":0,"player_choice":"Donut","damage_taken":0,"max_hp_gain":5,"max_hp_loss":0,"event_name":"Big Fish","floor":4,"gold_loss":0},{"cards_removed":["Lockon"],"damage_healed":0,"gold_gain":0,"player_choice":"Gave Card","damage_taken":0,"relics_obtained":["Toxic Egg 2"],"max_hp_gain":0,"max_hp_loss":0,"event_name":"WeMeetAgain","floor":5,"gold_loss":0},{"damage_healed":0,"gold_gain":0,"player_choice":"Upgraded","damage_taken":0,"max_hp_gain":0,"max_hp_loss":0,"event_name":"Upgrade Shrine","floor":21,"gold_loss":0,"cards_upgraded":["Echo Form"]}],"is_beta":false,"boss_relics":[{"not_picked":["Inserter","Nuclear Battery"],"picked":"Cursed Key"}],"items_purged_floors":[],"is_endless":false,"potions_floor_spawned":[1,7,14,18,20],"killed_by":"Slavers","ascension_level":6}