{"gold_per_floor":[119,131,131,150,180,221,221,237,237,271,271,271],"floor_reached":12,"playtime":500,"items_purged":[],"score":92,"play_id":"2479ba4f-173d-48b8-b8c7-b0ea2facf036","local_time":"20190203103214","is_ascension_mode":true,"campfire_choices":[{"floor":7,"key":"REST"}],"neow_cost":"NONE","seed_source_timestamp":116083402797462,"circlet_count":0,"master_deck":["Defend_G","Defend_G","Defend_G","Defend_G","Defend_G","Strike_G","Strike_G","Strike_G","Strike_G","Strike_G","Survivor","Neutralize","Backflip","PiercingWail","Noxious Fumes","Regret","Outmaneuver","Footwork","Footwork"],"relics":["Ring of the Snake","Golden Idol","Tiny Chest","Molten Egg 2","Art of War","Girya"],"potions_floor_usage":[10,10],"damage_taken":[{"damage":2,"enemies":"Small Slimes","floor":1,"turns":3},{"damage":0,"enemies":"2 Louse","floor":2,"turns":4},{"damage":0,"enemies":"Cultist","floor":4,"turns":5},{"damage":55,"enemies":"3 Sentries","floor":6,"turns":8},{"damage":10,"enemies":"Lots of Slimes","floor":8,"turns":5},{"damage":20,"enemies":"Gremlin Nob","floor":10,"turns":4},{"damage":10,"enemies":"2 Fungi Beasts","floor":12,"turns":2}],"seed_played":"-9169423867164179244","potions_obtained":[{"floor":2,"key":"Strength Potion"},{"floor":6,"key":"FearPotion"}],"is_trial":false,"path_per_floor":["M","M","?","M","?","E","R","M","T","E","?","M"],"character_chosen":"THE_SILENT","items_purchased":[],"campfire_rested":1,"item_purchase_floors":[],"current_hp_per_floor":[75,75,71,71,71,16,37,27,27,7,7,0],"gold":271,"neow_bonus":"TEN_PERCENT_HP_BONUS","is_prod":false,"is_daily":false,"chose_seed":false,"campfire_upgraded":0,"win_rate":0,"timestamp":1549218734,"path_taken":["M","M","?","M","?","E","R","M","T","E","?","M"],"build_version":"2019-01-23","purchased_purges":0,"victory":false,"max_hp_per_floor":[77,77,71,71,71,71,71,71,71,71,71,71],"card_choices":[{"not_picked":["Deadly Poison","Setup"],"picked":"Backflip","floor":1},{"not_picked":["Underhanded Strike","Tactician"],"picked":"PiercingWail","floor":2},{"not_picked":["Caltrops","Underhanded Strike"],"picked":"Noxious Fumes","floor":4},{"not_picked":["PiercingWail","Bane"],"picked":"Outmaneuver","floor":6},{"not_picked":["Cloak And Dagger","Dash+1"],"picked":"Footwork","floor":8},{"not_picked":["Outmaneuver","Choke+1"],"picked":"Footwork","floor":10}],"player_experience":252580,"relics_obtained":[{"floor":6,"key":"Molten Egg 2"},{"floor":9,"key":"Art of War"},{"floor":10,"key":"Girya"}],"event_choices":[{"damage_healed":0,"gold_gain":0,"player_choice":"Lose Max HP","damage_taken":0,"relics_obtained":["Golden Idol"],"max_hp_gain":0,"max_hp_loss":6,"event_name":"Golden Idol","floor":3,"gold_loss":0},{"damage_healed":0,"gold_gain":0,"player_choice":"Box","damage_taken":0,"relics_obtained":["Tiny Chest"],"max_hp_gain":0,"max_hp_loss":0,"event_name":"Big Fish","floor":5,"gold_loss":0,"cards_obtained":["Regret"]},{"damage_healed":0,"gold_gain":0,"player_choice":"Ignored","damage_taken":0,"max_hp_gain":0,"max_hp_loss":0,"event_name":"Shining Light","floor":11,"gold_loss":0}],"is_beta":false,"boss_relics":[],"items_purged_floors":[],"is_endless":false,"potions_floor_spawned":[2,6],"killed_by":"2 Fungi Beasts","ascension_level":1}