{"gold_per_floor":[119,294,294,48,62,62,12,26,51,51,77,102,117,138,138,269,269,284,297,212,212,236,236,136,136,136,161,161,174,174,197,197,197],"floor_reached":33,"playtime":1326,"items_purged":["Doubt"],"score":262,"play_id":"9442d7d7-8051-4b11-ad3a-426187a4d26f","local_time":"20181231193851","is_ascension_mode":false,"campfire_choices":[{"data":"Zap","floor":10.0,"key":"SMITH"},{"data":"Dualcast","floor":15.0,"key":"SMITH"},{"data":"Streamline","floor":23.0,"key":"SMITH"},{"data":"Go for the Eyes","floor":25.0,"key":"SMITH"},{"floor":32,"key":"REST"}],"neow_cost":"NONE","seed_source_timestamp":0,"circlet_count":0,"master_deck":["Strike_B","Strike_B","Strike_B","Strike_B","Defend_B","Defend_B","Defend_B","Defend_B","Zap+1","Dualcast+1","Streamline+1","Double Energy+1","Go for the Eyes+1","Leap+1","Tempest+1","Coolheaded+1","Cold Snap","All For One","Auto Shields+1","Ghostly+1","Ghostly+1","Ghostly+1","Ghostly+1","Ghostly+1","Redo+1","Hologram+1","Gash+1","Redo+1"],"special_seed":0,"relics":["Cracked Core","Golden Idol","Toxic Egg 2","Boot","Bag of Preparation","Sozu","Incense Burner","Sundial","Centennial Puzzle","Nilry\u0027s Codex"],"potions_floor_usage":[],"damage_taken":[{"damage":5.0,"enemies":"2 Louse","floor":1.0,"turns":2.0},{"damage":5.0,"enemies":"Small Slimes","floor":5.0,"turns":3.0},{"damage":0.0,"enemies":"Jaw Worm","floor":8.0,"turns":3.0},{"damage":0.0,"enemies":"Blue Slaver","floor":12.0,"turns":3.0},{"damage":8.0,"enemies":"Large Slime","floor":13.0,"turns":5.0},{"damage":10.0,"enemies":"Exordium Wildlife","floor":14.0,"turns":2.0},{"damage":30.0,"enemies":"The Guardian","floor":16.0,"turns":9.0},{"damage":23.0,"enemies":"2 Thieves","floor":18.0,"turns":4.0},{"damage":3.0,"enemies":"Shell Parasite","floor":19.0,"turns":2.0},{"damage":0.0,"enemies":"Centurion and Healer","floor":22.0,"turns":7.0},{"damage":23.0,"enemies":"Colosseum Slavers","floor":28.0,"turns":4.0},{"damage":0.0,"enemies":"3 Cultists","floor":29.0,"turns":4.0},{"damage":0,"enemies":"Snecko","floor":31,"turns":4},{"damage":20,"enemies":"Automaton","floor":33,"turns":8}],"seed_played":"5083113913649185479","potions_obtained":[{"floor":1.0,"key":"AttackPotion"},{"floor":13.0,"key":"SkillPotion"},{"floor":14.0,"key":"GamblersBrew"}],"is_trial":false,"path_per_floor":["M","?","?","$","M","?","$","M","T","R","T","M","M","M","R","B",null,"M","M","?","?","M","R","$","R","T","T","?","M","?","M","R","B"],"character_chosen":"DEFECT","items_purchased":["Toxic Egg 2","Go for the Eyes","Hologram+1"],"campfire_rested":1,"item_purchase_floors":[4,7,24],"current_hp_per_floor":[77,77,57,57,52,57,57,57,57,57,57,57,49,39,39,9,87,64,61,61,43,43,43,43,43,43,43,20,20,4,4,16,0],"gold":197,"neow_bonus":"TEN_PERCENT_HP_BONUS","is_prod":false,"is_daily":false,"chose_seed":false,"campfire_upgraded":4,"win_rate":0.0,"timestamp":1546252731,"path_taken":["M","?","?","$","M","?","$","M","T","R","?","?","M","M","R","BOSS","M","M","?","?","M","R","$","R","T","?","?","?","?","M","R","BOSS"],"build_version":"2018-12-20","purchased_purges":1,"victory":false,"max_hp_per_floor":[82,82,82,82,82,87,87,87,87,87,87,87,87,87,87,87,87,87,87,87,43,43,43,43,43,43,43,43,43,43,43,43,43],"card_choices":[{"not_picked":["Reinforced Body","Double Energy"],"picked":"Streamline","floor":1.0},{"not_picked":["Ball Lightning","Sweeping Beam"],"picked":"Double Energy+1","floor":5.0},{"not_picked":["Go for the Eyes","Compile Driver"],"picked":"Leap+1","floor":8.0},{"not_picked":["Beam Cell","Sweeping Beam"],"picked":"Tempest+1","floor":12.0},{"not_picked":["Blizzard","Steam+1"],"picked":"Coolheaded+1","floor":13.0},{"not_picked":["Blizzard","Steam+1"],"picked":"Cold Snap","floor":14.0},{"not_picked":["Reboot+1","Rainbow+1"],"picked":"All For One","floor":16.0},{"not_picked":["Conserve Battery+1","Aggregate+1","Go for the Eyes"],"picked":"SKIP","floor":18.0},{"not_picked":["Go for the Eyes","Blizzard+1"],"picked":"Auto Shields+1","floor":19.0},{"not_picked":["Beam Cell","Gash"],"picked":"Redo+1","floor":22.0},{"not_picked":["Cold Snap+1","Hologram+1"],"picked":"Gash+1","floor":29.0},{"not_picked":["Barrage","Conserve Battery+1"],"picked":"Redo+1","floor":31}],"player_experience":46466,"relics_obtained":[{"floor":9.0,"key":"Boot"},{"floor":11.0,"key":"Bag of Preparation"},{"floor":26.0,"key":"Sundial"},{"floor":27.0,"key":"Centennial Puzzle"},{"floor":30.0,"key":"Nilry\u0027s Codex"}],"event_choices":[{"damage_healed":0.0,"max_hp_gain":0.0,"max_hp_loss":0.0,"gold_gain":175.0,"event_name":"Liars Game","player_choice":"AGREE","floor":2.0,"gold_loss":0.0,"damage_taken":0.0,"cards_obtained":["Doubt"]},{"damage_healed":0.0,"max_hp_gain":0.0,"max_hp_loss":0.0,"gold_gain":0.0,"event_name":"Golden Idol","player_choice":"Take Damage","floor":3.0,"gold_loss":0.0,"damage_taken":20.0,"relics_obtained":["Golden Idol"]},{"damage_healed":0.0,"max_hp_gain":5.0,"max_hp_loss":0.0,"gold_gain":0.0,"event_name":"Big Fish","player_choice":"Donut","floor":6.0,"gold_loss":0.0,"damage_taken":0.0},{"damage_healed":0.0,"max_hp_gain":0.0,"max_hp_loss":0.0,"gold_gain":0.0,"event_name":"Addict","player_choice":"Obtained Relic","floor":20.0,"gold_loss":85.0,"damage_taken":0.0,"relics_obtained":["Incense Burner"]},{"damage_healed":0.0,"max_hp_gain":0.0,"max_hp_loss":44.0,"gold_gain":0.0,"event_name":"Ghosts","player_choice":"Became a Ghost","floor":21.0,"gold_loss":0.0,"damage_taken":0.0,"cards_obtained":["Ghostly","Ghostly","Ghostly","Ghostly","Ghostly"]},{"damage_healed":0.0,"max_hp_gain":0.0,"max_hp_loss":0.0,"gold_gain":0.0,"event_name":"Colosseum","player_choice":"Fight","floor":28.0,"gold_loss":0.0,"damage_taken":0.0},{"damage_healed":0.0,"max_hp_gain":0.0,"max_hp_loss":0.0,"gold_gain":0.0,"event_name":"Colosseum","player_choice":"Fled From Nobs","floor":28.0,"gold_loss":0.0,"damage_taken":0.0},{"damage_healed":0.0,"max_hp_gain":0.0,"max_hp_loss":0.0,"gold_gain":0.0,"event_name":"Cursed Tome","player_choice":"Obtained Book","floor":30.0,"gold_loss":0.0,"damage_taken":16.0}],"is_beta":false,"boss_relics":[{"not_picked":["Nuclear Battery","White Beast Statue"],"picked":"Sozu"}],"items_purged_floors":[24],"is_endless":false,"potions_floor_spawned":[1,13,14,18,31],"killed_by":"Automaton","ascension_level":0}