{"gold_per_floor":[109,109,122,47,63,98,98,173,173,208,222,237,237,271,271,375,375,387,387,407,39,73,98,98,98,147,6,23,23,37,52,52,154,154,165,177,177,188,188,543,543,78,78,78,300,327,327,340,340,340],"floor_reached":51,"playtime":5573,"items_purged":["Normality"],"score":738,"play_id":"7919639c-8572-4d7d-b693-5e2f22e28bfc","local_time":"20180725033247","is_ascension_mode":false,"campfire_choices":[{"floor":7,"key":"REST"},{"data":"Double Tap","floor":13,"key":"SMITH"},{"floor":15,"key":"REST"},{"data":"Bloodletting","floor":24,"key":"SMITH"},{"floor":29,"key":"REST"},{"data":"Perfected Strike","floor":32,"key":"SMITH"},{"floor":41,"key":"REST"},{"data":"Defend_R","floor":44,"key":"PURGE"},{"data":"Defend_R","floor":47,"key":"PURGE"},{"floor":49,"key":"REST"}],"neow_cost":"","seed_source_timestamp":601426368818312,"circlet_count":0,"master_deck":["Strike_R","Strike_R","Strike_R","Strike_R","Strike_R","Defend_R","Defend_R","Bash","Uppercut","Perfected Strike+1","Dropkick","Double Tap+1","Twin Strike","Clash","Feed","Anger+1","Secret Weapon","Flex","Feed+1","Twin Strike+1","Twin Strike+1","Feed+1"],"relics":["Burning Blood","Gremlin Horn","Bag of Marbles","Pen Nib","Meat on the Bone","Lantern","Runic Pyramid","Molten Egg 2","Regal Pillow","Red Mask","Letter Opener","Boot","Busted Crown","Peace Pipe","Old Coin","Orichalcum","Ginger","Dodecahedron","Happy Flower"],"potions_floor_usage":[16,33,33,33,50,50,50],"damage_taken":[{"damage":6,"enemies":"2 Louse","floor":1,"turns":2},{"damage":5,"enemies":"Cultist","floor":3,"turns":4},{"damage":5,"enemies":"Small Slimes","floor":5,"turns":3},{"damage":36,"enemies":"Gremlin Nob","floor":6,"turns":5},{"damage":17,"enemies":"3 Sentries","floor":10,"turns":4},{"damage":9,"enemies":"Blue Slaver","floor":11,"turns":3},{"damage":0,"enemies":"Large Slime","floor":12,"turns":4},{"damage":13,"enemies":"Lagavulin","floor":14,"turns":3},{"damage":19,"enemies":"Slime Boss","floor":16,"turns":6},{"damage":5,"enemies":"Spheric Guardian","floor":18,"turns":3},{"damage":15,"enemies":"2 Thieves","floor":20,"turns":4},{"damage":0,"floor":22,"turns":2},{"damage":34,"enemies":"Book of Stabbing","floor":23,"turns":4},{"damage":11,"enemies":"Slaver and Parasite","floor":28,"turns":2},{"damage":11,"enemies":"Snecko","floor":30,"turns":3},{"damage":15,"enemies":"Snake Plant","floor":31,"turns":2},{"damage":92,"enemies":"Automaton","floor":33,"turns":8},{"damage":3,"enemies":"Flame Bruiser 1 Orb","floor":35,"turns":2},{"damage":8,"enemies":"3 Shapes","floor":36,"turns":5},{"damage":13,"floor":37,"turns":5},{"damage":18,"enemies":"3 Darklings","floor":38,"turns":3},{"damage":65,"floor":40,"turns":4},{"damage":32,"enemies":"Giant Head","floor":46,"turns":6},{"damage":14,"enemies":"Sphere and 2 Shapes","floor":48,"turns":3},{"damage":72,"enemies":"Donu and Deca","floor":50,"turns":9}],"seed_played":"8716379870476541326","potions_obtained":[{"floor":3,"key":"Fire Potion"},{"floor":5,"key":"GamblersBrew"},{"floor":6,"key":"BloodPotion"},{"floor":14,"key":"Dexterity Potion"},{"floor":22,"key":"FearPotion"},{"floor":23,"key":"Ancient Potion"},{"floor":38,"key":"Block Potion"},{"floor":46,"key":"Regen Potion"},{"floor":48,"key":"SteroidPotion"}],"is_trial":false,"path_per_floor":["M","?","M","$","M","E","R","?","T","E","M","M","R","E","R","B",null,"M","?","M","$","?","E","R","$","T","$","M","R","M","M","R","B",null,"M","M","?","M","?","?","R","$","T","R","?","E","R","M","R","B"],"character_chosen":"IRONCLAD","items_purchased":["Regal Pillow","Secret Weapon","Feed+1","Orichalcum","Ginger"],"campfire_rested":5,"item_purchase_floors":[21,21,27,42,42],"current_hp_per_floor":[80,80,80,80,80,50,74,63,63,52,49,55,55,48,72,59,80,83,83,77,77,86,61,61,61,61,61,59,95,94,88,88,28,106,106,112,116,108,108,68,123,123,123,123,123,100,100,100,147,98],"gold":340,"neow_bonus":"","is_prod":false,"is_daily":false,"chose_seed":false,"campfire_upgraded":3,"win_rate":0.0,"timestamp":1532507567,"path_taken":["M","?","M","$","M","E","R","?","T","E","?","M","R","E","R","BOSS","M","?","M","$","?","E","R","?","T","$","M","R","M","M","R","BOSS","M","M","?","M","?","?","R","$","T","R","?","E","R","M","R","BOSS"],"build_version":"2018-07-19v2","purchased_purges":1,"victory":true,"max_hp_per_floor":[80,80,80,80,80,80,80,80,80,80,80,80,80,80,80,80,80,83,83,86,86,89,92,92,92,92,92,95,95,99,102,102,106,106,106,114,125,129,129,136,136,136,136,136,136,139,139,147,147,150],"card_choices":[{"not_picked":["Thunderclap","Sever Soul"],"picked":"Uppercut","floor":1},{"not_picked":["Rupture","Iron Wave"],"picked":"Perfected Strike","floor":3},{"not_picked":["Bloodletting","Warcry"],"picked":"Dropkick","floor":5},{"not_picked":["Intimidate","Headbutt"],"picked":"Double Tap","floor":6},{"not_picked":["Heavy Blade","Shrug It Off"],"picked":"Twin Strike","floor":10},{"not_picked":["Second Wind","Feel No Pain"],"picked":"Clash","floor":11},{"not_picked":["Cleave","Carnage","Sever Soul"],"picked":"SKIP","floor":12},{"not_picked":["Shrug It Off","Dropkick","True Grit"],"picked":"SKIP","floor":14},{"not_picked":["Limit Break","Brutality"],"picked":"Feed","floor":16},{"not_picked":["Clothesline+1","Second Wind+1","Pommel Strike"],"picked":"SKIP","floor":18},{"not_picked":["Heavy Blade+1","Feel No Pain"],"picked":"Anger+1","floor":20},{"not_picked":["Burning Pact","Searing Blow+1"],"picked":"Flex","floor":22},{"not_picked":["Feel No Pain","Cleave+1"],"picked":"Bloodletting","floor":23},{"not_picked":["Metallicize+1","Armaments","Inflame"],"picked":"SKIP","floor":28},{"not_picked":["Rampage+1","Anger+1"],"picked":"Twin Strike+1","floor":30},{"not_picked":["Disarm","Heavy Blade+1"],"picked":"Twin Strike+1","floor":31},{"not_picked":["Dark Embrace","Fiend Fire+1"],"picked":"Feed+1","floor":33},{"not_picked":["Thunderclap+1"],"picked":"SKIP","floor":35},{"not_picked":["Clash+1"],"picked":"SKIP","floor":36},{"not_picked":["Shrug It Off+1"],"picked":"SKIP","floor":38},{"not_picked":["Feel No Pain+1"],"picked":"SKIP","floor":46},{"not_picked":["Flex"],"picked":"SKIP","floor":48}],"player_experience":10808,"relics_obtained":[{"floor":6,"key":"Bag of Marbles"},{"floor":9,"key":"Pen Nib"},{"floor":10,"key":"Meat on the Bone"},{"floor":14,"key":"Lantern"},{"floor":22,"key":"Red Mask"},{"floor":23,"key":"Letter Opener"},{"floor":26,"key":"Boot"},{"floor":37,"key":"Peace Pipe"},{"floor":40,"key":"Old Coin"},{"floor":43,"key":"Dodecahedron"},{"floor":46,"key":"Happy Flower"}],"event_choices":[{"event_name":"Accursed Blacksmith","player_choice":"Rummage","floor":2,"damage_taken":0},{"event_name":"World of Goop","player_choice":"Gather Gold","floor":8,"damage_taken":0},{"event_name":"The Mausoleum","player_choice":"Yes","floor":19,"damage_taken":0},{"event_name":"Masked Bandits","player_choice":"Fought over 39 gold","floor":22,"damage_taken":0},{"event_name":"MindBloom","player_choice":"Fight","floor":37,"damage_taken":0},{"event_name":"Falling","player_choice":"Removed Skill","floor":39,"damage_taken":0},{"event_name":"Mysterious Sphere","player_choice":"Fight","floor":40,"damage_taken":0},{"event_name":"Tomb of Lord Red Mask","player_choice":"Wore Mask","floor":45,"damage_taken":0}],"is_beta":false,"boss_relics":[{"not_picked":["Philosopher\u0027s Stone","Cursed Key"],"picked":"Runic Pyramid"},{"not_picked":["Orrery","Black Blood"],"picked":"Busted Crown"}],"items_purged_floors":[4],"is_endless":false,"potions_floor_spawned":[3,5,6,12,14,22,23,38,46,48],"ascension_level":0}