{"gold_per_floor":[117,128,6,6,6,6,6,34,34,50,10,10,10,21,21,21],"floor_reached":16,"playtime":311,"items_purged":[],"score":167,"play_id":"87e01598-c9a7-4f1c-af8d-6bfd163d6102","local_time":"20181209151316","is_ascension_mode":true,"campfire_choices":[{"data":"Combust","floor":6,"key":"SMITH"},{"data":"True Grit","floor":13,"key":"SMITH"},{"data":"Armaments","floor":15,"key":"SMITH"}],"neow_cost":"NONE","seed_source_timestamp":2184979514790,"circlet_count":0,"master_deck":["AscendersBane","Strike_R","Strike_R","Strike_R","Strike_R","Defend_R","Defend_R","Defend_R","Defend_R","Bash","Spot Weakness","Reckless Charge","Combust+1","Armaments+1","Pummel","True Grit+1","Rage","Iron Wave"],"relics":["Burning Blood","Juzu Bracelet","Ornamental Fan","Question Card"],"potions_floor_usage":[10,16,16,16,16],"damage_taken":[{"damage":6,"enemies":"Cultist","floor":1,"turns":4},{"damage":10,"enemies":"2 Louse","floor":2,"turns":4},{"damage":34,"enemies":"Gremlin Nob","floor":8,"turns":4},{"damage":7,"enemies":"Small Slimes","floor":10,"turns":3},{"damage":9,"enemies":"Looter","floor":14,"turns":4},{"damage":43,"enemies":"The Guardian","floor":16,"turns":10}],"seed_played":"7422999593396384388","potions_obtained":[{"floor":1,"key":"SmokeBomb"},{"floor":8,"key":"PowerPotion"},{"floor":12,"key":"Explosive Potion"},{"floor":12,"key":"EntropicBrew"}],"is_trial":false,"path_per_floor":["M","M","$","?","?","R","$","E","T","M","$","?","R","M","R","B"],"character_chosen":"IRONCLAD","items_purchased":["Combust","Armaments","Rage"],"campfire_rested":0,"item_purchase_floors":[3,3,11],"current_hp_per_floor":[68,64,64,64,75,75,75,47,47,46,46,46,46,43,43,0],"gold":21,"neow_bonus":"RANDOM_COMMON_RELIC","is_prod":false,"is_daily":false,"chose_seed":false,"campfire_upgraded":3,"win_rate":0,"timestamp":1544368396,"path_taken":["M","M","$","?","?","R","$","E","T","M","?","?","R","M","R","BOSS"],"build_version":"2018-12-06","purchased_purges":0,"victory":false,"max_hp_per_floor":[75,75,75,75,75,75,75,75,75,75,75,75,75,75,75,75],"card_choices":[{"not_picked":["Fire Breathing","Pommel Strike"],"picked":"Spot Weakness","floor":1},{"not_picked":["Armaments","Infernal Blade"],"picked":"Reckless Charge","floor":2},{"not_picked":["Sever Soul","Combust"],"picked":"Pummel","floor":8},{"not_picked":["Carnage","Havoc","Warcry"],"picked":"True Grit","floor":10},{"not_picked":["Searing Blow","Armaments","Pummel"],"picked":"Iron Wave","floor":14}],"player_experience":253541,"relics_obtained":[{"floor":8,"key":"Ornamental Fan"},{"floor":9,"key":"Question Card"}],"event_choices":[{"cards_removed":["Strike_R"],"damage_healed":0,"gold_gain":0,"player_choice":"Purged","damage_taken":0,"max_hp_gain":0,"max_hp_loss":0,"event_name":"Purifier","floor":4,"gold_loss":0},{"damage_healed":11,"gold_gain":0,"player_choice":"Full Heal","damage_taken":0,"max_hp_gain":0,"max_hp_loss":0,"event_name":"Wheel of Change","floor":5,"gold_loss":0},{"damage_healed":0,"gold_gain":0,"player_choice":"Got Potions","damage_taken":0,"max_hp_gain":0,"max_hp_loss":0,"event_name":"Lab","floor":12,"gold_loss":0}],"is_beta":false,"boss_relics":[],"items_purged_floors":[],"is_endless":false,"potions_floor_spawned":[1,8],"killed_by":"The Guardian","ascension_level":14}