{"gold_per_floor":[117,117,42,42,42,77,30,0,25,25,25,43,43,62,62,62],"floor_reached":16,"playtime":367,"items_purged":["Strike_G"],"score":110,"play_id":"86d6d8e8-296d-4a9c-8d43-3fd77fc8f23e","local_time":"20181020073606","is_ascension_mode":true,"campfire_choices":[{"floor":11,"key":"REST"},{"data":"Flechettes","floor":13,"key":"SMITH"},{"data":"Dodge and Roll","floor":15,"key":"SMITH"}],"neow_cost":"NONE","seed_source_timestamp":2545234307041,"circlet_count":0,"master_deck":["Defend_G","Defend_G","Defend_G","Defend_G","Defend_G","Strike_G","Strike_G","Strike_G","Survivor","Neutralize","Flechettes+1","Backstab","Cloak And Dagger","Calculated Gamble","Deflect","Dodge and Roll+1"],"relics":["Ring of the Snake","Bag of Preparation","Golden Idol","Prayer Wheel","Happy Flower"],"potions_floor_usage":[6,16],"damage_taken":[{"damage":5,"enemies":"Jaw Worm","floor":1,"turns":9},{"damage":40,"enemies":"3 Sentries","floor":6,"turns":10},{"damage":0,"enemies":"Small Slimes","floor":12,"turns":2},{"damage":0,"enemies":"Cultist","floor":14,"turns":1},{"damage":47,"enemies":"Hexaghost","floor":16,"turns":14}],"seed_played":"-3420319652767168598","potions_obtained":[{"floor":1,"key":"LiquidBronze"},{"floor":6,"key":"Swift Potion"}],"is_trial":false,"path_per_floor":["M","?","$","?","?","E","$","?","T","?","R","M","R","M","R"],"character_chosen":"THE_SILENT","items_purchased":["Cloak And Dagger"],"campfire_rested":1,"item_purchase_floors":[7],"current_hp_per_floor":[65,70,70,69,62,22,22,22,22,22,42,42,42,42,42,0],"gold":62,"neow_bonus":"RANDOM_COMMON_RELIC","is_prod":false,"is_daily":false,"chose_seed":false,"campfire_upgraded":2,"win_rate":0,"timestamp":1540017366,"path_taken":["M","?","$","?","?","E","$","?","T","?","R","M","R","M","R","BOSS"],"build_version":"2018-10-18","purchased_purges":1,"victory":false,"max_hp_per_floor":[70,75,75,69,69,69,69,69,69,69,69,69,69,69,69,69],"card_choices":[{"not_picked":["Deflect","Well Laid Plans"],"picked":"Flechettes","floor":1},{"not_picked":["Dash","Underhanded Strike"],"picked":"Backstab","floor":6},{"not_picked":["Flying Knee","Masterful Stab"],"picked":"Calculated Gamble","floor":12},{"not_picked":["PiercingWail","Dagger Spray","Masterful Stab"],"picked":"SKIP","floor":12},{"not_picked":["PiercingWail","Dagger Spray"],"picked":"Deflect","floor":14},{"not_picked":["Dash","Prepared"],"picked":"Dodge and Roll","floor":14}],"player_experience":73845,"relics_obtained":[{"floor":6,"key":"Prayer Wheel"},{"floor":9,"key":"Happy Flower"}],"event_choices":[{"damage_healed":0,"gold_gain":0,"player_choice":"Donut","damage_taken":0,"max_hp_gain":5,"max_hp_loss":0,"event_name":"Big Fish","floor":2,"gold_loss":0},{"damage_healed":0,"gold_gain":0,"player_choice":"Lose Max HP","damage_taken":0,"relics_obtained":["Golden Idol"],"max_hp_gain":0,"max_hp_loss":6,"event_name":"Golden Idol","floor":4,"gold_loss":0},{"cards_removed":["Strike_G"],"damage_healed":0,"gold_gain":0,"player_choice":"Card Removal","damage_taken":7,"max_hp_gain":0,"max_hp_loss":0,"event_name":"Golden Wing","floor":5,"gold_loss":0},{"damage_healed":0,"gold_gain":0,"player_choice":"Left Gold","damage_taken":0,"max_hp_gain":0,"max_hp_loss":0,"event_name":"World of Goop","floor":8,"gold_loss":30},{"damage_healed":0,"gold_gain":0,"player_choice":"Fled","damage_taken":0,"max_hp_gain":0,"max_hp_loss":0,"event_name":"Scrap Ooze","floor":10,"gold_loss":0}],"is_beta":false,"boss_relics":[],"items_purged_floors":[3],"is_endless":false,"potions_floor_spawned":[1,6],"killed_by":"Hexaghost","ascension_level":3}