{"gold_per_floor":[113,113,42,42,56,87,87,12,12,55,55,20,40,16,16,139,139,160],"floor_reached":18,"playtime":2009,"items_purged":["Defend_G"],"score":193,"play_id":"7eaa6052-f8e4-477e-b0e6-3d676f64af23","local_time":"20190131023059","is_ascension_mode":false,"campfire_choices":[{"data":"Noxious Fumes","floor":7.0,"key":"SMITH"},{"data":"Well Laid Plans","floor":11.0,"key":"SMITH"},{"data":"Prepared","floor":15.0,"key":"SMITH"}],"neow_cost":"NONE","seed_source_timestamp":0,"circlet_count":0,"master_deck":["Defend_G","Defend_G","Defend_G","Defend_G","Strike_G","Strike_G","Strike_G","Strike_G","Strike_G","Survivor","Neutralize","Slice","Noxious Fumes+1","PiercingWail","Well Laid Plans+1","Dagger Throw","Adrenaline","Prepared+1","Phantasmal Killer"],"special_seed":0,"relics":["Ring of the Snake","NeowsBlessing","Golden Idol","PreservedInsect","Calipers","Pantograph","Lizard Tail"],"potions_floor_usage":[],"damage_taken":[{"damage":0.0,"enemies":"Cultist","floor":1.0,"turns":1.0},{"damage":0.0,"enemies":"Jaw Worm","floor":5.0,"turns":1.0},{"damage":0.0,"enemies":"3 Sentries","floor":6.0,"turns":1.0},{"damage":26.0,"enemies":"Gremlin Nob","floor":10.0,"turns":5.0},{"damage":0.0,"enemies":"2 Louse","floor":13.0,"turns":3.0},{"damage":35.0,"enemies":"Slime Boss","floor":16.0,"turns":11.0},{"damage":25,"enemies":"Shell Parasite","floor":18,"turns":6}],"seed_played":"7947976407086353954","potions_obtained":[{"floor":5.0,"key":"SteroidPotion"},{"floor":10.0,"key":"Fire Potion"},{"floor":13.0,"key":"Fire Potion"},{"floor":18,"key":"Dexterity Potion"}],"is_trial":false,"path_per_floor":["?","?","?","$"],"character_chosen":"THE_SILENT","items_purchased":["Noxious Fumes","Prepared"],"campfire_rested":0,"item_purchase_floors":[3,14],"current_hp_per_floor":[70,53,53,70,70,70,70,70,70,44,44,61,61,61,61,35,70,45],"gold":160,"neow_bonus":"THREE_ENEMY_KILL","is_prod":false,"is_daily":false,"chose_seed":false,"campfire_upgraded":3,"win_rate":0.0,"timestamp":1548898259,"path_taken":["M","?","$","?","M","E","R","$","T","E","R","?","M","?","R","BOSS","M"],"build_version":"2019-01-23","purchased_purges":1,"victory":false,"max_hp_per_floor":[70,70,70,70,70,70,70,70,70,70,70,70,70,70,70,70,70,70],"card_choices":[{"not_picked":["Outmaneuver","Poisoned Stab"],"picked":"Slice","floor":1.0},{"not_picked":["Dagger Spray","Quick Slash"],"picked":"PiercingWail","floor":5.0},{"not_picked":["Calculated Gamble","Blade Dance"],"picked":"Well Laid Plans","floor":6.0},{"not_picked":["Deflect","Acrobatics"],"picked":"Dagger Throw","floor":10.0},{"not_picked":["Quick Slash","Well Laid Plans"],"picked":"Adrenaline","floor":13.0},{"not_picked":["A Thousand Cuts","Bullet Time"],"picked":"Phantasmal Killer","floor":16.0},{"not_picked":["Bouncing Flask","Backflip","Blade Dance"],"picked":"SKIP","floor":18}],"player_experience":57134,"relics_obtained":[{"floor":6.0,"key":"PreservedInsect"},{"floor":9.0,"key":"Calipers"},{"floor":10.0,"key":"Pantograph"}],"event_choices":[{"damage_healed":0.0,"max_hp_gain":0.0,"max_hp_loss":0.0,"gold_gain":0.0,"event_name":"Golden Idol","player_choice":"Take Damage","floor":2.0,"gold_loss":0.0,"damage_taken":17.0,"relics_obtained":["Golden Idol"]},{"damage_healed":23.0,"max_hp_gain":0.0,"max_hp_loss":0.0,"gold_gain":0.0,"event_name":"Big Fish","player_choice":"Banana","floor":4.0,"gold_loss":0.0,"damage_taken":0.0},{"damage_healed":17.0,"max_hp_gain":0.0,"max_hp_loss":0.0,"gold_gain":0.0,"event_name":"The Cleric","player_choice":"Healed","floor":12.0,"gold_loss":35.0,"damage_taken":0.0}],"is_beta":false,"boss_relics":[{"not_picked":["Runic Dome","Fusion Hammer"],"picked":"Lizard Tail"}],"items_purged_floors":[8],"is_endless":false,"potions_floor_spawned":[5,10,13,18],"killed_by":"Shell Parasite","ascension_level":0}