{"gold_per_floor":[111,111,125,139,150,150,150,207,230,230,255,63,77,77,77,173,173,191,40,56,81,95,95,108,108,132,132,57,57,76,24,24,128,128,146,157,168,168,180,180,200,200,200,200,200],"floor_reached":45,"playtime":3396,"items_purged":["Defend_R","Perfected Strike+1"],"score":415,"play_id":"f944ed92-a9cf-4354-9e0d-362b0cf615e9","local_time":"20190130141346","is_ascension_mode":false,"campfire_choices":[{"data":"Heavy Blade","floor":6.0,"key":"SMITH"},{"floor":10.0,"key":"REST"},{"data":"Defend_R","floor":15.0,"key":"SMITH"},{"data":"Armaments","floor":23,"key":"SMITH"},{"data":"Heavy Blade","floor":25,"key":"SMITH"},{"data":"Flex","floor":27,"key":"SMITH"},{"data":"Bash","floor":29,"key":"SMITH"},{"floor":32,"key":"REST"},{"data":"Double Tap","floor":40,"key":"SMITH"},{"floor":44,"key":"REST"}],"neow_cost":"NONE","seed_source_timestamp":0,"circlet_count":0,"master_deck":["Strike_R","Defend_R+1","Defend_R+1","Bash+1","Heavy Blade+1","Impervious","Headbutt+1","Flex","Blood for Blood","Finesse","Warcry+1","Anger","Double Tap+1","Inflame+1","Infernal Blade+1","Heavy Blade+1","Flex+1","Armaments+1","Flex","Dual Wield+1","Madness","Madness"],"special_seed":0,"relics":["Black Blood","Happy Flower","Pen Nib","Astrolabe","Potion Belt","Oddly Smooth Stone","Dodecahedron"],"potions_floor_usage":[22,24,33,33,33,41],"damage_taken":[{"damage":15.0,"enemies":"2 Louse","floor":1.0,"turns":3.0},{"damage":4.0,"enemies":"Cultist","floor":3.0,"turns":4.0},{"damage":8.0,"enemies":"Small Slimes","floor":4.0,"turns":3.0},{"damage":8.0,"enemies":"Exordium Thugs","floor":5.0,"turns":5.0},{"damage":27.0,"enemies":"Lagavulin","floor":11.0,"turns":5.0},{"damage":3.0,"enemies":"Looter","floor":13.0,"turns":3.0},{"damage":13.0,"enemies":"Hexaghost","floor":16.0,"turns":9.0},{"damage":12,"enemies":"2 Thieves","floor":18,"turns":4},{"damage":2,"enemies":"Chosen","floor":20,"turns":2},{"damage":15,"enemies":"Snecko","floor":22,"turns":4},{"damage":19,"enemies":"Centurion and Healer","floor":24,"turns":6},{"damage":0,"enemies":"Cultist and Chosen","floor":30,"turns":3},{"damage":34,"enemies":"Collector","floor":33,"turns":5},{"damage":10,"enemies":"Orb Walker","floor":35,"turns":2},{"damage":28,"enemies":"3 Shapes","floor":36,"turns":5},{"damage":31,"enemies":"3 Darklings","floor":37,"turns":5},{"damage":25,"enemies":"Transient","floor":39,"turns":5},{"damage":45,"enemies":"Sphere and 2 Shapes","floor":41,"turns":6},{"damage":47,"enemies":"Jaw Worm Horde","floor":45,"turns":3}],"seed_played":"5085741730450563898","potions_obtained":[{"floor":4.0,"key":"AttackPotion"},{"floor":11.0,"key":"Weak Potion"},{"floor":13.0,"key":"Swift Potion"},{"floor":24,"key":"SkillPotion"},{"floor":30,"key":"Poison Potion"},{"floor":39,"key":"Block Potion"}],"is_trial":false,"path_per_floor":["?","M","?","?","M","?","T","?","$","M","?","M","?"],"character_chosen":"IRONCLAD","items_purchased":["Finesse","Warcry","Flex","Swift Potion"],"campfire_rested":3,"item_purchase_floors":[12,12,19,31],"current_hp_per_floor":[71,71,73,71,69,69,53,53,53,77,56,56,59,59,59,52,80,74,74,78,78,69,69,56,56,56,56,56,56,62,62,80,52,80,80,62,41,80,65,65,30,20,20,44,0],"gold":200,"neow_bonus":"TRANSFORM_CARD","is_prod":false,"is_daily":false,"chose_seed":false,"campfire_upgraded":7,"win_rate":0.0,"timestamp":1548854026,"path_taken":["M","?","?","M","M","R","?","?","T","R","E","$","?","?","R","BOSS","M","$","M","?","M","R","M","R","T","R","?","R","M","?","R","BOSS","M","?","M","?","M","R","?","?","T","R","M"],"build_version":"2019-01-23","purchased_purges":2,"victory":false,"max_hp_per_floor":[80,80,80,80,80,80,80,80,80,80,80,80,80,80,80,80,80,80,80,80,80,80,80,80,80,80,80,80,80,80,80,80,80,80,80,80,80,80,80,80,80,80,80,80,80],"card_choices":[{"not_picked":["Iron Wave","Headbutt"],"picked":"Heavy Blade","floor":1.0},{"not_picked":["Cleave","Carnage"],"picked":"Headbutt","floor":3.0},{"not_picked":["Perfected Strike","Impervious"],"picked":"Flex","floor":4.0},{"not_picked":["Pommel Strike","Thunderclap","Cleave"],"picked":"SKIP","floor":5.0},{"not_picked":["Clash","Thunderclap"],"picked":"Blood for Blood","floor":11.0},{"not_picked":["Perfected Strike","Flame Barrier"],"picked":"Anger","floor":13.0},{"not_picked":["Offering","Impervious"],"picked":"Double Tap","floor":16.0},{"not_picked":["Clash","Anger"],"picked":"Heavy Blade","floor":18},{"not_picked":["Uppercut+1","Anger+1","Perfected Strike"],"picked":"SKIP","floor":20},{"not_picked":["Barricade","Pummel+1"],"picked":"Armaments","floor":22},{"not_picked":["True Grit","Anger","Thunderclap+1"],"picked":"SKIP","floor":24},{"not_picked":["Anger","Wild Strike"],"picked":"Flex","floor":30},{"not_picked":["Perfected Strike+1","Feel No Pain+1","Clothesline+1"],"picked":"SKIP","floor":35},{"not_picked":["Blood for Blood+1","Shrug It Off","Twin Strike+1"],"picked":"SKIP","floor":36},{"not_picked":["Twin Strike","Body Slam+1","Feel No Pain"],"picked":"SKIP","floor":37},{"not_picked":["Demon Form","Armaments+1","Infernal Blade"],"picked":"SKIP","floor":39},{"not_picked":["Sever Soul","Uppercut+1"],"picked":"Dual Wield+1","floor":41}],"player_experience":24492,"relics_obtained":[{"floor":9.0,"key":"Happy Flower"},{"floor":11.0,"key":"Pen Nib"},{"floor":21,"key":"Potion Belt"},{"floor":26,"key":"Oddly Smooth Stone"},{"floor":43,"key":"Dodecahedron"}],"event_choices":[{"damage_healed":0.0,"max_hp_gain":0.0,"max_hp_loss":0.0,"gold_gain":0.0,"cards_transformed":["Strike_R"],"event_name":"Transmorgrifier","player_choice":"Transformed","floor":2.0,"gold_loss":0.0,"damage_taken":0.0,"cards_obtained":["Impervious"]},{"damage_healed":0.0,"max_hp_gain":0.0,"max_hp_loss":0.0,"gold_gain":0.0,"event_name":"Shining Light","player_choice":"Entered Light","floor":7.0,"gold_loss":0.0,"damage_taken":16.0,"cards_upgraded":["Defend_R","Headbutt"]},{"damage_healed":0.0,"max_hp_gain":0.0,"max_hp_loss":0.0,"gold_gain":57.0,"event_name":"Golden Wing","player_choice":"Gained Gold","floor":8.0,"gold_loss":0.0,"damage_taken":0.0},{"damage_healed":0.0,"max_hp_gain":0.0,"max_hp_loss":0.0,"gold_gain":0.0,"event_name":"Upgrade Shrine","player_choice":"Upgraded","floor":14.0,"gold_loss":0.0,"damage_taken":0.0,"cards_upgraded":["Warcry"]},{"cards_removed":["Strike_R"],"damage_healed":0,"gold_gain":0,"player_choice":"Gave Gold","damage_taken":0,"max_hp_gain":0,"max_hp_loss":0,"event_name":"Beggar","floor":28,"gold_loss":75},{"damage_healed":39,"gold_gain":0,"player_choice":"Full Heal","damage_taken":0,"max_hp_gain":0,"max_hp_loss":0,"event_name":"Wheel of Change","floor":38,"gold_loss":0},{"damage_healed":0,"gold_gain":0,"player_choice":"Embrace Madness","damage_taken":10,"max_hp_gain":0,"max_hp_loss":0,"event_name":"Winding Halls","floor":42,"gold_loss":0,"cards_obtained":["Madness","Madness"]}],"is_beta":false,"boss_relics":[{"not_picked":["White Beast Statue","Black Star"],"picked":"Astrolabe"},{"not_picked":["Empty Cage","Runic Dome"],"picked":"Black Blood"}],"items_purged_floors":[12,19],"is_endless":false,"potions_floor_spawned":[4,11,13,24,30,39],"killed_by":"Jaw Worm Horde","ascension_level":0}