{"gold_per_floor":[109,13,23,23,43,43,33,33,33,50,79,79,79,4,4,104,104,104,104,23,23,23,23,23],"floor_reached":24,"playtime":887,"items_purged":["Parasite"],"score":399,"play_id":"023f2832-85b1-47c9-9639-513a5ae26476","local_time":"20181201175640","is_ascension_mode":true,"campfire_choices":[{"data":"Neutralize","floor":6.0,"key":"SMITH"},{"data":"Corpse Explosion","floor":8.0,"key":"SMITH"},{"data":"Blur","floor":12.0,"key":"SMITH"},{"data":"Poisoned Stab","floor":15.0,"key":"SMITH"}],"neow_cost":"PERCENT_DAMAGE","seed_source_timestamp":0,"circlet_count":0,"master_deck":["AscendersBane","Defend_G","Defend_G","Defend_G","Defend_G","Defend_G","Strike_G","Strike_G","Strike_G","Strike_G","Survivor","Neutralize+1","Corpse Explosion+1","Blur+1","Finesse","Backstab","Poisoned Stab+1","Poisoned Stab","Corpse Explosion","Blur","Finesse","Deflect"],"special_seed":0,"relics":["Ring of the Snake","PreservedInsect","Bottled Lightning","Ectoplasm","Boot"],"potions_floor_usage":[],"damage_taken":[{"damage":5.0,"enemies":"Jaw Worm","floor":1.0,"turns":5.0},{"damage":4.0,"enemies":"Small Slimes","floor":3.0,"turns":4.0},{"damage":0.0,"enemies":"2 Louse","floor":5.0,"turns":4.0},{"damage":3.0,"enemies":"Exordium Thugs","floor":7.0,"turns":7.0},{"damage":0.0,"enemies":"Exordium Wildlife","floor":10.0,"turns":3.0},{"damage":5.0,"enemies":"Lagavulin","floor":11.0,"turns":4.0},{"damage":7.0,"enemies":"The Guardian","floor":16.0,"turns":9.0},{"damage":13.0,"enemies":"Spheric Guardian","floor":18.0,"turns":4.0},{"damage":9.0,"enemies":"Chosen","floor":19.0,"turns":4.0},{"damage":21.0,"enemies":"Snake Plant","floor":21.0,"turns":4.0},{"damage":11.0,"enemies":"Colosseum Slavers","floor":22.0,"turns":3.0},{"damage":0.0,"enemies":"Gremlin Leader","floor":23.0,"turns":7.0},{"damage":17,"enemies":"Snecko","floor":24,"turns":3}],"seed_played":"592339089925615581","potions_obtained":[{"floor":3.0,"key":"Swift Potion"},{"floor":10.0,"key":"Fruit Juice"},{"floor":19.0,"key":"Strength Potion"},{"floor":21.0,"key":"Fire Potion"}],"is_trial":false,"path_per_floor":["M","$","M","?","M","R","M","R","T","M","E","R","?","$","R","B",null,"M","M","$","M","?","E","M"],"character_chosen":"THE_SILENT","items_purchased":["Finesse","Finesse"],"campfire_rested":0,"item_purchase_floors":[2,20],"current_hp_per_floor":[40,40,36,29,29,29,26,26,26,26,26,26,44,44,44,37,63,50,41,41,20,9,9,0],"gold":23,"neow_bonus":"THREE_RARE_CARDS","is_prod":false,"is_daily":false,"chose_seed":false,"campfire_upgraded":4,"win_rate":0,"timestamp":1543687000,"path_taken":["M","$","M","?","M","R","M","R","T","M","E","R","?","$","R","BOSS","M","M","$","M","?","E","M"],"build_version":"2018-11-15","purchased_purges":1,"victory":false,"max_hp_per_floor":[70,70,70,70,70,70,70,70,70,70,75,75,75,72,72,72,72,72,72,72,72,72,72,72],"card_choices":[{"not_picked":["Venomology","Envenom"],"picked":"Corpse Explosion","floor":0.0},{"not_picked":["Dagger Spray","Dodge and Roll"],"picked":"Blur","floor":1.0},{"not_picked":["Sucker Punch","Underhanded Strike","Eviscerate"],"picked":"SKIP","floor":3.0},{"not_picked":["Prepared","Distraction","Dagger Throw"],"picked":"SKIP","floor":5.0},{"not_picked":["Concentrate","Sucker Punch"],"picked":"Backstab","floor":7.0},{"not_picked":["Dash","Dagger Spray"],"picked":"Poisoned Stab","floor":10.0},{"not_picked":["Backstab","Dagger Throw"],"picked":"Poisoned Stab","floor":11.0},{"not_picked":["Wraith Form v2","Venomology"],"picked":"Corpse Explosion","floor":16.0},{"not_picked":["Terror","Sucker Punch","Tactician"],"picked":"SKIP","floor":18.0},{"not_picked":["Deadly Poison","Blade Dance"],"picked":"Blur","floor":19.0},{"not_picked":["Flechettes","Deadly Poison"],"picked":"Deflect","floor":21.0},{"not_picked":["Phantasmal Killer","Prepared+1","Dagger Spray"],"picked":"SKIP","floor":23.0}],"player_experience":230625,"relics_obtained":[{"floor":9.0,"key":"PreservedInsect"},{"floor":11.0,"key":"Bottled Lightning"},{"floor":23.0,"key":"Boot"}],"event_choices":[{"cards_removed":["Strike_G"],"damage_healed":0.0,"max_hp_gain":0.0,"max_hp_loss":0.0,"gold_gain":0.0,"event_name":"Golden Wing","player_choice":"Card Removal","floor":4.0,"gold_loss":0.0,"damage_taken":7.0},{"damage_healed":18.0,"max_hp_gain":0.0,"max_hp_loss":0.0,"gold_gain":0.0,"event_name":"Mushrooms","player_choice":"Healed and dodged fight","floor":13.0,"gold_loss":0.0,"damage_taken":0.0,"cards_obtained":["Parasite"]},{"damage_healed":0.0,"max_hp_gain":0.0,"max_hp_loss":0.0,"gold_gain":0.0,"event_name":"Colosseum","player_choice":"Fight","floor":22.0,"gold_loss":0.0,"damage_taken":0.0},{"damage_healed":0.0,"max_hp_gain":0.0,"max_hp_loss":0.0,"gold_gain":0.0,"event_name":"Colosseum","player_choice":"Fled From Nobs","floor":22.0,"gold_loss":0.0,"damage_taken":0.0}],"is_beta":false,"boss_relics":[{"not_picked":["Black Star","Calling Bell"],"picked":"Ectoplasm"}],"items_purged_floors":[14],"is_endless":false,"potions_floor_spawned":[3,10,19,21],"killed_by":"Snecko","ascension_level":10}