{"gold_per_floor":[114,189,189,205,219,219,231,251,251,28,28,28,28,40,40,138,138,154,173,184,8,19,19,19,34,34,34,34,34,49,67,67,67],"floor_reached":33,"playtime":889,"items_purged":["Strike_G","Strike_G"],"score":325,"play_id":"853e9962-3530-4ca5-b547-4bc510e020f3","local_time":"20181120195203","is_ascension_mode":true,"campfire_choices":[{"data":"Poisoned Stab","floor":6,"key":"SMITH"},{"floor":13,"key":"REST"},{"data":"Deadly Poison","floor":15,"key":"SMITH"},{"data":"Catalyst","floor":23,"key":"SMITH"},{"floor":29,"key":"REST"},{"floor":32,"key":"REST"}],"neow_cost":"NONE","seed_source_timestamp":3729193577134,"circlet_count":0,"master_deck":["Defend_G","Defend_G","Defend_G","Defend_G","Defend_G+1","Strike_G","Strike_G","Survivor","Neutralize","Panacea+1","Poisoned Stab+1","Backflip","Footwork","Deadly Poison+1","Noxious Fumes","PiercingWail","Corpse Explosion","Poisoned Stab","Deadly Poison","Catalyst+1","Masterful Stab"],"relics":["Ring of the Serpent","Pocketwatch","Strawberry","Gremlin Horn"],"potions_floor_usage":[16,19,20,30,31,33],"damage_taken":[{"damage":4,"enemies":"2 Louse","floor":1,"turns":4},{"damage":3,"enemies":"Jaw Worm","floor":4,"turns":5},{"damage":0,"enemies":"Cultist","floor":5,"turns":4},{"damage":3,"enemies":"3 Louse","floor":7,"turns":5},{"damage":13,"enemies":"Exordium Wildlife","floor":8,"turns":6},{"damage":4,"enemies":"Looter","floor":14,"turns":5},{"damage":22,"enemies":"The Guardian","floor":16,"turns":8},{"damage":2,"enemies":"Chosen","floor":18,"turns":5},{"damage":1,"enemies":"Spheric Guardian","floor":19,"turns":4},{"damage":8,"enemies":"Shelled Parasite and Fungi","floor":20,"turns":6},{"damage":23,"enemies":"Centurion and Healer","floor":22,"turns":5},{"damage":22,"enemies":"Chosen and Byrds","floor":25,"turns":6},{"damage":13,"enemies":"Shelled Parasite and Fungi","floor":30,"turns":5},{"damage":5,"enemies":"Centurion and Healer","floor":31,"turns":4},{"damage":87,"enemies":"Automaton","floor":33,"turns":6}],"seed_played":"2318186446391694718","potions_obtained":[{"floor":5,"key":"Ancient Potion"},{"floor":7,"key":"GamblersBrew"},{"floor":8,"key":"Explosive Potion"},{"floor":16,"key":"Weak Potion"},{"floor":19,"key":"Block Potion"},{"floor":20,"key":"Poison Potion"},{"floor":30,"key":"GamblersBrew"}],"is_trial":false,"path_per_floor":["M","?","?","M","M","R","M","M","T","$","?","$","R","M","R","B",null,"M","M","M","$","M","R","?","M","T","?","$","R","M","M","R","B"],"character_chosen":"THE_SILENT","items_purchased":["Strawberry","Poisoned Stab","Deadly Poison"],"campfire_rested":3,"item_purchase_floors":[10,21,21],"current_hp_per_floor":[59,48,34,31,31,31,28,15,15,22,27,27,51,47,47,25,68,66,65,57,57,34,34,34,12,12,12,12,36,23,18,42,0],"gold":67,"neow_bonus":"RANDOM_COLORLESS","is_prod":false,"is_daily":false,"chose_seed":false,"campfire_upgraded":3,"win_rate":0,"timestamp":1542743523,"path_taken":["M","?","?","M","M","R","M","M","T","$","?","?","R","?","R","BOSS","M","M","M","$","M","R","?","M","T","?","$","R","?","M","R","BOSS"],"build_version":"2018-11-15","purchased_purges":2,"victory":false,"max_hp_per_floor":[70,70,70,70,70,70,70,70,70,77,82,82,82,82,82,82,82,82,82,82,82,82,82,82,82,82,82,82,82,82,82,82,82],"card_choices":[{"not_picked":["Backflip","Sucker Punch"],"picked":"Poisoned Stab","floor":1},{"not_picked":["Bane","Underhanded Strike"],"picked":"Backflip","floor":4},{"not_picked":["Deadly Poison","Dagger Spray"],"picked":"Footwork","floor":5},{"not_picked":["Caltrops","Escape Plan"],"picked":"Deadly Poison","floor":7},{"not_picked":["Accuracy","Setup"],"picked":"Noxious Fumes","floor":8},{"not_picked":["Dagger Throw","Blur"],"picked":"PiercingWail","floor":14},{"not_picked":["Tools of the Trade","Storm of Steel"],"picked":"Corpse Explosion","floor":16},{"not_picked":["Sucker Punch","Acrobatics+1","Dagger Throw+1"],"picked":"SKIP","floor":18},{"not_picked":["Dagger Spray","PiercingWail","Reflex"],"picked":"SKIP","floor":19},{"not_picked":["Skewer","Dodge and Roll","Bane+1"],"picked":"SKIP","floor":20},{"not_picked":["Predator","Doppelganger"],"picked":"Catalyst","floor":22},{"not_picked":["Concentrate","Cloak And Dagger","Bane"],"picked":"SKIP","floor":25},{"not_picked":["Caltrops","Flying Knee","Tactician"],"picked":"SKIP","floor":30},{"not_picked":["Slice","Dagger Throw","Dodge and Roll"],"picked":"SKIP","floor":31}],"player_experience":196771,"relics_obtained":[{"floor":9,"key":"Pocketwatch"},{"floor":26,"key":"Gremlin Horn"}],"event_choices":[{"damage_healed":0,"gold_gain":75,"player_choice":"Gather Gold","damage_taken":11,"max_hp_gain":0,"max_hp_loss":0,"event_name":"World of Goop","floor":2,"gold_loss":0},{"damage_healed":0,"gold_gain":0,"player_choice":"Entered Light","damage_taken":14,"max_hp_gain":0,"max_hp_loss":0,"event_name":"Shining Light","floor":3,"gold_loss":0,"cards_upgraded":["Defend_G","Panacea"]},{"damage_healed":0,"gold_gain":0,"player_choice":"Donut","damage_taken":0,"max_hp_gain":5,"max_hp_loss":0,"event_name":"Big Fish","floor":11,"gold_loss":0},{"damage_healed":0,"gold_gain":0,"player_choice":"Ignored","damage_taken":0,"max_hp_gain":0,"max_hp_loss":0,"event_name":"Vampires","floor":24,"gold_loss":0},{"damage_healed":0,"gold_gain":0,"cards_transformed":["Strike_G"],"player_choice":"Transformed","damage_taken":0,"max_hp_gain":0,"max_hp_loss":0,"event_name":"Transmorgrifier","floor":27,"gold_loss":0,"cards_obtained":["Masterful Stab"]}],"is_beta":false,"boss_relics":[{"not_picked":["Calling Bell","Snecko Eye"],"picked":"Ring of the Serpent"}],"items_purged_floors":[10,21],"is_endless":false,"potions_floor_spawned":[5,7,8,16,19,20,25,30],"killed_by":"Automaton","ascension_level":7}