{"gold_per_floor":[117,129,140,140,151,180,193,193,217,17,34,58,114,133,133,235,235,247,262,276,286,286,286,286,315,340,340,114,114,114,114,114,218,218,232,247,266,266,313,313,344,344,370,405,405,405,422,437,437,437],"floor_reached":51,"playtime":2933,"items_purged":["Pain"],"score":822,"play_id":"1539c11d-339c-4408-a236-0c2fc2702a79","local_time":"20190927212445","is_ascension_mode":true,"campfire_choices":[{"data":"Whirlwind","floor":8.0,"key":"SMITH"},{"floor":15.0,"key":"REST"},{"data":"Armaments","floor":23.0,"key":"SMITH"},{"floor":29.0,"key":"REST"},{"floor":32.0,"key":"REST"},{"floor":40,"key":"REST"},{"data":"Well Laid Plans","floor":42,"key":"SMITH"},{"data":"Sucker Punch","floor":45,"key":"SMITH"},{"floor":49,"key":"REST"}],"neow_cost":"NONE","seed_source_timestamp":444549760821200,"circlet_count":0,"master_deck":["Strike_R","Strike_R","Strike_R","Strike_R","Strike_R","Defend_R","Defend_R","Defend_R","Defend_R","Bash","Rampage","Whirlwind+1","Shockwave","Headbutt","Burning Pact","Sucker Punch+1","Rip and Tear","Corpse Explosion","Inflame","Flying Knee","Well Laid Plans+1","Armaments+1","Ghostly","Ghostly","Ghostly","Ghostly","Ghostly","Thinking Ahead","Barricade","Backflip+1","Demon Form","Flame Barrier+1","Turbo+1"],"special_seed":0,"relics":["Burning Blood","Bag of Preparation","Boot","PrismaticShard","Odd Mushroom","Juzu Bracelet","Velvet Choker","WarpedTongs","Blood Vial","Centennial Puzzle","Orichalcum","Omamori","Lizard Tail","StoneCalendar","Du-Vu Doll","Red Skull","Dream Catcher"],"potions_floor_usage":[47,47],"damage_taken":[{"damage":0.0,"enemies":"Small Slimes","floor":1.0,"turns":3.0},{"damage":0.0,"enemies":"2 Louse","floor":2.0,"turns":1.0},{"damage":4.0,"enemies":"Cultist","floor":3.0,"turns":3.0},{"damage":18.0,"enemies":"Large Slime","floor":5.0,"turns":7.0},{"damage":28.0,"enemies":"Gremlin Nob","floor":6.0,"turns":4.0},{"damage":11.0,"enemies":"Blue Slaver","floor":7.0,"turns":3.0},{"damage":0.0,"enemies":"Exordium Wildlife","floor":11.0,"turns":1.0},{"damage":16.0,"enemies":"The Mushroom Lair","floor":12.0,"turns":4.0},{"damage":13.0,"enemies":"Gremlin Nob","floor":13.0,"turns":4.0},{"damage":10.0,"enemies":"3 Louse","floor":14.0,"turns":2.0},{"damage":46.0,"enemies":"Hexaghost","floor":16.0,"turns":11.0},{"damage":0.0,"enemies":"3 Byrds","floor":18.0,"turns":2.0},{"damage":22.0,"enemies":"2 Thieves","floor":19.0,"turns":3.0},{"damage":44.0,"enemies":"Snake Plant","floor":20.0,"turns":5.0},{"damage":21.0,"enemies":"Centurion and Healer","floor":21.0,"turns":3.0},{"damage":10.0,"enemies":"Book of Stabbing","floor":25.0,"turns":6.0},{"damage":17.0,"enemies":"Champ","floor":33.0,"turns":13.0},{"damage":0,"enemies":"3 Darklings","floor":35,"turns":5},{"damage":4,"enemies":"3 Shapes","floor":36,"turns":8},{"damage":36,"enemies":"Maw","floor":37,"turns":9},{"damage":0,"enemies":"2 Orb Walkers","floor":39,"turns":6},{"damage":9,"enemies":"Nemesis","floor":41,"turns":7},{"damage":0,"enemies":"Giant Head","floor":44,"turns":9},{"damage":22,"enemies":"Writhing Mass","floor":47,"turns":9},{"damage":48,"enemies":"Spire Growth","floor":48,"turns":7},{"damage":25,"enemies":"Time Eater","floor":50,"turns":8}],"seed_played":"-5932291810139118301","potions_obtained":[{"floor":1.0,"key":"SkillPotion"},{"floor":2.0,"key":"FairyPotion"},{"floor":3.0,"key":"Swift Potion"},{"floor":16.0,"key":"Dexterity Potion"},{"floor":18.0,"key":"SneckoOil"},{"floor":20.0,"key":"Fire Potion"},{"floor":21.0,"key":"SteroidPotion"},{"floor":39,"key":"Weak Potion"},{"floor":41,"key":"BloodPotion"},{"floor":46,"key":"Dexterity Potion"},{"floor":48,"key":"SteroidPotion"}],"is_trial":false,"path_per_floor":["M","M","M","?","M","E","M","R","T","$","M","?","?","M","R","B",null,"M","M","M","M","?","R","?","E","T","?","$","R","?","T","R","B",null,"M","M","M","?","?","R","E","R","T","E","R","?","M","M","R","B",null],"character_chosen":"IRONCLAD","items_purchased":["PrismaticShard","Orichalcum"],"campfire_rested":5,"item_purchase_floors":[10,28],"current_hp_per_floor":[80,80,80,85,73,51,46,46,46,46,52,42,35,31,56,16,85,85,69,31,16,16,16,16,12,12,12,12,24,18,18,32,23,47,47,47,17,17,25,38,37,37,37,45,45,45,29,10,23,28],"gold":437,"neow_bonus":"THREE_CARDS","is_prod":false,"is_daily":false,"chose_seed":false,"campfire_upgraded":4,"win_rate":0,"timestamp":1569587085,"path_taken":["M","M","M","?","M","E","M","R","T","$","M","?","?","M","R","BOSS","M","M","M","M","?","R","?","E","T","?","$","R","?","?","R","BOSS","M","M","M","?","?","R","E","R","T","E","R","?","M","M","R","BOSS"],"build_version":"2019-07-17","purchased_purges":1,"victory":true,"max_hp_per_floor":[80,80,80,85,85,85,85,85,85,85,85,85,85,85,85,85,85,85,85,85,85,42,42,42,42,42,42,42,42,47,47,47,47,47,47,47,47,45,45,45,45,45,45,45,45,45,45,45,45,45],"card_choices":[{"not_picked":["Havoc","Heavy Blade"],"picked":"Rampage","floor":0.0},{"not_picked":["Body Slam","Havoc"],"picked":"Whirlwind","floor":1.0},{"not_picked":["Fire Breathing","Shrug It Off"],"picked":"Shockwave","floor":2.0},{"not_picked":["Warcry","Infernal Blade"],"picked":"Headbutt","floor":3.0},{"not_picked":["Havoc","Perfected Strike","Reckless Charge"],"picked":"SKIP","floor":5.0},{"not_picked":["Carnage","Heavy Blade"],"picked":"Burning Pact","floor":6.0},{"not_picked":["Infernal Blade","Blood for Blood","Limit Break"],"picked":"SKIP","floor":7.0},{"not_picked":["Reckless Charge","Crippling Poison","Coolheaded"],"picked":"SKIP","floor":11.0},{"not_picked":["Blade Dance","Sword Boomerang"],"picked":"Sucker Punch","floor":13.0},{"not_picked":["Hello World","Underhanded Strike"],"picked":"Rip and Tear","floor":14.0},{"not_picked":["Machine Learning","Immolate"],"picked":"Corpse Explosion","floor":16.0},{"not_picked":["Turbo","Melter"],"picked":"Inflame","floor":18.0},{"not_picked":["Wild Strike","Terror"],"picked":"Flying Knee","floor":19.0},{"not_picked":["Seeing Red","Turbo"],"picked":"Well Laid Plans","floor":20.0},{"not_picked":["Hologram","Barrage"],"picked":"Armaments","floor":21.0},{"not_picked":["Choke","Static Discharge+1"],"picked":"Thinking Ahead","floor":25.0},{"not_picked":["Die Die Die","Reboot"],"picked":"Barricade","floor":33.0},{"not_picked":["Blade Dance","Endless Agony+1","Wild Strike+1"],"picked":"SKIP","floor":35},{"not_picked":["Heavy Blade+1","Amplify","Poisoned Stab+1"],"picked":"SKIP","floor":36},{"not_picked":["Go for the Eyes","Cold Snap+1","Forethought+1"],"picked":"SKIP","floor":37},{"not_picked":["Flying Knee","Wild Strike"],"picked":"Backflip+1","floor":39},{"not_picked":["All For One","Anger"],"picked":"Demon Form","floor":41},{"not_picked":["Endless Agony+1","Body Slam","Mind Blast"],"picked":"SKIP","floor":44},{"not_picked":["Redo","Distraction+1","Cleave"],"picked":"SKIP","floor":47},{"not_picked":["Bane","Quick Slash+1"],"picked":"Flame Barrier+1","floor":48},{"not_picked":["Unload","Rebound+1"],"picked":"Turbo+1","floor":49}],"player_experience":495044,"relics_obtained":[{"floor":6.0,"key":"Bag of Preparation"},{"floor":9.0,"key":"Boot"},{"floor":12.0,"key":"Odd Mushroom"},{"floor":13.0,"key":"Juzu Bracelet"},{"floor":25.0,"key":"Blood Vial"},{"floor":26.0,"key":"Centennial Puzzle"},{"floor":31.0,"key":"Omamori"},{"floor":39,"key":"StoneCalendar"},{"floor":41,"key":"Du-Vu Doll"},{"floor":43,"key":"Red Skull"},{"floor":44,"key":"Dream Catcher"}],"event_choices":[{"damage_healed":0.0,"max_hp_gain":5.0,"max_hp_loss":0.0,"gold_gain":0.0,"event_name":"Big Fish","player_choice":"Donut","floor":4.0,"gold_loss":0.0,"damage_taken":0.0},{"damage_healed":0.0,"max_hp_gain":0.0,"max_hp_loss":0.0,"gold_gain":0.0,"event_name":"Mushrooms","player_choice":"Fought Mushrooms","floor":12.0,"gold_loss":0.0,"damage_taken":0.0},{"damage_healed":0.0,"max_hp_gain":0.0,"max_hp_loss":0.0,"gold_gain":0.0,"event_name":"Dead Adventurer","player_choice":"Searched \u00271\u0027 times","floor":13.0,"gold_loss":0.0,"damage_taken":0.0},{"damage_healed":0.0,"max_hp_gain":0.0,"max_hp_loss":43.0,"gold_gain":0.0,"event_name":"Ghosts","player_choice":"Became a Ghost","floor":22.0,"gold_loss":0.0,"damage_taken":0.0,"cards_obtained":["Ghostly","Ghostly","Ghostly","Ghostly","Ghostly"]},{"damage_healed":0.0,"max_hp_gain":0.0,"max_hp_loss":0.0,"gold_gain":0.0,"event_name":"Accursed Blacksmith","player_choice":"Rummage","floor":24.0,"gold_loss":0.0,"damage_taken":0.0,"relics_obtained":["WarpedTongs"],"cards_obtained":["Pain"]},{"damage_healed":0.0,"max_hp_gain":0.0,"max_hp_loss":0.0,"gold_gain":0.0,"event_name":"The Mausoleum","player_choice":"Ignored","floor":27.0,"gold_loss":0.0,"damage_taken":0.0},{"damage_healed":0.0,"max_hp_gain":5.0,"max_hp_loss":0.0,"gold_gain":0.0,"event_name":"Forgotten Altar","player_choice":"Shed Blood","floor":30.0,"gold_loss":0.0,"damage_taken":11.0},{"damage_healed":0,"gold_gain":0,"player_choice":"Max HP","damage_taken":0,"max_hp_gain":0,"max_hp_loss":2,"event_name":"Winding Halls","floor":38,"gold_loss":0},{"damage_healed":0,"gold_gain":0,"player_choice":"Fight","damage_taken":0,"max_hp_gain":0,"max_hp_loss":0,"event_name":"Mysterious Sphere","floor":39,"gold_loss":0},{"damage_healed":0,"gold_gain":0,"player_choice":"Got Potions","damage_taken":0,"max_hp_gain":0,"max_hp_loss":0,"event_name":"Lab","floor":46,"gold_loss":0}],"is_beta":false,"boss_relics":[{"not_picked":["White Beast Statue","Orrery"],"picked":"Velvet Choker"},{"not_picked":["Black Star","Philosopher\u0027s Stone"],"picked":"Lizard Tail"}],"items_purged_floors":[28],"is_endless":false,"potions_floor_spawned":[1,2,3,6,13,14,16,18,20,21,39,41,44,48],"ascension_level":2}