{"gold_per_floor":[110,110,130,148,160,192,203,203,203,238,10,10,26,43,43,140,140,154,78,97,116,215,215,248,298,369,399,416,442,457,483,483,483],"floor_reached":33,"playtime":1489,"items_purged":[],"score":479,"play_id":"8eb79a43-0b94-4435-abfd-b964192ef720","local_time":"20190627223409","is_ascension_mode":true,"campfire_choices":[{"floor":8.0,"key":"REST"},{"data":"Sword Boomerang","floor":15.0,"key":"SMITH"},{"floor":23.0,"key":"REST"},{"floor":32.0,"key":"REST"}],"neow_cost":"NONE","seed_source_timestamp":0,"circlet_count":0,"master_deck":["AscendersBane","Strike_R","Strike_R","Strike_R","Strike_R","Defend_R","Defend_R","Defend_R","Defend_R","Bash","Twin Strike","Spot Weakness","Shrug It Off","Clothesline","Fiend Fire","Sword Boomerang+1","Inflame+1","Anger","Shrug It Off","Flame Barrier","Offering","True Grit","Feel No Pain+1","Corruption+1","Heavy Blade","Cleave","Reaper","Havoc+1"],"special_seed":0,"relics":["Burning Blood","Ancient Tea Set","Happy Flower","Meat on the Bone","Frozen Egg 2","Red Skull","Sozu","Potion Belt","Matryoshka","Smiling Mask","Blood Vial","Red Mask"],"potions_floor_usage":[],"damage_taken":[{"damage":10.0,"enemies":"2 Louse","floor":1.0,"turns":2.0},{"damage":0.0,"enemies":"Small Slimes","floor":3.0,"turns":3.0},{"damage":6.0,"enemies":"Cultist","floor":4.0,"turns":3.0},{"damage":18.0,"enemies":"Large Slime","floor":5.0,"turns":7.0},{"damage":50.0,"enemies":"Gremlin Nob","floor":6.0,"turns":5.0},{"damage":11.0,"enemies":"3 Louse","floor":7.0,"turns":3.0},{"damage":35.0,"enemies":"3 Sentries","floor":10.0,"turns":8.0},{"damage":0.0,"enemies":"Exordium Thugs","floor":13.0,"turns":2.0},{"damage":3.0,"enemies":"Looter","floor":14.0,"turns":2.0},{"damage":14.0,"enemies":"The Guardian","floor":16.0,"turns":9.0},{"damage":7.0,"enemies":"3 Byrds","floor":18.0,"turns":6.0},{"damage":15.0,"enemies":"2 Thieves","floor":20.0,"turns":3.0},{"damage":34.0,"enemies":"Cultist and Chosen","floor":21.0,"turns":5.0},{"damage":19.0,"enemies":"Gremlin Leader","floor":24.0,"turns":5.0},{"damage":28.0,"enemies":"Book of Stabbing","floor":27.0,"turns":5.0},{"damage":11.0,"enemies":"Centurion and Healer","floor":28.0,"turns":6.0},{"damage":48.0,"enemies":"Slavers","floor":29.0,"turns":5.0},{"damage":27.0,"enemies":"Snake Plant","floor":30.0,"turns":4.0},{"damage":23.0,"enemies":"Masked Bandits","floor":31.0,"turns":4.0},{"damage":91,"enemies":"Automaton","floor":33,"turns":6}],"seed_played":"3430985885309708128","potions_obtained":[{"floor":4.0,"key":"Weak Potion"},{"floor":6.0,"key":"FearPotion"},{"floor":13.0,"key":"Fire Potion"},{"floor":16.0,"key":"Fire Potion"}],"is_trial":false,"path_per_floor":["M","?","M","M","M","E","M","R","T","E","$","?","M","M","R","B",null,"M","$","M","M","?","R","E","?","T","E","M","E","M","?","R","B"],"character_chosen":"IRONCLAD","items_purchased":["Inflame+1","Red Skull","Feel No Pain+1"],"campfire_rested":3,"item_purchase_floors":[11,11,19],"current_hp_per_floor":[68,68,74,74,62,18,13,37,37,20,20,20,38,53,53,57,74,73,73,64,48,48,72,59,59,59,49,56,26,26,44,68,0],"gold":483,"neow_bonus":"RANDOM_COMMON_RELIC","is_prod":false,"is_daily":false,"chose_seed":false,"campfire_upgraded":1,"win_rate":0,"timestamp":1561667649,"path_taken":["M","?","M","M","M","E","M","R","T","E","$","?","?","M","R","BOSS","M","$","M","M","?","R","E","?","T","E","?","E","M","?","R","BOSS"],"build_version":"2019-01-23","purchased_purges":0,"victory":false,"max_hp_per_floor":[80,80,80,80,80,80,80,80,80,80,80,80,80,80,80,80,80,80,80,80,80,80,80,80,80,80,80,80,80,80,80,80,80],"card_choices":[{"not_picked":["Armaments","Thunderclap"],"picked":"Twin Strike","floor":1.0},{"not_picked":["Havoc","Carnage"],"picked":"Spot Weakness","floor":3.0},{"not_picked":["Pommel Strike","Heavy Blade"],"picked":"Shrug It Off","floor":4.0},{"not_picked":["Flex","Searing Blow"],"picked":"Clothesline","floor":5.0},{"not_picked":["Power Through","Shockwave"],"picked":"Fiend Fire","floor":6.0},{"not_picked":["Body Slam","Heavy Blade","Headbutt"],"picked":"SKIP","floor":7.0},{"not_picked":["Warcry","Dual Wield"],"picked":"Sword Boomerang","floor":10.0},{"not_picked":["Thunderclap","Hemokinesis"],"picked":"Shrug It Off","floor":13.0},{"not_picked":["Havoc","Sword Boomerang"],"picked":"Flame Barrier","floor":14.0},{"not_picked":["Bludgeon","Berserk+1"],"picked":"Offering","floor":16.0},{"not_picked":["Havoc","Warcry"],"picked":"True Grit","floor":18.0},{"not_picked":["Bloodletting","Shrug It Off"],"picked":"Corruption+1","floor":20.0},{"not_picked":["Anger","Reckless Charge","Brutality+1"],"picked":"SKIP","floor":21.0},{"not_picked":["Thunderclap","Shockwave"],"picked":"Heavy Blade","floor":24.0},{"not_picked":["Infernal Blade","Iron Wave","Hemokinesis"],"picked":"SKIP","floor":27.0},{"not_picked":["Bloodletting","Disarm"],"picked":"Cleave","floor":28.0},{"not_picked":["Shrug It Off+1","Twin Strike+1"],"picked":"Reaper","floor":29.0},{"not_picked":["Spot Weakness","Fire Breathing+1"],"picked":"Havoc+1","floor":30.0}],"player_experience":228539,"relics_obtained":[{"floor":6.0,"key":"Happy Flower"},{"floor":9.0,"key":"Meat on the Bone"},{"floor":10.0,"key":"Frozen Egg 2"},{"floor":24.0,"key":"Potion Belt"},{"floor":26.0,"key":"Matryoshka"},{"floor":27.0,"key":"Smiling Mask"},{"floor":29.0,"key":"Blood Vial"},{"floor":31.0,"key":"Red Mask"}],"event_choices":[{"damage_healed":0.0,"max_hp_gain":0.0,"max_hp_loss":0.0,"gold_gain":0.0,"event_name":"Liars Game","player_choice":"Ignored","floor":2.0,"gold_loss":0.0,"damage_taken":0.0},{"damage_healed":0.0,"max_hp_gain":0.0,"max_hp_loss":0.0,"gold_gain":0.0,"cards_transformed":["Strike_R"],"event_name":"Transmorgrifier","player_choice":"Transformed","floor":12.0,"gold_loss":0.0,"damage_taken":0.0,"cards_obtained":["Anger"]},{"damage_healed":0.0,"max_hp_gain":0.0,"max_hp_loss":0.0,"gold_gain":99.0,"event_name":"Nest","player_choice":"Stole From Cult","floor":22.0,"gold_loss":0.0,"damage_taken":0.0},{"damage_healed":0.0,"max_hp_gain":0.0,"max_hp_loss":0.0,"gold_gain":100.0,"event_name":"The Joust","player_choice":"Bet on Murderer","floor":25.0,"gold_loss":50.0,"damage_taken":0.0},{"damage_healed":0.0,"max_hp_gain":0.0,"max_hp_loss":0.0,"gold_gain":0.0,"event_name":"Masked Bandits","player_choice":"Fought Bandits","floor":31.0,"gold_loss":0.0,"damage_taken":0.0}],"is_beta":false,"boss_relics":[{"not_picked":["Velvet Choker","Black Blood"],"picked":"Sozu"}],"items_purged_floors":[],"is_endless":false,"potions_floor_spawned":[4,6,13,16,18,20,29,31],"killed_by":"Automaton","ascension_level":10}