{"gold_per_floor":[118,138,158,172,186,186,218,218,218,218,218,228,246,277,277,349,349,306,306,117,167,181,181,126,161,184,217,217,217,241,251,251,323,323,340,360,360],"floor_reached":37,"playtime":1969,"items_purged":[],"score":838,"play_id":"4f1292c2-cdd3-4b2c-bf94-8c6715ebab85","local_time":"20191005012221","is_ascension_mode":true,"campfire_choices":[{"data":"Self Repair","floor":6.0,"key":"SMITH"},{"data":"Zap","floor":11.0,"key":"SMITH"},{"data":"Seek","floor":15.0,"key":"SMITH"},{"data":"Creative AI","floor":23.0,"key":"SMITH"},{"floor":32.0,"key":"REST"}],"neow_cost":"NONE","seed_source_timestamp":1064126318964700,"circlet_count":0,"master_deck":["AscendersBane","Strike_B+1","Defend_B+1","Defend_B","Zap+1","Dualcast","BootSequence+1","Cold Snap","Doom and Gloom","Self Repair+1","Capacitor","Glacier+1","Cold Snap","Seek+1","Creative AI+1","Echo Form+1","White Noise+1","Capacitor","Electrodynamics","Skim","Leap","Redo+1","Conserve Battery","Cold Snap","Buffer","Turbo+1"],"special_seed":0,"relics":["Cracked Core","NeowsBlessing","Orichalcum","Blood Vial","Potion Belt","Astrolabe","Omamori","Blue Candle","Ancient Tea Set","Bag of Marbles","War Paint","Sozu"],"potions_floor_usage":[35,37],"damage_taken":[{"damage":0.0,"enemies":"Small Slimes","floor":1.0,"turns":1.0},{"damage":0.0,"enemies":"2 Louse","floor":2.0,"turns":1.0},{"damage":0.0,"enemies":"Jaw Worm","floor":3.0,"turns":1.0},{"damage":2.0,"enemies":"2 Fungi Beasts","floor":4.0,"turns":3.0},{"damage":5.0,"enemies":"Looter","floor":5.0,"turns":4.0},{"damage":4.0,"enemies":"Lagavulin","floor":7.0,"turns":6.0},{"damage":12.0,"enemies":"Exordium Wildlife","floor":12.0,"turns":3.0},{"damage":0.0,"enemies":"3 Louse","floor":13.0,"turns":5.0},{"damage":11.0,"enemies":"3 Sentries","floor":14.0,"turns":8.0},{"damage":28.0,"enemies":"Slime Boss","floor":16.0,"turns":13.0},{"damage":24.0,"enemies":"2 Thieves","floor":18.0,"turns":5.0},{"damage":7.0,"enemies":"3 Byrds","floor":22.0,"turns":5.0},{"damage":17.0,"enemies":"Slavers","floor":25.0,"turns":4.0},{"damage":40.0,"enemies":"Gremlin Leader","floor":27.0,"turns":7.0},{"damage":27.0,"enemies":"Snecko","floor":31.0,"turns":7.0},{"damage":54.0,"enemies":"Collector","floor":33.0,"turns":8.0},{"damage":50,"enemies":"3 Darklings","floor":35,"turns":4},{"damage":13,"enemies":"3 Shapes","floor":36,"turns":6},{"damage":16,"enemies":"Jaw Worm Horde","floor":37,"turns":1}],"seed_played":"-5948737149049131271","potions_obtained":[{"floor":1.0,"key":"FocusPotion"},{"floor":2.0,"key":"FearPotion"},{"floor":7.0,"key":"Swift Potion"},{"floor":13.0,"key":"Poison Potion"},{"floor":16.0,"key":"Ancient Potion"},{"floor":22.0,"key":"Strength Potion"},{"floor":31.0,"key":"SpeedPotion"},{"floor":33.0,"key":"Ancient Potion"}],"is_trial":false,"path_per_floor":["M","M","M","M","M","R","E","?","T","?","R","M","M","E","R","B",null,"M","?","$","?","M","R","$","E","T","E","?","$","T","M","R","B",null,"M","M","M"],"character_chosen":"DEFECT","items_purchased":["Leap","Omamori","Conserve Battery"],"campfire_rested":1,"item_purchase_floors":[20,20,24],"current_hp_per_floor":[64,64,64,62,64,64,70,49,49,42,42,42,54,55,55,39,63,51,51,51,51,56,56,56,51,51,33,47,47,47,42,63,21,59,21,10,0],"gold":360,"neow_bonus":"THREE_ENEMY_KILL","is_prod":false,"is_daily":false,"chose_seed":false,"campfire_upgraded":4,"win_rate":0,"timestamp":1570206141,"path_taken":["M","M","M","M","M","R","E","?","T","?","R","M","M","E","R","BOSS","M","?","$","?","M","R","?","E","T","E","?","$","?","M","R","BOSS","M","M","M"],"build_version":"2019-07-17","purchased_purges":0,"victory":false,"max_hp_per_floor":[71,71,71,71,71,71,71,71,71,71,71,71,71,71,71,71,71,71,71,71,71,71,71,71,71,71,71,71,71,71,71,71,71,71,71,71,71],"card_choices":[{"not_picked":["Stack","Rebound"],"picked":"BootSequence","floor":1.0},{"not_picked":["FTL","Undo"],"picked":"Cold Snap","floor":2.0},{"not_picked":["Ball Lightning","Scrape"],"picked":"Doom and Gloom","floor":3.0},{"not_picked":["Conserve Battery","Stack"],"picked":"Self Repair","floor":4.0},{"not_picked":["Sweeping Beam","Recycle"],"picked":"Capacitor","floor":5.0},{"not_picked":["Sweeping Beam","Capacitor"],"picked":"Glacier","floor":7.0},{"not_picked":["Gash","Blizzard","Rip and Tear"],"picked":"SKIP","floor":12.0},{"not_picked":["Sunder","Streamline"],"picked":"Cold Snap","floor":13.0},{"not_picked":["Fusion","FTL"],"picked":"Seek","floor":14.0},{"not_picked":["Thunder Strike","Machine Learning"],"picked":"Creative AI","floor":16.0},{"not_picked":["Compile Driver+1","Conserve Battery"],"picked":"Capacitor","floor":18.0},{"not_picked":["Hologram","Conserve Battery"],"picked":"Redo+1","floor":22.0},{"not_picked":["Sweeping Beam","Undo","Amplify"],"picked":"SKIP","floor":25.0},{"not_picked":["Steam","Leap"],"picked":"Cold Snap","floor":27.0},{"not_picked":["Undo","Streamline","FTL+1"],"picked":"SKIP","floor":31.0},{"not_picked":["Rainbow","Fission"],"picked":"Buffer","floor":33.0},{"not_picked":["Double Energy","Hologram","Blizzard+1"],"picked":"SKIP","floor":35},{"not_picked":["Steam Power","Loop"],"picked":"Turbo+1","floor":36}],"player_experience":580945,"relics_obtained":[{"floor":7.0,"key":"Orichalcum"},{"floor":9.0,"key":"Blood Vial"},{"floor":14.0,"key":"Potion Belt"},{"floor":25.0,"key":"Blue Candle"},{"floor":26.0,"key":"Ancient Tea Set"},{"floor":27.0,"key":"Bag of Marbles"},{"floor":30.0,"key":"War Paint"}],"event_choices":[{"damage_healed":0.0,"max_hp_gain":0.0,"max_hp_loss":0.0,"gold_gain":0.0,"event_name":"Shining Light","player_choice":"Entered Light","floor":8.0,"gold_loss":0.0,"damage_taken":21.0,"cards_upgraded":["Defend_B","Strike_B"]},{"cards_removed":["Strike_B"],"damage_healed":0.0,"max_hp_gain":0.0,"max_hp_loss":0.0,"gold_gain":0.0,"event_name":"Golden Wing","player_choice":"Card Removal","floor":10.0,"gold_loss":0.0,"damage_taken":7.0},{"damage_healed":0.0,"max_hp_gain":0.0,"max_hp_loss":0.0,"gold_gain":0.0,"cards_transformed":["Storm","Defend_B"],"event_name":"Drug Dealer","player_choice":"Became Test Subject","floor":19.0,"gold_loss":0.0,"damage_taken":0.0,"cards_obtained":["Electrodynamics","Skim"]},{"damage_healed":0.0,"max_hp_gain":0.0,"max_hp_loss":0.0,"gold_gain":50.0,"event_name":"Nest","player_choice":"Stole From Cult","floor":21.0,"gold_loss":0.0,"damage_taken":0.0},{"damage_healed":14.0,"max_hp_gain":0.0,"max_hp_loss":0.0,"gold_gain":0.0,"event_name":"The Library","player_choice":"Heal","floor":28.0,"gold_loss":0.0,"damage_taken":0.0}],"is_beta":false,"boss_relics":[{"not_picked":["Philosopher\u0027s Stone","Busted Crown"],"picked":"Astrolabe"},{"not_picked":["Pandora\u0027s Box","Black Star"],"picked":"Sozu"}],"items_purged_floors":[],"is_endless":false,"potions_floor_spawned":[1,2,4,7,13,16,22,31,33],"killed_by":"Jaw Worm Horde","ascension_level":20}