{"gold_per_floor":[115,132,57,72,42,42,67,142,216,216,216,235,253,288,288,388,388,401,420,420,420,435,435],"floor_reached":23,"playtime":1224,"items_purged":["Decay"],"score":231,"play_id":"42365987-90d2-4bec-a2ab-ce4451e0388b","local_time":"20190928133035","is_ascension_mode":true,"campfire_choices":[{"data":"Armaments","floor":6,"key":"SMITH"},{"floor":11,"key":"REST"},{"floor":15,"key":"REST"}],"neow_cost":"CURSE","seed_source_timestamp":504245392888900,"circlet_count":0,"master_deck":["Strike_R","Strike_R","Strike_R","Strike_R","Defend_R","Defend_R","Defend_R","Defend_R","Bash","Armaments+1","True Grit","Metallicize","Headbutt","Burning Pact","Flex","Thunderclap","Brutality","Sword Boomerang","True Grit","RitualDagger","Havoc+1"],"relics":["Burning Blood","Turnip","Bag of Preparation","Self Forming Clay","Anchor","Runic Pyramid"],"potions_floor_usage":[16,16],"damage_taken":[{"damage":7,"enemies":"2 Louse","floor":1,"turns":3},{"damage":22,"enemies":"Small Slimes","floor":2,"turns":4},{"damage":6,"enemies":"Jaw Worm","floor":4,"turns":5},{"damage":8,"enemies":"Looter","floor":5,"turns":4},{"damage":31,"enemies":"Gremlin Nob","floor":7,"turns":4},{"damage":6,"enemies":"3 Louse","floor":12,"turns":6},{"damage":5,"enemies":"Blue Slaver","floor":13,"turns":5},{"damage":29,"enemies":"3 Sentries","floor":14,"turns":11},{"damage":27,"enemies":"Slime Boss","floor":16,"turns":6},{"damage":16,"enemies":"Shell Parasite","floor":18,"turns":6},{"damage":12,"enemies":"Spheric Guardian","floor":19,"turns":10},{"damage":25,"enemies":"Snecko","floor":22,"turns":6},{"damage":44,"enemies":"Slavers","floor":23,"turns":4}],"seed_played":"-3962368815883336572","potions_obtained":[{"floor":1,"key":"AttackPotion"},{"floor":4,"key":"EssenceOfSteel"},{"floor":7,"key":"SteroidPotion"},{"floor":16,"key":"Dexterity Potion"},{"floor":18,"key":"SneckoOil"}],"is_trial":false,"path_per_floor":["M","M","$","M","M","R","E","?","T","?","R","M","M","E","R","B",null,"M","M","?","?","M","E"],"character_chosen":"IRONCLAD","items_purchased":[],"campfire_rested":2,"item_purchase_floors":[],"current_hp_per_floor":[79,63,63,63,61,61,36,25,25,18,42,42,43,20,44,23,80,70,64,64,58,39,0],"gold":435,"neow_bonus":"ONE_RARE_RELIC","is_prod":false,"is_daily":false,"chose_seed":false,"campfire_upgraded":1,"win_rate":0,"timestamp":1569645035,"path_taken":["M","M","$","M","M","R","E","?","T","?","R","M","M","E","R","BOSS","M","M","?","?","M","E"],"build_version":"2019-07-17","purchased_purges":1,"victory":false,"max_hp_per_floor":[80,80,80,80,80,80,80,80,80,80,80,80,80,80,80,80,80,80,80,80,80,80,80],"card_choices":[{"not_picked":["Seeing Red","Hemokinesis"],"picked":"Armaments","floor":1},{"not_picked":["Clothesline","Flex"],"picked":"True Grit","floor":2},{"not_picked":["Fire Breathing","Armaments"],"picked":"Metallicize","floor":4},{"not_picked":["Blood for Blood","Clash"],"picked":"Headbutt","floor":5},{"not_picked":["Hemokinesis","Reckless Charge"],"picked":"Burning Pact","floor":7},{"not_picked":["Warcry","Body Slam"],"picked":"Flex","floor":12},{"not_picked":["Flex","Sever Soul"],"picked":"Thunderclap","floor":13},{"not_picked":["Clash","Wild Strike","Corruption"],"picked":"SKIP","floor":14},{"not_picked":["Demon Form","Berserk"],"picked":"Brutality","floor":16},{"not_picked":["Entrench","Body Slam"],"picked":"Sword Boomerang","floor":18},{"not_picked":["Clash+1","Carnage","Perfected Strike"],"picked":"SKIP","floor":19},{"not_picked":["Bloodletting","Warcry"],"picked":"Havoc+1","floor":22}],"player_experience":499077,"relics_obtained":[{"floor":7,"key":"Bag of Preparation"},{"floor":9,"key":"Self Forming Clay"},{"floor":14,"key":"Anchor"}],"event_choices":[{"damage_healed":0,"gold_gain":75,"player_choice":"Gather Gold","damage_taken":11,"max_hp_gain":0,"max_hp_loss":0,"event_name":"World of Goop","floor":8,"gold_loss":0},{"cards_removed":["Strike_R"],"damage_healed":0,"gold_gain":0,"player_choice":"Card Removal","damage_taken":7,"max_hp_gain":0,"max_hp_loss":0,"event_name":"Golden Wing","floor":10,"gold_loss":0},{"damage_healed":0,"gold_gain":0,"player_choice":"Read","damage_taken":0,"max_hp_gain":0,"max_hp_loss":0,"event_name":"The Library","floor":20,"gold_loss":0,"cards_obtained":["True Grit"]},{"damage_healed":0,"gold_gain":0,"player_choice":"Joined the Cult","damage_taken":6,"max_hp_gain":0,"max_hp_loss":0,"event_name":"Nest","floor":21,"gold_loss":0,"cards_obtained":["RitualDagger"]}],"is_beta":false,"boss_relics":[{"not_picked":["Coffee Dripper","Fusion Hammer"],"picked":"Runic Pyramid"}],"items_purged_floors":[3],"is_endless":false,"potions_floor_spawned":[1,4,7,14,16,18,19],"killed_by":"Slavers","ascension_level":3}