{"gold_per_floor":[116,131,131,147,163,163,193,193,193,193,210,210,285,285,285,285],"floor_reached":16,"playtime":413,"items_purged":[],"score":180,"play_id":"e883df64-850c-4ec2-bd3f-872883bc6b28","local_time":"20191019142408","is_ascension_mode":true,"campfire_choices":[{"data":"Neutralize","floor":6,"key":"SMITH"},{"data":"Footwork","floor":8,"key":"SMITH"},{"floor":15,"key":"REST"}],"neow_cost":"NONE","seed_source_timestamp":1510558398900,"circlet_count":0,"master_deck":["AscendersBane","Strike_G","Strike_G","Strike_G","Strike_G","Defend_G","Defend_G","Defend_G","Defend_G","Defend_G","Survivor","Neutralize+1","Poisoned Stab","Deflect","Backflip","Footwork+1","Venomology"],"relics":["Ring of the Snake","Molten Egg 2","Shovel","Prayer Wheel"],"potions_floor_usage":[2,16,16],"damage_taken":[{"damage":0,"enemies":"Cultist","floor":1,"turns":4},{"damage":0,"enemies":"2 Louse","floor":2,"turns":3},{"damage":2,"enemies":"Small Slimes","floor":4,"turns":3},{"damage":2,"enemies":"2 Fungi Beasts","floor":5,"turns":4},{"damage":45,"enemies":"Gremlin Nob","floor":7,"turns":6},{"damage":0,"enemies":"Blue Slaver","floor":11,"turns":4},{"damage":33,"enemies":"Slime Boss","floor":16,"turns":14}],"seed_played":"7343045969741185503","potions_obtained":[{"floor":2,"key":"Fruit Juice"},{"floor":7,"key":"EssenceOfSteel"}],"is_trial":false,"path_per_floor":["M","M","?","M","M","R","E","R","T","?","M","?","?","?","R","B"],"character_chosen":"THE_SILENT","items_purchased":[],"campfire_rested":1,"item_purchase_floors":[],"current_hp_per_floor":[70,75,68,66,64,64,19,19,19,19,19,24,13,1,27,0],"gold":285,"neow_bonus":"TEN_PERCENT_HP_BONUS","is_prod":false,"is_daily":false,"chose_seed":false,"campfire_upgraded":2,"win_rate":0,"timestamp":1571462648,"path_taken":["M","M","?","M","M","R","E","R","T","?","M","?","?","?","R","BOSS"],"build_version":"2019-10-18","purchased_purges":0,"victory":false,"max_hp_per_floor":[77,82,82,82,82,82,82,82,82,82,82,87,87,87,87,87],"card_choices":[{"not_picked":["Dagger Throw","Slice"],"picked":"Poisoned Stab","floor":1},{"not_picked":["Distraction","Endless Agony"],"picked":"Deflect","floor":2},{"not_picked":["Endless Agony","Slice","Eviscerate"],"picked":"SKIP","floor":4},{"not_picked":["PiercingWail","Escape Plan"],"picked":"Backflip","floor":5},{"not_picked":["Blur","Poisoned Stab"],"picked":"Footwork","floor":7},{"not_picked":["Deadly Poison","Prepared"],"picked":"Venomology","floor":11}],"player_experience":690218,"relics_obtained":[{"floor":7,"key":"Molten Egg 2"},{"floor":9,"key":"Shovel"}],"event_choices":[{"cards_removed":["Strike_G"],"damage_healed":0,"gold_gain":0,"player_choice":"Card Removal","damage_taken":7,"max_hp_gain":0,"max_hp_loss":0,"event_name":"Golden Wing","floor":3,"gold_loss":0},{"damage_healed":0,"gold_gain":0,"player_choice":"Ignored","damage_taken":0,"max_hp_gain":0,"max_hp_loss":0,"event_name":"Liars Game","floor":10,"gold_loss":0},{"damage_healed":0,"gold_gain":0,"player_choice":"Donut","damage_taken":0,"max_hp_gain":5,"max_hp_loss":0,"event_name":"Big Fish","floor":12,"gold_loss":0},{"damage_healed":0,"gold_gain":75,"player_choice":"Gather Gold","damage_taken":11,"max_hp_gain":0,"max_hp_loss":0,"event_name":"World of Goop","floor":13,"gold_loss":0},{"damage_healed":0,"gold_gain":0,"player_choice":"Success","damage_taken":12,"relics_obtained":["Prayer Wheel"],"max_hp_gain":0,"max_hp_loss":0,"event_name":"Scrap Ooze","floor":14,"gold_loss":0}],"is_beta":true,"boss_relics":[],"items_purged_floors":[],"is_endless":false,"potions_floor_spawned":[2,7],"killed_by":"Slime Boss","ascension_level":11}