{"gold_per_floor":[111,121,131,131,151,151,165,175,175,175,5,38,38,56,56,130,130,143,156,176,176,29,61,61,61,85,85,85,115,115,130,130,204,204,216,216,61,78,78,78,92,112,136,136,151,166,166,185,185,185],"floor_reached":50,"playtime":2253,"items_purged":["Strike_G","Writhe"],"score":868,"play_id":"ff661f3d-e326-4f1b-b592-aa3997bcaad0","local_time":"20191021224359","is_ascension_mode":true,"campfire_choices":[{"data":"Neutralize","floor":6.0,"key":"SMITH"},{"data":"Dagger Spray","floor":10.0,"key":"SMITH"},{"data":"Catalyst","floor":15.0,"key":"SMITH"},{"data":"Blur","floor":25.0,"key":"SMITH"},{"data":"Noxious Fumes","floor":27.0,"key":"SMITH"},{"floor":32.0,"key":"REST"},{"floor":40.0,"key":"REST"},{"floor":44.0,"key":"REST"},{"data":"Burst","floor":47.0,"key":"SMITH"},{"floor":49.0,"key":"REST"}],"neow_cost":"NONE","seed_source_timestamp":201977678972500,"circlet_count":0,"master_deck":["AscendersBane","Strike_G","Strike_G","Strike_G","Defend_G","Defend_G","Defend_G","Defend_G","Defend_G","Survivor","Neutralize+1","Dash","Bouncing Flask","Dagger Spray+1","Backflip","Noxious Fumes+1","Catalyst+1","Adrenaline","Blur+1","Caltrops","Burst+1","Blur","Night Terror","Acrobatics","Bullet Time"],"special_seed":0,"relics":["Ring of the Snake","Darkstone Periapt","Membership Card","Vajra","Velvet Choker","Art of War","Bag of Marbles","Ice Cream","Pen Nib","Sozu","Ancient Tea Set","Akabeko"],"potions_floor_usage":[50],"damage_taken":[{"damage":3.0,"enemies":"Cultist","floor":1.0,"turns":4.0},{"damage":1.0,"enemies":"Small Slimes","floor":2.0,"turns":5.0},{"damage":3.0,"enemies":"2 Louse","floor":3.0,"turns":3.0},{"damage":8.0,"enemies":"Large Slime","floor":5.0,"turns":7.0},{"damage":1.0,"enemies":"Looter","floor":7.0,"turns":3.0},{"damage":1.0,"enemies":"Blue Slaver","floor":8.0,"turns":5.0},{"damage":17.0,"enemies":"Gremlin Nob","floor":12.0,"turns":4.0},{"damage":0.0,"enemies":"Red Slaver","floor":14.0,"turns":5.0},{"damage":21.0,"enemies":"The Guardian","floor":16.0,"turns":8.0},{"damage":16.0,"enemies":"2 Thieves","floor":18.0,"turns":5.0},{"damage":10.0,"enemies":"Shell Parasite","floor":19.0,"turns":6.0},{"damage":2.0,"enemies":"3 Cultists","floor":20.0,"turns":4.0},{"damage":19.0,"enemies":"Book of Stabbing","floor":23.0,"turns":5.0},{"damage":27.0,"enemies":"Slavers","floor":29.0,"turns":5.0},{"damage":9.0,"enemies":"Colosseum Slavers","floor":30.0,"turns":4.0},{"damage":4.0,"enemies":"Centurion and Healer","floor":31.0,"turns":6.0},{"damage":31.0,"enemies":"Collector","floor":33.0,"turns":7.0},{"damage":18.0,"enemies":"3 Shapes","floor":35.0,"turns":7.0},{"damage":22.0,"enemies":"Orb Walker","floor":38.0,"turns":5.0},{"damage":0.0,"enemies":"Writhing Mass","floor":41.0,"turns":6.0},{"damage":22.0,"enemies":"Spire Growth","floor":42.0,"turns":4.0},{"damage":0.0,"enemies":"Transient","floor":45.0,"turns":5.0},{"damage":5.0,"enemies":"Jaw Worm Horde","floor":46.0,"turns":5.0},{"damage":20.0,"enemies":"Spire Growth","floor":48.0,"turns":5.0},{"damage":64,"enemies":"Donu and Deca","floor":50,"turns":5}],"seed_played":"-5815255403814916581","potions_obtained":[{"floor":1.0,"key":"Strength Potion"},{"floor":3.0,"key":"AttackPotion"},{"floor":8.0,"key":"LiquidBronze"},{"floor":16.0,"key":"DuplicationPotion"},{"floor":20.0,"key":"Swift Potion"},{"floor":23.0,"key":"DistilledChaos"},{"floor":33.0,"key":"SneckoOil"}],"is_trial":false,"path_per_floor":["M","M","M","$","M","R","M","M","T","R","$","E","?","M","R","B",null,"M","M","M","?","$","E","?","R","T","R","?","E","?","M","R","B",null,"M","?","$","M","?","R","M","M","T","R","M","M","R","M","R","B"],"character_chosen":"THE_SILENT","items_purchased":["Membership Card","Noxious Fumes","Blur","Caltrops","Fruit Juice","Acrobatics","Ancient Tea Set"],"campfire_rested":4,"item_purchase_floors":[11,11,22,22,22,37,37],"current_hp_per_floor":[67,66,63,63,55,55,54,53,53,53,53,36,29,29,29,8,60,44,34,32,57,62,43,43,43,43,43,49,22,13,9,35,4,67,49,49,49,27,27,53,53,31,31,57,57,52,52,32,58,0],"gold":185,"neow_bonus":"TEN_PERCENT_HP_BONUS","is_prod":false,"is_daily":false,"chose_seed":false,"campfire_upgraded":6,"win_rate":0,"timestamp":1571665439,"path_taken":["M","M","M","?","M","R","M","?","T","R","$","E","?","M","R","BOSS","M","M","M","?","$","E","?","R","T","R","?","E","?","M","R","BOSS","M","?","$","M","?","R","M","M","T","R","?","M","R","M","R","BOSS"],"build_version":"2019-10-18","purchased_purges":2,"victory":false,"max_hp_per_floor":[77,77,77,77,77,77,77,77,77,77,77,77,77,77,77,77,77,77,77,77,77,82,82,82,82,82,82,88,88,88,88,88,88,88,88,88,88,88,88,88,88,88,88,88,88,88,88,88,88,88],"card_choices":[{"not_picked":["Riddle With Holes","Underhanded Strike"],"picked":"Dash","floor":1.0},{"not_picked":["Concentrate","Eviscerate"],"picked":"Bouncing Flask","floor":2.0},{"not_picked":["Bane","Flechettes"],"picked":"Dagger Spray","floor":3.0},{"not_picked":["Sucker Punch","Poisoned Stab","Acrobatics"],"picked":"SKIP","floor":5.0},{"not_picked":["Dodge and Roll","Deflect"],"picked":"Backflip","floor":7.0},{"not_picked":["Poisoned Stab","Flechettes","Outmaneuver"],"picked":"SKIP","floor":8.0},{"not_picked":["Deadly Poison","Distraction","Reflex"],"picked":"SKIP","floor":12.0},{"not_picked":["Backflip","Eviscerate"],"picked":"Catalyst","floor":14.0},{"not_picked":["Die Die Die","Doppelganger"],"picked":"Adrenaline","floor":16.0},{"not_picked":["Flechettes","Concentrate","Slice"],"picked":"SKIP","floor":18.0},{"not_picked":["Quick Slash","Underhanded Strike","Flying Knee"],"picked":"SKIP","floor":19.0},{"not_picked":["Terror","Cloak And Dagger","Riddle With Holes+1"],"picked":"SKIP","floor":20.0},{"not_picked":["Riddle With Holes","Prepared","Dash"],"picked":"SKIP","floor":23.0},{"not_picked":["Heel Hook","Sucker Punch"],"picked":"Burst","floor":29.0},{"not_picked":["Slice","Flying Knee"],"picked":"Blur","floor":31.0},{"not_picked":["A Thousand Cuts","Venomology"],"picked":"Night Terror","floor":33.0},{"not_picked":["Poisoned Stab+1","Prepared","Dagger Throw+1"],"picked":"SKIP","floor":35.0},{"not_picked":["Slice","Dodge and Roll","Distraction"],"picked":"SKIP","floor":38.0},{"not_picked":["Finisher","Sucker Punch+1"],"picked":"Bullet Time","floor":41.0},{"not_picked":["PiercingWail","Underhanded Strike","Flechettes"],"picked":"SKIP","floor":42.0},{"not_picked":["Flying Knee","Cloak And Dagger","Dagger Throw"],"picked":"SKIP","floor":45.0},{"not_picked":["Acrobatics","Bane","Deflect"],"picked":"SKIP","floor":46.0},{"not_picked":["Poisoned Stab","Dash","Underhanded Strike"],"picked":"SKIP","floor":48.0}],"player_experience":709563,"relics_obtained":[{"floor":9.0,"key":"Darkstone Periapt"},{"floor":12.0,"key":"Vajra"},{"floor":23.0,"key":"Art of War"},{"floor":26.0,"key":"Bag of Marbles"},{"floor":29.0,"key":"Pen Nib"},{"floor":43.0,"key":"Akabeko"}],"event_choices":[{"cards_removed":["Strike_G"],"damage_healed":0.0,"max_hp_gain":0.0,"max_hp_loss":0.0,"gold_gain":0.0,"event_name":"Golden Wing","player_choice":"Card Removal","floor":13.0,"gold_loss":0.0,"damage_taken":7.0},{"damage_healed":25.0,"max_hp_gain":0.0,"max_hp_loss":0.0,"gold_gain":0.0,"event_name":"The Library","player_choice":"Heal","floor":21.0,"gold_loss":0.0,"damage_taken":0.0},{"damage_healed":0.0,"max_hp_gain":0.0,"max_hp_loss":0.0,"gold_gain":0.0,"event_name":"Vampires","player_choice":"Ignored","floor":24.0,"gold_loss":0.0,"damage_taken":0.0},{"damage_healed":0.0,"max_hp_gain":0.0,"max_hp_loss":0.0,"gold_gain":0.0,"event_name":"The Mausoleum","player_choice":"Opened","floor":28.0,"gold_loss":0.0,"damage_taken":0.0,"relics_obtained":["Ice Cream"],"cards_obtained":["Writhe"]},{"damage_healed":0.0,"max_hp_gain":0.0,"max_hp_loss":0.0,"gold_gain":0.0,"event_name":"Colosseum","player_choice":"Fight","floor":30.0,"gold_loss":0.0,"damage_taken":0.0},{"damage_healed":0.0,"max_hp_gain":0.0,"max_hp_loss":0.0,"gold_gain":0.0,"event_name":"Colosseum","player_choice":"Fled From Nobs","floor":30.0,"gold_loss":0.0,"damage_taken":0.0},{"damage_healed":0.0,"max_hp_gain":0.0,"max_hp_loss":0.0,"gold_gain":0.0,"event_name":"Mysterious Sphere","player_choice":"Ignored","floor":36.0,"gold_loss":0.0,"damage_taken":0.0},{"damage_healed":0.0,"max_hp_gain":0.0,"max_hp_loss":0.0,"gold_gain":0.0,"event_name":"SecretPortal","player_choice":"Ignored","floor":39.0,"gold_loss":0.0,"damage_taken":0.0}],"is_beta":true,"boss_relics":[{"not_picked":["SlaversCollar","WristBlade"],"picked":"Velvet Choker"},{"not_picked":["Fusion Hammer","Black Star"],"picked":"Sozu"}],"items_purged_floors":[22,37],"is_endless":false,"potions_floor_spawned":[1,3,8,16,18,20,23,33,38,41,46],"killed_by":"Donu and Deca","ascension_level":13}