{"gold_per_floor":[116,19,35,51,63,63,97,127,154,154,154],"floor_reached":11,"playtime":207,"items_purged":["Strike_G"],"score":110,"play_id":"40897612-47a6-4423-b875-134348458791","local_time":"20190420114148","is_ascension_mode":true,"campfire_choices":[{"data":"Poisoned Stab","floor":6,"key":"SMITH"}],"neow_cost":"NONE","seed_source_timestamp":839234251433740,"circlet_count":0,"master_deck":["AscendersBane","Defend_G","Defend_G","Defend_G","Defend_G","Defend_G","Strike_G","Strike_G","Strike_G","Strike_G","Survivor","Neutralize","Poisoned Stab+1"],"relics":["Ring of the Snake","NeowsBlessing","Regal Pillow","Orichalcum"],"potions_floor_usage":[],"damage_taken":[{"damage":0,"enemies":"Cultist","floor":1,"turns":1},{"damage":0,"enemies":"Small Slimes","floor":3,"turns":1},{"damage":0,"enemies":"2 Louse","floor":4,"turns":1},{"damage":6,"enemies":"Looter","floor":5,"turns":3},{"damage":35,"enemies":"Lagavulin","floor":7,"turns":9}],"seed_played":"-4463629137510258701","potions_obtained":[{"floor":3,"key":"PowerPotion"},{"floor":4,"key":"Fire Potion"},{"floor":5,"key":"SteroidPotion"}],"is_trial":false,"path_per_floor":["M","$","M","M","M","R","E","?","T","$","?"],"character_chosen":"THE_SILENT","items_purchased":["Poisoned Stab"],"campfire_rested":0,"item_purchase_floors":[2],"current_hp_per_floor":[63,63,63,63,57,57,22,22,22,22,0],"gold":154,"neow_bonus":"THREE_ENEMY_KILL","is_prod":false,"is_daily":false,"chose_seed":false,"campfire_upgraded":1,"win_rate":0,"timestamp":1555753308,"path_taken":["M","$","?","M","M","R","E","?","T","$","?"],"build_version":"2019-01-23","purchased_purges":1,"victory":false,"max_hp_per_floor":[70,70,70,70,70,70,70,70,70,70,70],"card_choices":[{"not_picked":["Blade Dance","Dodge and Roll","Slice"],"picked":"SKIP","floor":1},{"not_picked":["Slice","Tactician","Dodge and Roll"],"picked":"SKIP","floor":3},{"not_picked":["Outmaneuver","Well Laid Plans","Acrobatics"],"picked":"SKIP","floor":4},{"not_picked":["PiercingWail","Choke","Outmaneuver"],"picked":"SKIP","floor":5},{"not_picked":["Glass Knife","Dagger Throw","Deadly Poison"],"picked":"SKIP","floor":7}],"player_experience":434749,"relics_obtained":[{"floor":7,"key":"Regal Pillow"},{"floor":9,"key":"Orichalcum"}],"event_choices":[{"damage_healed":0,"gold_gain":30,"player_choice":"Searched \u00272\u0027 times","damage_taken":0,"max_hp_gain":0,"max_hp_loss":0,"event_name":"Dead Adventurer","floor":8,"gold_loss":0}],"is_beta":false,"boss_relics":[],"items_purged_floors":[2],"is_endless":false,"potions_floor_spawned":[3,4,5],"ascension_level":10}