{"gold_per_floor":[219,230,49,49,63,63,128,128,179,198,227,227,244,256,256,355,355,372,164,180,197,197,223,223],"floor_reached":24,"playtime":777,"items_purged":[],"score":228,"play_id":"363657fa-2f41-4abc-bea2-dcb56c715626","local_time":"20191023124553","is_ascension_mode":false,"campfire_choices":[{"data":"Perfected Strike","floor":6,"key":"SMITH"},{"data":"Bash","floor":8,"key":"SMITH"},{"data":"Twin Strike","floor":12,"key":"SMITH"},{"data":"Thunderclap","floor":15,"key":"SMITH"}],"neow_cost":"NONE","seed_source_timestamp":340849255544600,"circlet_count":0,"master_deck":["Strike_R+1","Strike_R+1","Strike_R+1","Strike_R+1","Strike_R+1","Defend_R+1","Defend_R+1","Defend_R+1","Defend_R+1","Bash+1","Heavy Blade","Perfected Strike+1","Twin Strike+1","Twin Strike","Thunderclap+1","Armaments","Shrug It Off","Clothesline+1","Cleave"],"relics":["Black Blood","War Paint","Tiny Chest","Art of War","Mummified Hand","Orichalcum","Ancient Tea Set"],"potions_floor_usage":[11,16,23,23],"damage_taken":[{"damage":3,"enemies":"2 Louse","floor":1,"turns":4},{"damage":6,"enemies":"Cultist","floor":2,"turns":3},{"damage":3,"enemies":"Jaw Worm","floor":5,"turns":2},{"damage":23,"enemies":"Lagavulin","floor":7,"turns":5},{"damage":0,"enemies":"Large Slime","floor":10,"turns":4},{"damage":14,"enemies":"3 Sentries","floor":11,"turns":6},{"damage":2,"enemies":"Looter","floor":13,"turns":2},{"damage":11,"enemies":"Lots of Slimes","floor":14,"turns":5},{"damage":55,"enemies":"The Guardian","floor":16,"turns":11},{"damage":18,"enemies":"Spheric Guardian","floor":18,"turns":4},{"damage":5,"enemies":"3 Byrds","floor":20,"turns":5},{"damage":16,"enemies":"Snecko","floor":21,"turns":5},{"damage":75,"enemies":"Gremlin Leader","floor":23,"turns":8},{"damage":15,"enemies":"Snake Plant","floor":24,"turns":3}],"seed_played":"-3920692361215584802","potions_obtained":[{"floor":1,"key":"Weak Potion"},{"floor":5,"key":"Energy Potion"},{"floor":10,"key":"Explosive Potion"},{"floor":13,"key":"LiquidMemories"},{"floor":16,"key":"GamblersBrew"},{"floor":23,"key":"Strength Potion"}],"is_trial":false,"path_per_floor":["M","M","$","?","M","R","E","R","T","M","E","R","M","M","R","B",null,"M","$","M","M","?","E","M"],"character_chosen":"IRONCLAD","items_purchased":["Twin Strike","War Paint","Orichalcum","Shrug It Off"],"campfire_rested":0,"item_purchase_floors":[3,3,19,19],"current_hp_per_floor":[80,80,80,80,80,80,63,63,63,69,61,61,65,60,60,11,80,74,74,80,76,76,13,0],"gold":223,"neow_bonus":"HUNDRED_GOLD","is_prod":false,"is_daily":false,"chose_seed":false,"campfire_upgraded":4,"win_rate":0,"timestamp":1571802353,"path_taken":["M","M","$","?","M","R","E","R","T","M","E","R","M","M","R","BOSS","M","$","M","M","?","E","M"],"build_version":"2019-10-22","purchased_purges":0,"victory":false,"max_hp_per_floor":[80,80,80,80,80,80,80,80,80,80,80,80,80,80,80,80,80,80,80,80,80,80,80,80],"card_choices":[{"not_picked":["Metallicize","Flex"],"picked":"Heavy Blade","floor":1},{"not_picked":["Anger","Pommel Strike"],"picked":"Perfected Strike","floor":2},{"not_picked":["Rage","Pummel","Intimidate"],"picked":"SKIP","floor":5},{"not_picked":["Battle Trance","Havoc","Perfected Strike"],"picked":"SKIP","floor":7},{"not_picked":["Uppercut","Iron Wave","True Grit"],"picked":"SKIP","floor":10},{"not_picked":["Ghostly Armor","Rupture"],"picked":"Twin Strike","floor":11},{"not_picked":["Pummel","Feed","Heavy Blade"],"picked":"SKIP","floor":13},{"not_picked":["Clash","Perfected Strike"],"picked":"Thunderclap","floor":14},{"not_picked":["Iron Wave","Headbutt"],"picked":"Armaments","floor":18},{"not_picked":["Warcry","Thunderclap","Clash+1"],"picked":"SKIP","floor":20},{"not_picked":["Metallicize+1","Twin Strike"],"picked":"Clothesline+1","floor":21},{"not_picked":["Sword Boomerang","Armaments+1"],"picked":"Cleave","floor":23}],"player_experience":740114,"relics_obtained":[{"floor":7,"key":"Tiny Chest"},{"floor":9,"key":"Art of War"},{"floor":11,"key":"Mummified Hand"},{"floor":23,"key":"Ancient Tea Set"}],"event_choices":[{"damage_healed":0,"gold_gain":0,"player_choice":"Leave","damage_taken":0,"max_hp_gain":0,"max_hp_loss":0,"event_name":"The Cleric","floor":4,"gold_loss":0},{"damage_healed":0,"gold_gain":0,"player_choice":"Simplicity","damage_taken":0,"max_hp_gain":0,"max_hp_loss":0,"event_name":"Back to Basics","floor":22,"gold_loss":0,"cards_upgraded":["Strike_R","Strike_R","Strike_R","Strike_R","Strike_R","Defend_R","Defend_R"]}],"is_beta":true,"boss_relics":[{"not_picked":["Mark of Pain","Runic Dome"],"picked":"Black Blood"}],"items_purged_floors":[],"is_endless":false,"potions_floor_spawned":[1,5,10,13,16,23],"killed_by":"Snake Plant","ascension_level":0}