{"gold_per_floor":[118,128,128,138,153,153,187,187,187,203,217,46,46,56,56,131,131,142,162,55,71,71,101,101,115,115,115,134,152,171,171,171,248,248,266,46,60,76,1,31,31,47,47,47,61,109,123,0,0,0],"floor_reached":51,"playtime":4476,"items_purged":["Strike_B"],"score":1425,"play_id":"eff70b1f-8e19-4754-b169-5cd42f6840ae","local_time":"20191002152749","is_ascension_mode":true,"campfire_choices":[{"data":"Hologram","floor":6.0,"key":"SMITH"},{"floor":8.0,"key":"REST"},{"data":"Self Repair","floor":13.0,"key":"SMITH"},{"data":"FTL","floor":15.0,"key":"SMITH"},{"floor":24.0,"key":"REST"},{"data":"Darkness","floor":27.0,"key":"SMITH"},{"data":"Go for the Eyes","floor":32.0,"key":"SMITH"},{"data":"Conserve Battery","floor":41.0,"key":"SMITH"},{"data":"Dualcast","floor":49.0,"key":"SMITH"}],"neow_cost":"NONE","seed_source_timestamp":853249304727300,"circlet_count":0,"master_deck":["AscendersBane","Strike_B","Strike_B","Defend_B","Defend_B","Defend_B","Defend_B","Zap","Dualcast+1","Darkness+1","Hologram+1","Conserve Battery+1","FTL+1","Conserve Battery","Self Repair+1","Steam+1","Skim+1","Seek+1","Fusion+1","Go for the Eyes+1","Blind+1","Hologram+1","Ghostly+1","Ghostly+1","Ghostly+1","Redo+1","Redo+1","Hologram+1","Hologram+1","Ghostly+1","Multi-Cast+1","Seek+1","BootSequence+1","Reinforced Body+1"],"special_seed":0,"relics":["Cracked Core","NeowsBlessing","FossilizedHelix","Toxic Egg 2","Oddly Smooth Stone","White Beast Statue","Unceasing Top","Eternal Feather","DollysMirror","Bronze Scales","Singing Bowl","Gambling Chip","Red Mask"],"potions_floor_usage":[50,50],"damage_taken":[{"damage":0.0,"enemies":"2 Louse","floor":1.0,"turns":1.0},{"damage":0.0,"enemies":"Cultist","floor":2.0,"turns":1.0},{"damage":0.0,"enemies":"Small Slimes","floor":4.0,"turns":1.0},{"damage":10.0,"enemies":"Gremlin Gang","floor":5.0,"turns":8.0},{"damage":56.0,"enemies":"Gremlin Nob","floor":7.0,"turns":5.0},{"damage":0.0,"enemies":"2 Fungi Beasts","floor":10.0,"turns":3.0},{"damage":0.0,"enemies":"Red Slaver","floor":11.0,"turns":4.0},{"damage":0.0,"enemies":"Looter","floor":14.0,"turns":4.0},{"damage":27.0,"enemies":"Hexaghost","floor":16.0,"turns":10.0},{"damage":2.0,"enemies":"Shell Parasite","floor":18.0,"turns":6.0},{"damage":12.0,"enemies":"2 Thieves","floor":19.0,"turns":4.0},{"damage":28.0,"enemies":"Snake Plant","floor":21.0,"turns":9.0},{"damage":30.0,"enemies":"Book of Stabbing","floor":23.0,"turns":8.0},{"damage":10.0,"enemies":"Sentry and Sphere","floor":25.0,"turns":10.0},{"damage":2.0,"enemies":"Snecko","floor":28.0,"turns":7.0},{"damage":4.0,"enemies":"Shelled Parasite and Fungi","floor":29.0,"turns":6.0},{"damage":5.0,"enemies":"Sentry and Sphere","floor":30.0,"turns":6.0},{"damage":0.0,"enemies":"Champ","floor":33.0,"turns":11.0},{"damage":23.0,"enemies":"3 Darklings","floor":35.0,"turns":7.0},{"damage":0.0,"enemies":"Orb Walker","floor":37.0,"turns":3.0},{"damage":0.0,"enemies":"Maw","floor":38.0,"turns":7.0},{"damage":19.0,"enemies":"Giant Head","floor":40.0,"turns":10.0},{"damage":0.0,"enemies":"Transient","floor":42.0,"turns":6.0},{"damage":10.0,"enemies":"Sphere and 2 Shapes","floor":45.0,"turns":9.0},{"damage":0.0,"enemies":"2 Orb Walkers","floor":46.0,"turns":5.0},{"damage":0.0,"enemies":"Writhing Mass","floor":47.0,"turns":7.0},{"damage":15,"enemies":"Donu and Deca","floor":50,"turns":11}],"seed_played":"-821836887067055793","potions_obtained":[{"floor":1.0,"key":"GamblersBrew"},{"floor":2.0,"key":"Regen Potion"},{"floor":7.0,"key":"Strength Potion"},{"floor":16.0,"key":"Energy Potion"},{"floor":18.0,"key":"Explosive Potion"},{"floor":19.0,"key":"Poison Potion"},{"floor":23.0,"key":"Block Potion"},{"floor":25.0,"key":"SkillPotion"},{"floor":28.0,"key":"Weak Potion"},{"floor":30.0,"key":"Block Potion"},{"floor":33.0,"key":"LiquidBronze"},{"floor":35.0,"key":"FocusPotion"},{"floor":38.0,"key":"PowerPotion"},{"floor":40.0,"key":"LiquidBronze"},{"floor":42.0,"key":"Dexterity Potion"},{"floor":45.0,"key":"Fruit Juice"},{"floor":46.0,"key":"Weak Potion"},{"floor":47.0,"key":"PowerPotion"}],"is_trial":false,"path_per_floor":["M","M","?","M","M","R","E","R","T","M","M","$","R","M","R","B",null,"M","M","$","M","?","E","R","M","T","R","M","M","M","?","R","B",null,"M","$","M","M","$","E","R","M","T","?","M","?","M","?","R","B",null],"character_chosen":"DEFECT","items_purchased":["Oddly Smooth Stone","Blind+1","DollysMirror"],"campfire_rested":2,"item_purchase_floors":[12,20,36],"current_hp_per_floor":[64,64,71,71,61,61,5,26,26,26,33,33,33,55,55,38,63,71,69,69,51,35,15,25,25,25,25,33,35,35,35,35,35,35,22,22,32,35,35,26,35,35,35,35,42,42,44,44,44,39],"gold":0,"neow_bonus":"THREE_ENEMY_KILL","is_prod":false,"is_daily":false,"chose_seed":false,"campfire_upgraded":7,"win_rate":0,"timestamp":1569997669,"path_taken":["M","M","?","M","M","R","E","R","T","M","M","$","R","M","R","BOSS","M","M","$","M","?","E","R","M","T","R","M","M","M","?","R","BOSS","M","$","M","?","$","E","R","?","T","?","?","?","M","?","R","BOSS"],"build_version":"2019-07-17","purchased_purges":1,"victory":true,"max_hp_per_floor":[71,71,71,71,71,71,71,71,71,71,71,71,71,71,71,71,71,71,71,71,71,35,35,35,35,35,35,35,35,35,35,35,35,35,35,35,35,35,35,35,35,35,35,35,42,42,44,44,44,44],"card_choices":[{"not_picked":["Static Discharge","Scrape"],"picked":"Darkness","floor":1.0},{"not_picked":["Cold Snap","Barrage"],"picked":"Hologram","floor":2.0},{"not_picked":["Turbo","Leap"],"picked":"Conserve Battery","floor":4.0},{"not_picked":["Rip and Tear","Gash"],"picked":"FTL","floor":5.0},{"not_picked":["Meteor Strike","Storm"],"picked":"Conserve Battery","floor":7.0},{"not_picked":["Streamline","Coolheaded+1"],"picked":"Self Repair","floor":10.0},{"not_picked":["Turbo+1","Hologram+1"],"picked":"Steam+1","floor":11.0},{"not_picked":["Barrage","Chill+1"],"picked":"Skim+1","floor":14.0},{"not_picked":["Hyperbeam","All For One"],"picked":"Seek+1","floor":16.0},{"not_picked":["Beam Cell","Compile Driver"],"picked":"Fusion+1","floor":18.0},{"not_picked":["Chaos+1","Barrage"],"picked":"Go for the Eyes","floor":19.0},{"not_picked":["Blizzard","Steam Power+1"],"picked":"Hologram+1","floor":21.0},{"not_picked":["Static Discharge","Recycle+1"],"picked":"Redo+1","floor":23.0},{"not_picked":["Cold Snap","Go for the Eyes+1"],"picked":"Redo+1","floor":25.0},{"not_picked":["FTL","Creative AI","Beam Cell"],"picked":"SKIP","floor":28.0},{"not_picked":["Beam Cell","Compile Driver"],"picked":"Hologram+1","floor":29.0},{"not_picked":["Steam+1","Auto Shields+1"],"picked":"Hologram+1","floor":30.0},{"not_picked":["Creative AI","Hyperbeam"],"picked":"Multi-Cast+1","floor":33.0},{"not_picked":["Compile Driver+1","Gash","Go for the Eyes"],"picked":"SKIP","floor":35.0},{"not_picked":["Hologram+1","Sweeping Beam"],"picked":"BootSequence+1","floor":37.0},{"not_picked":["Hologram+1","Go for the Eyes","Hyperbeam"],"picked":"SKIP","floor":38.0},{"not_picked":["Heatsinks","Cold Snap","Defragment"],"picked":"SKIP","floor":40.0},{"not_picked":["FTL","Redo+1","BootSequence+1"],"picked":"SKIP","floor":42.0},{"not_picked":["Streamline","Tempest+1","Sweeping Beam+1"],"picked":"Singing Bowl","floor":45.0},{"not_picked":["Darkness+1","Chill+1"],"picked":"Reinforced Body+1","floor":46.0},{"not_picked":["Gash","Sweeping Beam","Auto Shields+1"],"picked":"Singing Bowl","floor":47.0}],"player_experience":553080,"relics_obtained":[{"floor":7.0,"key":"FossilizedHelix"},{"floor":9.0,"key":"Toxic Egg 2"},{"floor":26.0,"key":"Unceasing Top"},{"floor":40.0,"key":"Bronze Scales"},{"floor":43.0,"key":"Singing Bowl"},{"floor":46.0,"key":"Gambling Chip"}],"event_choices":[{"damage_healed":7.0,"max_hp_gain":0.0,"max_hp_loss":0.0,"gold_gain":0.0,"event_name":"Wheel of Change","player_choice":"Full Heal","floor":3.0,"gold_loss":0.0,"damage_taken":0.0},{"damage_healed":0.0,"max_hp_gain":0.0,"max_hp_loss":36.0,"gold_gain":0.0,"event_name":"Ghosts","player_choice":"Became a Ghost","floor":22.0,"gold_loss":0.0,"damage_taken":0.0,"cards_obtained":["Ghostly","Ghostly","Ghostly"]},{"damage_healed":0.0,"max_hp_gain":0.0,"max_hp_loss":0.0,"gold_gain":0.0,"event_name":"Duplicator","player_choice":"Copied","floor":31.0,"gold_loss":0.0,"damage_taken":0.0,"cards_obtained":["Ghostly"]},{"cards_removed":["Strike_B"],"damage_healed":0.0,"max_hp_gain":0.0,"max_hp_loss":0.0,"gold_gain":0.0,"event_name":"Purifier","player_choice":"Purged","floor":44.0,"gold_loss":0.0,"damage_taken":0.0},{"damage_healed":0.0,"max_hp_gain":0.0,"max_hp_loss":0.0,"gold_gain":0.0,"event_name":"Mysterious Sphere","player_choice":"Fight","floor":46.0,"gold_loss":0.0,"damage_taken":0.0},{"damage_healed":0.0,"max_hp_gain":0.0,"max_hp_loss":0.0,"gold_gain":0.0,"event_name":"Tomb of Lord Red Mask","player_choice":"Paid","floor":48.0,"gold_loss":123.0,"damage_taken":0.0,"relics_obtained":["Red Mask"]}],"is_beta":false,"boss_relics":[{"not_picked":["Ectoplasm","Tiny House"],"picked":"White Beast Statue"},{"not_picked":["Runic Pyramid","FrozenCore"],"picked":"Eternal Feather"}],"items_purged_floors":[39],"is_endless":false,"potions_floor_spawned":[1,2,7,11,16,18,19,21,23,25,28,29,30,33,35,37,38,40,42,45,46,47],"ascension_level":19}