{"gold_per_floor":[113,131,206,206,218,244,244,258,282,282,299,318,345,359,359,463,463,477,506,520,520],"floor_reached":21,"playtime":1123,"items_purged":[],"score":280,"play_id":"adc62b58-44c0-4290-9635-435051be9bb6","local_time":"20190625173704","is_ascension_mode":true,"campfire_choices":[{"data":"Bash","floor":7,"key":"SMITH"},{"floor":10,"key":"REST"},{"floor":15,"key":"REST"}],"neow_cost":"NONE","seed_source_timestamp":418196845167466,"circlet_count":0,"master_deck":["Strike_R","Strike_R","Strike_R","Strike_R","Defend_R","Defend_R","Defend_R","Defend_R","Bash+1","Armaments","Offering","Ghostly Armor","Sword Boomerang","Sword Boomerang","Battle Trance","Pummel","Brutality","Cleave+1","Twin Strike","Disarm"],"relics":["Burning Blood","Ancient Tea Set","Happy Flower","Juzu Bracelet","Philosopher\u0027s Stone","Red Mask"],"potions_floor_usage":[6,13,19],"damage_taken":[{"damage":7,"enemies":"2 Louse","floor":1,"turns":3},{"damage":1,"enemies":"Cultist","floor":2,"turns":3},{"damage":9,"enemies":"Small Slimes","floor":5,"turns":5},{"damage":64,"enemies":"Lagavulin","floor":6,"turns":9},{"damage":7,"enemies":"3 Louse","floor":8,"turns":5},{"damage":6,"enemies":"Looter","floor":11,"turns":3},{"damage":13,"enemies":"Exordium Wildlife","floor":12,"turns":6},{"damage":26,"enemies":"3 Sentries","floor":13,"turns":9},{"damage":21,"enemies":"Exordium Thugs","floor":14,"turns":4},{"damage":32,"enemies":"The Guardian","floor":16,"turns":15},{"damage":26,"enemies":"Shell Parasite","floor":18,"turns":5},{"damage":34,"enemies":"Masked Bandits","floor":19,"turns":5},{"damage":19,"enemies":"Chosen","floor":20,"turns":5},{"damage":14,"enemies":"3 Cultists","floor":21,"turns":3}],"seed_played":"-8819890125969931149","potions_obtained":[{"floor":5,"key":"Regen Potion"},{"floor":12,"key":"Fire Potion"},{"floor":14,"key":"Block Potion"},{"floor":16,"key":"FearPotion"},{"floor":20,"key":"Ancient Potion"}],"is_trial":false,"path_per_floor":["M","M","?","?","M","E","R","M","T","R","M","M","E","M","R","B",null,"M","?","M","M"],"character_chosen":"IRONCLAD","items_purchased":[],"campfire_rested":2,"item_purchase_floors":[],"current_hp_per_floor":[79,84,73,73,70,27,27,26,26,52,52,45,25,10,36,10,69,49,21,8,0],"gold":520,"neow_bonus":"TEN_PERCENT_HP_BONUS","is_prod":false,"is_daily":false,"chose_seed":false,"campfire_upgraded":1,"win_rate":0,"timestamp":1561477024,"path_taken":["M","M","?","?","M","E","R","M","T","R","M","M","E","M","R","BOSS","M","?","M","M"],"build_version":"2019-01-23","purchased_purges":0,"victory":false,"max_hp_per_floor":[88,88,88,88,88,88,88,88,88,88,88,88,88,88,88,88,88,88,88,88,88],"card_choices":[{"not_picked":["Heavy Blade","Headbutt"],"picked":"Armaments","floor":1},{"not_picked":["Clash","Blood for Blood","Sever Soul"],"picked":"SKIP","floor":2},{"not_picked":["Clothesline","Perfected Strike"],"picked":"Offering","floor":5},{"not_picked":["Combust","Body Slam"],"picked":"Ghostly Armor","floor":6},{"not_picked":["Clash","Body Slam","Whirlwind"],"picked":"SKIP","floor":8},{"not_picked":["Feel No Pain","Armaments"],"picked":"Sword Boomerang","floor":11},{"not_picked":["Carnage","Cleave"],"picked":"Sword Boomerang","floor":12},{"not_picked":["Seeing Red","Armaments"],"picked":"Battle Trance","floor":13},{"not_picked":["Thunderclap","Armaments"],"picked":"Pummel","floor":14},{"not_picked":["Bludgeon","Berserk"],"picked":"Brutality","floor":16},{"not_picked":["Thunderclap","Perfected Strike"],"picked":"Cleave+1","floor":18},{"not_picked":["Rampage","Heavy Blade"],"picked":"Twin Strike","floor":19},{"not_picked":["Heavy Blade","Armaments"],"picked":"Disarm","floor":20}],"player_experience":217705,"relics_obtained":[{"floor":6,"key":"Ancient Tea Set"},{"floor":9,"key":"Happy Flower"},{"floor":13,"key":"Juzu Bracelet"},{"floor":19,"key":"Red Mask"}],"event_choices":[{"damage_healed":0,"gold_gain":75,"player_choice":"Gather Gold","damage_taken":11,"max_hp_gain":0,"max_hp_loss":0,"event_name":"World of Goop","floor":3,"gold_loss":0},{"cards_removed":["Strike_R"],"damage_healed":0,"gold_gain":0,"player_choice":"Card Removal","damage_taken":0,"max_hp_gain":0,"max_hp_loss":0,"event_name":"Wheel of Change","floor":4,"gold_loss":0},{"damage_healed":0,"gold_gain":0,"player_choice":"Fought Bandits","damage_taken":0,"max_hp_gain":0,"max_hp_loss":0,"event_name":"Masked Bandits","floor":19,"gold_loss":0}],"is_beta":false,"boss_relics":[{"not_picked":["Lizard Tail","Black Star"],"picked":"Philosopher\u0027s Stone"}],"items_purged_floors":[],"is_endless":false,"potions_floor_spawned":[5,12,14,16,20],"killed_by":"3 Cultists","ascension_level":9}