{"gold_per_floor":[14,34,54,14,14,14,54,134,160,173,173,173,214,227,227,227],"floor_reached":16,"playtime":559,"items_purged":[],"score":198,"play_id":"367ce9c7-cdc6-48ff-8e3d-43fd6f6ea163","local_time":"20191026012820","is_ascension_mode":true,"campfire_choices":[{"data":"Flame Barrier","floor":6,"key":"SMITH"},{"floor":12,"key":"REST"},{"floor":15,"key":"REST"}],"neow_cost":"NO_GOLD","seed_source_timestamp":114065310339000,"circlet_count":0,"master_deck":["AscendersBane","Strike_R","Strike_R","Strike_R","Strike_R","Defend_R","Defend_R","Defend_R","Defend_R","Bash","Reaper","True Grit","Flame Barrier+1","Carnage","Wild Strike","Ghostly Armor"],"relics":["Burning Blood","Golden Idol","Potion Belt","MealTicket","Oddly Smooth Stone"],"potions_floor_usage":[16,16],"damage_taken":[{"damage":18,"enemies":"Jaw Worm","floor":1,"turns":4},{"damage":4,"enemies":"Small Slimes","floor":2,"turns":5},{"damage":6,"enemies":"Cultist","floor":3,"turns":4},{"damage":36,"enemies":"Gremlin Nob","floor":7,"turns":5},{"damage":11,"enemies":"3 Louse","floor":10,"turns":3},{"damage":35,"enemies":"3 Sentries","floor":13,"turns":12},{"damage":7,"enemies":"Gremlin Gang","floor":14,"turns":6},{"damage":50,"enemies":"The Guardian","floor":16,"turns":14}],"seed_played":"-762233950703023977","potions_obtained":[{"floor":3,"key":"EssenceOfSteel"},{"floor":13,"key":"Weak Potion"},{"floor":14,"key":"Explosive Potion"}],"is_trial":false,"path_per_floor":["M","M","M","$","?","R","E","?","T","M","?","R","E","M","R","B"],"character_chosen":"IRONCLAD","items_purchased":["Carnage"],"campfire_rested":2,"item_purchase_floors":[4],"current_hp_per_floor":[56,58,62,62,62,62,32,32,32,27,27,47,30,29,49,0],"gold":227,"neow_bonus":"THREE_RARE_CARDS","is_prod":false,"is_daily":false,"chose_seed":false,"campfire_upgraded":1,"win_rate":0,"timestamp":1572046100,"path_taken":["M","M","M","$","?","R","E","?","T","?","?","R","E","M","R","BOSS"],"build_version":"2019-10-25-V3","purchased_purges":0,"victory":false,"max_hp_per_floor":[75,75,75,75,68,68,68,68,68,68,68,68,68,68,68,68],"card_choices":[{"not_picked":["Limit Break","Exhume"],"picked":"Reaper","floor":0},{"not_picked":["Anger","Second Wind","Dual Wield"],"picked":"SKIP","floor":1},{"not_picked":["Havoc","Blood for Blood"],"picked":"True Grit","floor":2},{"not_picked":["Havoc","Clash"],"picked":"Flame Barrier","floor":3},{"not_picked":["Ghostly Armor","Heavy Blade"],"picked":"Wild Strike","floor":7},{"not_picked":["Warcry","Headbutt"],"picked":"Ghostly Armor","floor":10},{"not_picked":["Thunderclap","Twin Strike","Body Slam"],"picked":"SKIP","floor":13},{"not_picked":["Rampage","Corruption","Anger"],"picked":"SKIP","floor":14}],"player_experience":532384,"relics_obtained":[{"floor":7,"key":"Potion Belt"},{"floor":9,"key":"MealTicket"},{"floor":13,"key":"Oddly Smooth Stone"}],"event_choices":[{"damage_healed":0,"gold_gain":0,"player_choice":"Lose Max HP","damage_taken":0,"relics_obtained":["Golden Idol"],"max_hp_gain":0,"max_hp_loss":7,"event_name":"Golden Idol","floor":5,"gold_loss":0},{"damage_healed":0,"gold_gain":80,"player_choice":"Gained Gold","damage_taken":0,"max_hp_gain":0,"max_hp_loss":0,"event_name":"Golden Wing","floor":8,"gold_loss":0},{"cards_removed":["Strike_R"],"damage_healed":0,"gold_gain":0,"player_choice":"Purged","damage_taken":0,"max_hp_gain":0,"max_hp_loss":0,"event_name":"Purifier","floor":11,"gold_loss":0}],"is_beta":true,"boss_relics":[],"items_purged_floors":[],"is_endless":false,"potions_floor_spawned":[3,13,14],"killed_by":"The Guardian","ascension_level":16}