{"gold_per_floor":[367,442,442,456,473,473,502,502,502,502,184,216,216,235,235,334,334,344,344,362,381,381,381,306,306,379,276,290,309,119,148,148,252,252,263,281,281,331,331,331,27,42,42,72,84,84,99,134,134,134],"floor_reached":50,"playtime":2549,"items_purged":["Strike_R"],"score":809,"play_id":"222215b5-386b-4dee-914a-913bdbc33ff4","local_time":"20190611180701","is_ascension_mode":true,"campfire_choices":[{"data":"Clothesline","floor":6,"key":"SMITH"},{"floor":8,"key":"REST"},{"data":"Inflame","floor":10,"key":"SMITH"},{"floor":15,"key":"REST"},{"floor":23,"key":"REST"},{"data":"Limit Break","floor":32,"key":"SMITH"},{"floor":49,"key":"RECALL"}],"neow_cost":"PERCENT_DAMAGE","seed_source_timestamp":195147548654483,"circlet_count":0,"master_deck":["Strike_R","Strike_R","Strike_R","Defend_R","Defend_R","Defend_R","Defend_R","Bash+1","True Grit","Clothesline+1","Limit Break+1","Inflame+1","Hemokinesis","Sword Boomerang","Offering","Wild Strike","Burning Pact+1","Heavy Blade+1","Shrug It Off","Ghostly Armor","Shrug It Off","Inflame","Battle Trance","Flame Barrier","Shockwave+1","Impervious","True Grit+1","Limit Break"],"relics":["Burning Blood","Bottled Flame","Sundial","Ornamental Fan","Orichalcum","Kunai","Philosopher\u0027s Stone","Enchiridion","Letter Opener","Meat on the Bone","Bottled Lightning","Fusion Hammer","Bird Faced Urn","Pear","PreservedInsect","Blue Candle","Darkstone Periapt"],"potions_floor_usage":[7,28,33,38,50,50],"damage_taken":[{"damage":12,"enemies":"Jaw Worm","floor":1,"turns":2},{"damage":1,"enemies":"Cultist","floor":4,"turns":4},{"damage":0,"enemies":"Small Slimes","floor":5,"turns":3},{"damage":41,"enemies":"3 Sentries","floor":7,"turns":12},{"damage":28,"enemies":"Lagavulin","floor":12,"turns":6},{"damage":7,"enemies":"Looter","floor":14,"turns":3},{"damage":27,"enemies":"Hexaghost","floor":16,"turns":9},{"damage":9,"enemies":"Spheric Guardian","floor":18,"turns":3},{"damage":13,"enemies":"Chosen","floor":20,"turns":3},{"damage":27,"enemies":"Centurion and Healer","floor":21,"turns":4},{"damage":9,"enemies":"3 Cultists","floor":28,"turns":3},{"damage":10,"enemies":"Cultist and Chosen","floor":29,"turns":3},{"damage":24,"enemies":"Book of Stabbing","floor":31,"turns":4},{"damage":28,"enemies":"Collector","floor":33,"turns":5},{"damage":18,"enemies":"Orb Walker","floor":35,"turns":4},{"damage":14,"enemies":"3 Shapes","floor":36,"turns":4},{"damage":26,"enemies":"2 Orb Walkers","floor":38,"turns":5},{"damage":22,"enemies":"Writhing Mass","floor":42,"turns":5},{"damage":6,"enemies":"Nemesis","floor":44,"turns":3},{"damage":6,"enemies":"Sphere and 2 Shapes","floor":45,"turns":5},{"damage":11,"enemies":"3 Darklings","floor":47,"turns":4},{"damage":9,"enemies":"Giant Head","floor":48,"turns":5},{"damage":74,"enemies":"Awakened One","floor":50,"turns":4}],"seed_played":"956702641204166002","potions_obtained":[{"floor":1,"key":"Regen Potion"},{"floor":14,"key":"Explosive Potion"},{"floor":16,"key":"Block Potion"},{"floor":18,"key":"Poison Potion"},{"floor":20,"key":"SneckoOil"},{"floor":28,"key":"SkillPotion"},{"floor":35,"key":"AttackPotion"},{"floor":36,"key":"Energy Potion"}],"is_trial":false,"path_per_floor":["M","?","?","M","M","R","E","R","T","R","$","E","T","M","R","B",null,"M","?","M","M","?","R","$","T","T","$","M","M","$","E","R","B",null,"M","M","?","?","?","T","$","M","T","E","M","$","M","E","R","B"],"character_chosen":"IRONCLAD","items_purchased":["Hemokinesis","Ornamental Fan","Shrug It Off","Ghostly Armor","Inflame","Battle Trance","Flame Barrier","Pear","PowerPotion"],"campfire_rested":3,"item_purchase_floors":[11,11,27,27,30,30,30,41,41],"current_hp_per_floor":[45,34,34,39,45,45,25,49,49,49,49,27,27,26,50,29,67,64,64,57,36,20,44,44,44,44,44,53,49,49,43,43,33,68,56,48,48,40,40,40,50,52,52,58,64,64,65,68,68,0],"gold":134,"neow_bonus":"TWO_FIFTY_GOLD","is_prod":false,"is_daily":false,"chose_seed":false,"campfire_upgraded":3,"win_rate":0,"timestamp":1560269221,"path_taken":["M","?","?","M","?","R","E","R","T","R","$","E","?","M","R","BOSS","M","?","M","?","?","R","$","?","T","$","M","M","?","E","R","BOSS","M","M","?","?","?","?","$","M","T","E","?","$","M","E","R","BOSS"],"build_version":"2019-01-23","purchased_purges":1,"victory":false,"max_hp_per_floor":[80,80,80,80,80,80,80,80,80,80,80,80,80,80,80,80,80,80,80,80,80,80,80,80,80,80,80,80,80,80,80,80,80,80,80,80,80,80,80,80,90,90,90,90,90,90,90,90,90,90],"card_choices":[{"not_picked":["Clash","Cleave"],"picked":"True Grit","floor":1},{"not_picked":["Warcry","Clash"],"picked":"Clothesline","floor":4},{"not_picked":["Warcry","Rampage"],"picked":"Limit Break","floor":5},{"not_picked":["Infernal Blade","Power Through"],"picked":"Inflame","floor":7},{"not_picked":["Shockwave","Body Slam"],"picked":"Sword Boomerang","floor":12},{"not_picked":["Flex","Thunderclap","Berserk"],"picked":"SKIP","floor":14},{"not_picked":["Limit Break","Double Tap"],"picked":"Offering","floor":16},{"not_picked":["Iron Wave","Cleave"],"picked":"Combust","floor":18},{"not_picked":["Headbutt","Sword Boomerang"],"picked":"Burning Pact+1","floor":20},{"not_picked":["Flex","Infernal Blade"],"picked":"Heavy Blade+1","floor":21},{"not_picked":["Ghostly Armor","Power Through"],"picked":"Shrug It Off","floor":28},{"not_picked":["Heavy Blade","Wild Strike","Infernal Blade"],"picked":"SKIP","floor":29},{"not_picked":["Dark Embrace","Juggernaut"],"picked":"Shockwave+1","floor":31},{"not_picked":["Double Tap","Demon Form"],"picked":"Impervious","floor":33},{"not_picked":["Shockwave","Cleave+1","Headbutt+1"],"picked":"SKIP","floor":35},{"not_picked":["Havoc","Fire Breathing"],"picked":"True Grit+1","floor":36},{"not_picked":["Thunderclap+1","Warcry","Sentinel+1"],"picked":"SKIP","floor":42},{"not_picked":["Body Slam","Thunderclap","Combust"],"picked":"SKIP","floor":44},{"not_picked":["Sword Boomerang+1","Clothesline","Clash+1"],"picked":"SKIP","floor":45},{"not_picked":["Clothesline+1","Cleave","Headbutt"],"picked":"SKIP","floor":47},{"not_picked":["Feel No Pain+1","Hemokinesis"],"picked":"Limit Break","floor":48}],"player_experience":199213,"relics_obtained":[{"floor":7,"key":"Bottled Flame"},{"floor":9,"key":"Sundial"},{"floor":12,"key":"Orichalcum"},{"floor":13,"key":"Kunai"},{"floor":22,"key":"Enchiridion"},{"floor":25,"key":"Letter Opener"},{"floor":26,"key":"Meat on the Bone"},{"floor":31,"key":"Bottled Lightning"},{"floor":38,"key":"Bird Faced Urn"},{"floor":43,"key":"PreservedInsect"},{"floor":44,"key":"Blue Candle"},{"floor":48,"key":"Darkstone Periapt"}],"event_choices":[{"damage_healed":0,"gold_gain":75,"player_choice":"Gather Gold","damage_taken":11,"max_hp_gain":0,"max_hp_loss":0,"event_name":"World of Goop","floor":2,"gold_loss":0},{"damage_healed":0,"gold_gain":0,"player_choice":"Upgraded","damage_taken":0,"max_hp_gain":0,"max_hp_loss":0,"event_name":"Upgrade Shrine","floor":3,"gold_loss":0,"cards_upgraded":["Bash"]},{"damage_healed":0,"gold_gain":0,"cards_transformed":["Strike_R"],"player_choice":"Transformed","damage_taken":0,"max_hp_gain":0,"max_hp_loss":0,"event_name":"Transmorgrifier","floor":19,"gold_loss":0,"cards_obtained":["Wild Strike"]},{"damage_healed":0,"gold_gain":0,"player_choice":"Obtained Book","damage_taken":16,"max_hp_gain":0,"max_hp_loss":0,"event_name":"Cursed Tome","floor":22,"gold_loss":0},{"damage_healed":0,"gold_gain":0,"player_choice":"Ignored","damage_taken":0,"max_hp_gain":0,"max_hp_loss":0,"event_name":"Tomb of Lord Red Mask","floor":37,"gold_loss":0},{"damage_healed":0,"gold_gain":0,"player_choice":"Fight","damage_taken":0,"max_hp_gain":0,"max_hp_loss":0,"event_name":"Mysterious Sphere","floor":38,"gold_loss":0},{"cards_removed":["Combust"],"damage_healed":0,"gold_gain":0,"player_choice":"Removed Power","damage_taken":0,"max_hp_gain":0,"max_hp_loss":0,"event_name":"Falling","floor":39,"gold_loss":0}],"is_beta":false,"boss_relics":[{"not_picked":["Lizard Tail","Snecko Eye"],"picked":"Philosopher\u0027s Stone"},{"not_picked":["Empty Cage","Sozu"],"picked":"Fusion Hammer"}],"items_purged_floors":[24],"is_endless":false,"potions_floor_spawned":[1,14,16,18,20,28,35,36,44],"killed_by":"Awakened One","ascension_level":6}