{"gold_per_floor":[109,109,133,149,149,149,176,176,176,186,219,236,248,248,248,350,350,369,383,83,98,109,109,126,26,26,36,53,67,87,106,106,211,211,222,237,252,26,126,126,153,153,153,164,45,65,65,76,76,76],"floor_reached":51,"playtime":4115,"items_purged":["Strike_P","Strike_P","LessonLearned"],"score":991,"play_id":"eef1edba-cd06-4df5-870f-2bafb184ad83","local_time":"20191012102430","is_ascension_mode":true,"campfire_choices":[{"data":"Eruption","floor":6,"key":"SMITH"},{"data":"Vigilance","floor":8,"key":"SMITH"},{"floor":15,"key":"DIG"},{"floor":23,"key":"DIG"},{"data":"Devotion","floor":32,"key":"SMITH"},{"floor":40,"key":"DIG"},{"floor":42,"key":"DIG"},{"data":"Omniscience","floor":49,"key":"SMITH"}],"neow_cost":"NONE","seed_source_timestamp":2467167214013400,"circlet_count":0,"master_deck":["Strike_P+1","Strike_P","Defend_P+1","Defend_P+1","Defend_P+1","Defend_P+1","Eruption+1","Vigilance+1","EmptyFist+1","BattleHymn","Protect+1","ReachHeaven+1","Devotion+1","Evaluate+1","Protect+1","WheelKick+1","LikeWater","DeusExMachina+1","Sanctity+1","Vault","Devotion+1","Fasting2","Omniscience+1"],"relics":["PureWater","Orichalcum","War Paint","Singing Bowl","Pear","Shovel","Pen Nib","Calipers","Coffee Dripper","Lantern","Prayer Wheel","StrikeDummy","Philosopher\u0027s Stone","Gambling Chip","Anchor","Dream Catcher","Oddly Smooth Stone","The Courier","DollysMirror"],"potions_floor_usage":[7,16,24,27,29,33,33,33,37,50],"damage_taken":[{"damage":0,"enemies":"Cultist","floor":1,"turns":2},{"damage":0,"enemies":"Jaw Worm","floor":4,"turns":2},{"damage":26,"enemies":"Gremlin Nob","floor":7,"turns":4},{"damage":0,"enemies":"2 Louse","floor":10,"turns":2},{"damage":15,"enemies":"Lagavulin","floor":11,"turns":5},{"damage":13,"enemies":"Lots of Slimes","floor":12,"turns":4},{"damage":1,"enemies":"Blue Slaver","floor":13,"turns":4},{"damage":6,"enemies":"The Guardian","floor":16,"turns":9},{"damage":4,"enemies":"Chosen","floor":18,"turns":4},{"damage":5,"enemies":"Shell Parasite","floor":19,"turns":5},{"damage":16,"enemies":"Snake Plant","floor":21,"turns":6},{"damage":3,"enemies":"Cultist and Chosen","floor":22,"turns":5},{"damage":11,"enemies":"Centurion and Healer","floor":24,"turns":5},{"damage":12,"enemies":"Snake Plant","floor":27,"turns":3},{"damage":0,"enemies":"Snecko","floor":28,"turns":5},{"damage":18,"enemies":"Centurion and Healer","floor":29,"turns":4},{"damage":0,"enemies":"Cultist and Chosen","floor":30,"turns":6},{"damage":0,"enemies":"Sentry and Sphere","floor":31,"turns":9},{"damage":36,"enemies":"Collector","floor":33,"turns":9},{"damage":0,"enemies":"3 Shapes","floor":35,"turns":4},{"damage":9,"enemies":"3 Darklings","floor":36,"turns":4},{"damage":12,"enemies":"Sphere and 2 Shapes","floor":37,"turns":7},{"damage":0,"enemies":"Mind Bloom Boss Battle","floor":39,"turns":6},{"damage":0,"enemies":"Nemesis","floor":41,"turns":5},{"damage":9,"enemies":"4 Shapes","floor":44,"turns":4},{"damage":1,"enemies":"3 Darklings","floor":46,"turns":5},{"damage":0,"enemies":"Spire Growth","floor":48,"turns":5},{"damage":1,"enemies":"Donu and Deca","floor":50,"turns":7}],"seed_played":"-2195551769685957658","potions_obtained":[{"floor":4,"key":"Strength Potion"},{"floor":7,"key":"Ancient Potion"},{"floor":10,"key":"Dexterity Potion"},{"floor":19,"key":"Dexterity Potion"},{"floor":22,"key":"LiquidBronze"},{"floor":27,"key":"Regen Potion"},{"floor":29,"key":"SteroidPotion"},{"floor":30,"key":"Block Potion"},{"floor":33,"key":"SteroidPotion"},{"floor":36,"key":"Swift Potion"},{"floor":39,"key":"Dexterity Potion"},{"floor":44,"key":"StancePotion"}],"is_trial":false,"path_per_floor":["M","?","T","M","T","R","E","R","T","M","E","M","M","?","R","B",null,"M","M","$","M","M","R","M","$","T","M","M","M","M","M","R","B",null,"M","M","M","$","?","R","E","R","T","M","$","M","?","M","R","B",null],"character_chosen":"WATCHER","items_purchased":["Devotion","Lantern","PowerPotion","PowerPotion","DollysMirror"],"campfire_rested":0,"item_purchase_floors":[20,20,38,38,45],"current_hp_per_floor":[72,69,69,69,69,69,53,53,53,53,40,29,30,30,30,26,79,75,72,72,58,55,55,48,48,48,38,40,36,40,44,44,8,91,93,88,80,80,82,82,84,84,84,77,77,78,78,80,80,79],"gold":76,"neow_bonus":"TEN_PERCENT_HP_BONUS","is_prod":false,"is_daily":false,"chose_seed":false,"campfire_upgraded":4,"win_rate":0,"timestamp":1570868670,"path_taken":["M","?","?","?","?","R","E","R","T","M","E","M","M","?","R","BOSS","M","M","$","M","M","R","M","?","T","M","M","M","M","M","R","BOSS","M","M","M","$","?","R","E","R","T","M","$","M","?","M","R","BOSS"],"build_version":"2019-10-11","purchased_purges":3,"victory":true,"max_hp_per_floor":[79,79,79,79,79,79,89,89,89,89,91,93,95,95,95,97,97,97,99,99,101,101,101,105,105,105,107,109,111,115,119,119,119,119,121,125,129,129,131,131,133,133,133,135,135,137,137,139,139,139],"card_choices":[{"not_picked":["WreathOfFlame","MentalFortress"],"picked":"EmptyFist","floor":1},{"not_picked":["JustLucky","Indignation","PathToVictory"],"picked":"SKIP","floor":4},{"not_picked":["Consecrate","EmptyFist"],"picked":"BattleHymn","floor":7},{"not_picked":["CutThroughFate","SashWhip"],"picked":"Protect","floor":10},{"not_picked":["PathToVictory","Vengeance","Scrawl"],"picked":"Singing Bowl","floor":11},{"not_picked":["TalkToTheHand","Fasting2","Consecrate"],"picked":"Singing Bowl","floor":12},{"not_picked":["Scrawl","EmptyFist","TalkToTheHand"],"picked":"Singing Bowl","floor":13},{"not_picked":["Omniscience","DevaForm","LessonLearned"],"picked":"Singing Bowl","floor":16},{"not_picked":["CrushJoints","Crescendo"],"picked":"ReachHeaven","floor":18},{"not_picked":["Sanctity","SashWhip+1","EmptyMind"],"picked":"Singing Bowl","floor":19},{"not_picked":["Crescendo","FlyingSleeves+1","Vengeance"],"picked":"Singing Bowl","floor":21},{"not_picked":["WreathOfFlame","Wireheading"],"picked":"Evaluate+1","floor":22},{"not_picked":["Nirvana+1","BowlingBash","Prostrate+1"],"picked":"Singing Bowl","floor":24},{"not_picked":["FearNoEvil","InnerPeace","Sanctity"],"picked":"Singing Bowl","floor":24},{"not_picked":["SashWhip","ForeignInfluence"],"picked":"Protect","floor":27},{"not_picked":["DeceiveReality","WindmillStrike","TalkToTheHand"],"picked":"Singing Bowl","floor":27},{"not_picked":["ThirdEye+1","FlyingSleeves+1","FollowUp"],"picked":"Singing Bowl","floor":28},{"not_picked":["Meditate","FlyingSleeves"],"picked":"WheelKick+1","floor":28},{"not_picked":["Omniscience","ThirdEye","Collect"],"picked":"Singing Bowl","floor":29},{"not_picked":["JustLucky+1","FlyingSleeves+1"],"picked":"LikeWater","floor":29},{"not_picked":["Consecrate","FlyingSleeves","EmptyBody"],"picked":"Singing Bowl","floor":30},{"not_picked":["JustLucky","Pray","WheelKick"],"picked":"Singing Bowl","floor":30},{"not_picked":["EmptyFist","CutThroughFate","BowlingBash+1"],"picked":"Singing Bowl","floor":31},{"not_picked":["MentalFortress","EmptyBody","BowlingBash"],"picked":"Singing Bowl","floor":31},{"not_picked":["Alpha","MasterReality"],"picked":"DeusExMachina","floor":33},{"not_picked":["WaveOfTheHand","CrushJoints+1","SashWhip"],"picked":"Singing Bowl","floor":35},{"not_picked":["Prostrate","MentalFortress"],"picked":"Sanctity+1","floor":35},{"not_picked":["EmptyBody+1","Sanctity+1","FollowUp+1"],"picked":"Singing Bowl","floor":36},{"not_picked":["Swivel","Vault","Sanctity"],"picked":"Singing Bowl","floor":36},{"not_picked":["Sanctity","Prostrate","BowlingBash"],"picked":"Singing Bowl","floor":37},{"not_picked":["BattleHymn","Prostrate+1","DeceiveReality"],"picked":"Singing Bowl","floor":37},{"not_picked":["ForeignInfluence","FlyingSleeves+1","Prostrate+1"],"picked":"Singing Bowl","floor":39},{"not_picked":["Judgement","Sanctity+1","BowlingBash"],"picked":"Singing Bowl","floor":41},{"not_picked":["JustLucky","CutThroughFate+1","Scrawl"],"picked":"Singing Bowl","floor":44},{"not_picked":["Evaluate+1","JustLucky+1"],"picked":"Vault","floor":44},{"not_picked":["Perseverance+1","Prostrate","FollowUp+1"],"picked":"Singing Bowl","floor":46},{"not_picked":["Sanctity+1","Halt+1"],"picked":"Fasting2","floor":46},{"not_picked":["InnerPeace+1","CrushJoints+1","EmptyFist"],"picked":"Singing Bowl","floor":48},{"not_picked":["BattleHymn","Crescendo+1"],"picked":"Omniscience","floor":48}],"player_experience":478188,"relics_obtained":[{"floor":3,"key":"War Paint"},{"floor":5,"key":"Singing Bowl"},{"floor":7,"key":"Pear"},{"floor":9,"key":"Shovel"},{"floor":11,"key":"Pen Nib"},{"floor":15,"key":"Calipers"},{"floor":23,"key":"Prayer Wheel"},{"floor":26,"key":"StrikeDummy"},{"floor":39,"key":"Gambling Chip"},{"floor":40,"key":"Anchor"},{"floor":41,"key":"Dream Catcher"},{"floor":42,"key":"Oddly Smooth Stone"},{"floor":43,"key":"The Courier"}],"event_choices":[{"damage_healed":0,"gold_gain":0,"player_choice":"Success","damage_taken":3,"relics_obtained":["Orichalcum"],"max_hp_gain":0,"max_hp_loss":0,"event_name":"Scrap Ooze","floor":2,"gold_loss":0},{"damage_healed":0,"gold_gain":0,"player_choice":"1 cards matched","damage_taken":0,"max_hp_gain":0,"max_hp_loss":0,"event_name":"Match and Keep!","floor":14,"gold_loss":0,"cards_obtained":["LessonLearned"]},{"damage_healed":0,"gold_gain":0,"player_choice":"Fight","damage_taken":0,"max_hp_gain":0,"max_hp_loss":0,"event_name":"MindBloom","floor":39,"gold_loss":0},{"damage_healed":0,"gold_gain":0,"player_choice":"Ignored","damage_taken":0,"max_hp_gain":0,"max_hp_loss":0,"event_name":"Mysterious Sphere","floor":47,"gold_loss":0}],"is_beta":true,"boss_relics":[{"not_picked":["VioletLotus","Pandora\u0027s Box"],"picked":"Coffee Dripper"},{"not_picked":["Runic Dome","Black Star"],"picked":"Philosopher\u0027s Stone"}],"items_purged_floors":[20,25,38],"is_endless":false,"potions_floor_spawned":[4,7,10,19,22,27,29,30,33,36,39,44,46,48],"ascension_level":7}