{"gold_per_floor":[360,360,374,386,19,19,52,69,69,69,79,79,100,50,50,148,148,163,181,93,106,121,46,46,46,70,70,70,170,187,200,200,200],"floor_reached":33,"playtime":1309,"items_purged":["Strike_R","Strike_R","Defend_R","Defend_R"],"score":299,"play_id":"fbf74b7b-844e-4979-a680-4b7c41768a5a","local_time":"20191023165050","is_ascension_mode":false,"campfire_choices":[{"data":"Armaments","floor":6.0,"key":"SMITH"},{"data":"Bash","floor":12.0,"key":"SMITH"},{"floor":15.0,"key":"REST"},{"floor":25,"key":"REST"},{"floor":27,"key":"REST"},{"floor":32,"key":"REST"}],"neow_cost":"PERCENT_DAMAGE","seed_source_timestamp":354647113136300,"circlet_count":0,"master_deck":["Strike_R","Strike_R","Defend_R","Defend_R","Bash+1","Armaments+1","Flash of Steel+1","Warcry+1"],"special_seed":0,"relics":["Burning Blood","Membership Card","Kunai","Singing Bowl","Pantograph","Odd Mushroom","Strawberry"],"potions_floor_usage":[24,31],"damage_taken":[{"damage":10.0,"enemies":"Cultist","floor":1.0,"turns":4.0},{"damage":11.0,"enemies":"Jaw Worm","floor":3.0,"turns":3.0},{"damage":8.0,"enemies":"Small Slimes","floor":4.0,"turns":3.0},{"damage":26.0,"enemies":"Lagavulin","floor":7.0,"turns":7.0},{"damage":4.0,"enemies":"Exordium Thugs","floor":8.0,"turns":5.0},{"damage":8.0,"enemies":"Red Slaver","floor":11.0,"turns":3.0},{"damage":25.0,"enemies":"The Mushroom Lair","floor":13.0,"turns":6.0},{"damage":57.0,"enemies":"Slime Boss","floor":16.0,"turns":20.0},{"damage":35.0,"enemies":"3 Byrds","floor":18.0,"turns":8.0},{"damage":32.0,"enemies":"Shell Parasite","floor":19.0,"turns":8.0},{"damage":32.0,"enemies":"3 Cultists","floor":21.0,"turns":7.0},{"damage":8.0,"enemies":"Centurion and Healer","floor":22.0,"turns":8.0},{"damage":0,"enemies":"Chosen and Byrds","floor":24,"turns":1},{"damage":36,"enemies":"Snake Plant","floor":30,"turns":5},{"damage":21,"enemies":"3 Cultists","floor":31,"turns":7},{"damage":133,"enemies":"Automaton","floor":33,"turns":12}],"seed_played":"-8667533454093557281","potions_obtained":[{"floor":4.0,"key":"SkillPotion"},{"floor":8.0,"key":"Block Potion"},{"floor":11.0,"key":"EssenceOfSteel"},{"floor":16.0,"key":"ElixirPotion"},{"floor":18.0,"key":"DuplicationPotion"},{"floor":22.0,"key":"SmokeBomb"},{"floor":30,"key":"Block Potion"}],"is_trial":false,"path_per_floor":["M","?","M","M","$","R","E","M","T","?","M","R","?","$","R","B",null,"M","M","$","M","M","$","M","R","T","R","?","?","M","M","R","B"],"character_chosen":"IRONCLAD","items_purchased":["Membership Card","Flash of Steel","Kunai","Explosive Potion"],"campfire_rested":4,"item_purchase_floors":[5,5,5,20],"current_hp_per_floor":[52,52,47,45,45,45,27,31,31,31,31,31,14,14,40,14,88,64,40,40,16,20,20,26,56,63,96,96,96,68,53,86,0],"gold":200,"neow_bonus":"TWO_FIFTY_GOLD","is_prod":false,"is_daily":false,"chose_seed":false,"campfire_upgraded":2,"win_rate":0,"timestamp":1571817050,"path_taken":["M","?","M","M","$","R","E","M","T","?","?","R","?","$","R","BOSS","M","M","$","M","M","$","M","R","T","R","?","?","?","M","R","BOSS"],"build_version":"2019-10-22","purchased_purges":4,"victory":false,"max_hp_per_floor":[80,80,80,80,80,80,82,84,84,84,86,86,88,88,88,88,88,93,95,95,97,103,103,103,103,110,110,110,110,112,112,112,112],"card_choices":[{"not_picked":["Perfected Strike","Iron Wave","Shrug It Off"],"picked":"SKIP","floor":1.0},{"not_picked":["Pommel Strike","Rage"],"picked":"Armaments","floor":3.0},{"not_picked":["Bloodletting","Armaments","Sentinel"],"picked":"SKIP","floor":4.0},{"not_picked":["Headbutt","Cleave","Anger"],"picked":"Singing Bowl","floor":7.0},{"not_picked":["Flex","Anger","Berserk"],"picked":"Singing Bowl","floor":8.0},{"not_picked":["Shrug It Off","Body Slam","Entrench"],"picked":"Singing Bowl","floor":11.0},{"not_picked":["Clash","Cleave","Shrug It Off"],"picked":"Singing Bowl","floor":13.0},{"not_picked":["Exhume","Brutality"],"picked":"Feed","floor":16.0},{"not_picked":["Heavy Blade","Perfected Strike","Anger"],"picked":"Singing Bowl","floor":18.0},{"not_picked":["Reckless Charge+1","Armaments","Twin Strike"],"picked":"Singing Bowl","floor":19.0},{"not_picked":["Armaments","Havoc+1","Thunderclap"],"picked":"Singing Bowl","floor":21.0},{"not_picked":["Armaments+1","Twin Strike","Reckless Charge+1"],"picked":"Singing Bowl","floor":22.0},{"not_picked":["Burning Pact","Heavy Blade","Intimidate+1"],"picked":"Singing Bowl","floor":30},{"not_picked":["Blood for Blood+1","Twin Strike"],"picked":"Warcry+1","floor":31}],"player_experience":752524,"relics_obtained":[{"floor":7.0,"key":"Singing Bowl"},{"floor":9.0,"key":"Pantograph"},{"floor":13.0,"key":"Odd Mushroom"},{"floor":26,"key":"Strawberry"}],"event_choices":[{"cards_removed":["Strike_R"],"damage_healed":0.0,"max_hp_gain":0.0,"max_hp_loss":0.0,"gold_gain":0.0,"event_name":"Living Wall","player_choice":"Forget","floor":2.0,"gold_loss":0.0,"damage_taken":0.0},{"damage_healed":0.0,"max_hp_gain":0.0,"max_hp_loss":0.0,"gold_gain":0.0,"event_name":"Upgrade Shrine","player_choice":"Upgraded","floor":10.0,"gold_loss":0.0,"damage_taken":0.0,"cards_upgraded":["Flash of Steel"]},{"damage_healed":0.0,"max_hp_gain":0.0,"max_hp_loss":0.0,"gold_gain":0.0,"event_name":"Mushrooms","player_choice":"Fought Mushrooms","floor":13.0,"gold_loss":0.0,"damage_taken":0.0},{"cards_removed":["Feed"],"damage_healed":0,"gold_gain":0,"player_choice":"Elegance","damage_taken":0,"max_hp_gain":0,"max_hp_loss":0,"event_name":"Back to Basics","floor":28,"gold_loss":0},{"damage_healed":0,"gold_gain":100,"player_choice":"Pray","damage_taken":0,"max_hp_gain":0,"max_hp_loss":0,"event_name":"Golden Shrine","floor":29,"gold_loss":0}],"is_beta":true,"boss_relics":[{"not_picked":["Mark of Pain","Sozu","Pandora\u0027s Box"]}],"items_purged_floors":[5,14,20,23],"is_endless":false,"potions_floor_spawned":[4,8,11,16,18,22,30],"killed_by":"Automaton","ascension_level":0}