{"gold_per_floor":[215,233,251,12,32,32,0,16,16,16,16,16,41,55,55,132,132,149,159,175,4,4,4,16,16,62,82,116,116,134,134],"floor_reached":31,"playtime":2374,"items_purged":["Strike_G"],"score":518,"play_id":"81f7f128-cd96-4fd4-8f66-2dde801f9f07","local_time":"20191016210623","is_ascension_mode":true,"campfire_choices":[{"data":"Leg Sweep","floor":6.0,"key":"SMITH"},{"data":"Neutralize","floor":10.0,"key":"SMITH"},{"data":"Backflip","floor":15.0,"key":"SMITH"},{"data":"Caltrops","floor":23.0,"key":"SMITH"},{"data":"Catalyst","floor":29.0,"key":"SMITH"}],"neow_cost":"NONE","seed_source_timestamp":0,"circlet_count":0,"master_deck":["AscendersBane","Strike_G","Strike_G","Strike_G","Strike_G","Defend_G","Defend_G","Defend_G","Defend_G","Defend_G","Survivor","Neutralize+1","Poisoned Stab","Poisoned Stab","Dagger Throw","Leg Sweep+1","Caltrops+1","Flying Knee","Bane","Backflip+1","Burst","PiercingWail","Footwork+1","Dodge and Roll","Dodge and Roll","Catalyst+1","Crippling Poison"],"special_seed":0,"relics":["Ring of the Snake","Thread and Needle","Ninja Scroll","Calipers","Runic Pyramid","Bag of Preparation","Smiling Mask","Paper Crane"],"potions_floor_usage":[],"damage_taken":[{"damage":10.0,"enemies":"Cultist","floor":1.0,"turns":6.0},{"damage":1.0,"enemies":"2 Louse","floor":2.0,"turns":3.0},{"damage":7.0,"enemies":"Small Slimes","floor":3.0,"turns":3.0},{"damage":2.0,"enemies":"2 Fungi Beasts","floor":5.0,"turns":4.0},{"damage":7.0,"enemies":"Large Slime","floor":8.0,"turns":5.0},{"damage":5.0,"enemies":"Lagavulin","floor":13.0,"turns":6.0},{"damage":0.0,"enemies":"Red Slaver","floor":14.0,"turns":3.0},{"damage":2.0,"enemies":"The Guardian","floor":16.0,"turns":12.0},{"damage":10.0,"enemies":"Shell Parasite","floor":18.0,"turns":8.0},{"damage":0.0,"enemies":"Chosen","floor":19.0,"turns":6.0},{"damage":0.0,"enemies":"Snake Plant","floor":20.0,"turns":5.0},{"damage":5.0,"enemies":"Sentry and Sphere","floor":24.0,"turns":12.0},{"damage":0.0,"enemies":"Shelled Parasite and Fungi","floor":27.0,"turns":9.0},{"damage":16.0,"enemies":"Slavers","floor":28.0,"turns":9.0},{"damage":18,"enemies":"3 Cultists","floor":30,"turns":8},{"damage":8,"enemies":"Sentry and Sphere","floor":31,"turns":6}],"seed_played":"-1326279366987242813","potions_obtained":[{"floor":1.0,"key":"SkillPotion"},{"floor":2.0,"key":"SkillPotion"},{"floor":8.0,"key":"GhostInAJar"},{"floor":13.0,"key":"Swift Potion"},{"floor":16.0,"key":"Swift Potion"}],"is_trial":false,"path_per_floor":["M","M","M","$","M","R","?","M","T","R","?","?","E","M","R","B",null,"M","M","M","$","?","R","M","?","T","M","E","R","M","M"],"character_chosen":"THE_SILENT","items_purchased":["Leg Sweep","Caltrops","Bag of Preparation"],"campfire_rested":0,"item_purchase_floors":[4,4,21],"current_hp_per_floor":[49,48,41,41,39,39,39,32,32,32,32,32,27,27,27,25,56,46,46,46,46,46,46,41,41,41,41,25,25,7,0],"gold":134,"neow_bonus":"HUNDRED_GOLD","is_prod":false,"is_daily":false,"chose_seed":false,"campfire_upgraded":5,"win_rate":0,"timestamp":1571277983,"path_taken":["M","M","?","$","M","R","?","M","T","R","?","?","E","M","R","BOSS","M","M","?","$","?","R","M","?","T","M","E","R","M","M"],"build_version":"2019-07-17","purchased_purges":1,"victory":false,"max_hp_per_floor":[66,66,66,66,66,66,66,66,66,66,66,66,66,66,66,66,66,66,66,66,66,66,66,66,66,66,66,66,66,66,66],"card_choices":[{"not_picked":["Setup","Predator"],"picked":"Poisoned Stab","floor":1.0},{"not_picked":["Escape Plan","Outmaneuver"],"picked":"Poisoned Stab","floor":2.0},{"not_picked":["Cloak And Dagger","Deadly Poison"],"picked":"Dagger Throw","floor":3.0},{"not_picked":["Cloak And Dagger","Quick Slash"],"picked":"Flying Knee","floor":5.0},{"not_picked":["Calculated Gamble","Tactician"],"picked":"Bane","floor":8.0},{"not_picked":["Underhanded Strike","Expertise","Eviscerate"],"picked":"SKIP","floor":13.0},{"not_picked":["Terror","Caltrops"],"picked":"Backflip","floor":14.0},{"not_picked":["Tools of the Trade","Bullet Time"],"picked":"Burst","floor":16.0},{"not_picked":["Caltrops+1","Prepared"],"picked":"PiercingWail","floor":18.0},{"not_picked":["Accuracy","Deadly Poison+1"],"picked":"Footwork+1","floor":19.0},{"not_picked":["Terror","Escape Plan"],"picked":"Dodge and Roll","floor":20.0},{"not_picked":["Bane","Dagger Throw"],"picked":"Dodge and Roll","floor":24.0},{"not_picked":["Terror","Dodge and Roll"],"picked":"Catalyst","floor":27.0},{"not_picked":["Acrobatics","Distraction","Endless Agony"],"picked":"SKIP","floor":28.0},{"not_picked":["Flying Knee","Bane"],"picked":"Crippling Poison","floor":30}],"player_experience":332934,"relics_obtained":[{"floor":9.0,"key":"Thread and Needle"},{"floor":13.0,"key":"Calipers"},{"floor":26.0,"key":"Smiling Mask"},{"floor":28.0,"key":"Paper Crane"}],"event_choices":[{"damage_healed":0.0,"max_hp_gain":0.0,"max_hp_loss":0.0,"gold_gain":0.0,"event_name":"World of Goop","player_choice":"Left Gold","floor":7.0,"gold_loss":32.0,"damage_taken":0.0},{"damage_healed":0.0,"max_hp_gain":0.0,"max_hp_loss":0.0,"gold_gain":0.0,"event_name":"Golden Wing","player_choice":"Ignored","floor":11.0,"gold_loss":0.0,"damage_taken":0.0},{"damage_healed":0.0,"max_hp_gain":0.0,"max_hp_loss":0.0,"gold_gain":0.0,"event_name":"WeMeetAgain","player_choice":"Gave Potion","floor":12.0,"gold_loss":0.0,"damage_taken":0.0,"relics_obtained":["Ninja Scroll"]},{"damage_healed":0.0,"max_hp_gain":0.0,"max_hp_loss":0.0,"gold_gain":0.0,"event_name":"FaceTrader","player_choice":"Leave","floor":25.0,"gold_loss":0.0,"damage_taken":0.0}],"is_beta":false,"boss_relics":[{"not_picked":["Empty Cage","Busted Crown"],"picked":"Runic Pyramid"}],"items_purged_floors":[4],"is_endless":false,"potions_floor_spawned":[1,2,8,13,16,24],"killed_by":"Sentry and Sphere","ascension_level":20}