{"gold_per_floor":[109,119,119,136,136,168,168,202,202,233,233],"floor_reached":11,"playtime":342,"items_purged":[],"score":114,"play_id":"8ab4b8a1-99a7-417b-94ed-c11560030a40","local_time":"20190610161418","is_ascension_mode":true,"campfire_choices":[{"data":"Spot Weakness","floor":7,"key":"SMITH"}],"neow_cost":"NONE","seed_source_timestamp":104197641778940,"circlet_count":0,"master_deck":["Strike_R","Strike_R","Strike_R","Strike_R","Strike_R","Defend_R","Defend_R","Defend_R","Defend_R","Bash+1","Headbutt","Cleave","Spot Weakness+1","Inflame","Uppercut+1"],"relics":["Burning Blood","NeowsBlessing","Ancient Tea Set","Self Forming Clay","Toxic Egg 2","Molten Egg 2"],"potions_floor_usage":[6],"damage_taken":[{"damage":0,"enemies":"Cultist","floor":1,"turns":1},{"damage":0,"enemies":"Small Slimes","floor":2,"turns":1},{"damage":0,"enemies":"2 Louse","floor":4,"turns":1},{"damage":35,"enemies":"3 Sentries","floor":6,"turns":6},{"damage":30,"enemies":"Lagavulin","floor":8,"turns":5},{"damage":17,"enemies":"3 Sentries","floor":10,"turns":4},{"damage":20,"enemies":"Exordium Thugs","floor":11,"turns":1}],"seed_played":"1809813249248146680","potions_obtained":[{"floor":1,"key":"Strength Potion"},{"floor":2,"key":"PowerPotion"},{"floor":6,"key":"Energy Potion"}],"is_trial":false,"path_per_floor":["M","M","?","M","?","E","R","E","T","E","M"],"character_chosen":"IRONCLAD","items_purchased":[],"campfire_rested":0,"item_purchase_floors":[],"current_hp_per_floor":[80,80,80,80,80,51,51,27,27,16,0],"gold":233,"neow_bonus":"THREE_ENEMY_KILL","is_prod":false,"is_daily":false,"chose_seed":false,"campfire_upgraded":1,"win_rate":0,"timestamp":1560176058,"path_taken":["M","?","?","M","?","E","R","E","T","E","M"],"build_version":"2019-01-23","purchased_purges":0,"victory":false,"max_hp_per_floor":[80,80,80,80,80,80,80,80,80,80,80],"card_choices":[{"not_picked":["Fire Breathing","Entrench"],"picked":"Headbutt","floor":1},{"not_picked":["Headbutt","Body Slam"],"picked":"Cleave","floor":2},{"not_picked":["Warcry","Feel No Pain","Fire Breathing"],"picked":"SKIP","floor":4},{"not_picked":["Iron Wave","Double Tap"],"picked":"Spot Weakness","floor":6},{"not_picked":["Carnage","Armaments"],"picked":"Inflame","floor":8},{"not_picked":["Headbutt","Clothesline"],"picked":"Uppercut","floor":10}],"player_experience":190046,"relics_obtained":[{"floor":6,"key":"Ancient Tea Set"},{"floor":8,"key":"Self Forming Clay"},{"floor":9,"key":"Toxic Egg 2"},{"floor":10,"key":"Molten Egg 2"}],"event_choices":[{"damage_healed":0,"gold_gain":0,"player_choice":"Ignored","damage_taken":0,"max_hp_gain":0,"max_hp_loss":0,"event_name":"Liars Game","floor":3,"gold_loss":0},{"damage_healed":0,"gold_gain":0,"player_choice":"Forge","damage_taken":0,"max_hp_gain":0,"max_hp_loss":0,"event_name":"Accursed Blacksmith","floor":5,"gold_loss":0,"cards_upgraded":["Bash"]}],"is_beta":false,"boss_relics":[],"items_purged_floors":[],"is_endless":false,"potions_floor_spawned":[1,2,6],"killed_by":"Exordium Thugs","ascension_level":5}