{"gold_per_floor":[112,62,78,89,89,89,119,119,119,138,152,4,22,34,34,134,134,151,183,198,212,135,164,164,164,164,64,77,77,96,109,109,214,214,224,240,250,125,125,125,125,137,137,152,168,187,201,211,211,211],"floor_reached":51,"playtime":3661,"items_purged":["Strike_R","Defend_R","Strike_R"],"score":723,"play_id":"eab7d48b-363c-4861-822d-1deb55398dcc","local_time":"20180805113138","is_ascension_mode":true,"campfire_choices":[{"data":"Pommel Strike","floor":6.0,"key":"SMITH"},{"data":"Iron Wave","floor":8.0,"key":"SMITH"},{"data":"True Grit","floor":15.0,"key":"SMITH"},{"data":"J.A.X.","floor":24.0,"key":"SMITH"},{"data":"Spot Weakness","floor":29.0,"key":"SMITH"},{"data":"Shrug It Off","floor":32.0,"key":"SMITH"},{"floor":40,"key":"REST"},{"floor":49,"key":"REST"}],"neow_cost":"NONE","seed_source_timestamp":167240365093699,"circlet_count":0,"master_deck":["Strike_R","Strike_R","Defend_R","Defend_R","Defend_R","Bash+1","Pommel Strike+1","True Grit+1","Twin Strike","Cleave","Iron Wave+1","Spot Weakness+1","Twin Strike","Metallicize","Impervious","Shrug It Off","Shrug It Off+1","J.A.X.+1","Ghostly Armor+1","Carnage+1","Dual Wield+1","Disarm+1","Offering+1","Madness+1","Madness+1","Reaper"],"special_seed":0,"relics":["Burning Blood","Letter Opener","Gremlin Horn","Sozu","Red Mask","Toxic Egg 2","Meat on the Bone","Philosopher\u0027s Stone","Bag of Preparation"],"potions_floor_usage":[],"damage_taken":[{"damage":3.0,"enemies":"Small Slimes","floor":1.0,"turns":4.0},{"damage":6.0,"enemies":"Jaw Worm","floor":3.0,"turns":5.0},{"damage":6.0,"enemies":"2 Louse","floor":4.0,"turns":2.0},{"damage":40.0,"enemies":"Lagavulin","floor":7.0,"turns":5.0},{"damage":4.0,"enemies":"Blue Slaver","floor":10.0,"turns":3.0},{"damage":6.0,"enemies":"3 Louse","floor":11.0,"turns":2.0},{"damage":1.0,"enemies":"Exordium Wildlife","floor":13.0,"turns":3.0},{"damage":18.0,"enemies":"Large Slime","floor":14.0,"turns":5.0},{"damage":31.0,"enemies":"Slime Boss","floor":16.0,"turns":10.0},{"damage":11.0,"enemies":"Shell Parasite","floor":18.0,"turns":5.0},{"damage":4.0,"floor":19.0,"turns":4.0},{"damage":22.0,"enemies":"Chosen","floor":20.0,"turns":5.0},{"damage":0.0,"enemies":"Centurion and Healer","floor":21.0,"turns":6.0},{"damage":36.0,"enemies":"Book of Stabbing","floor":23.0,"turns":6.0},{"damage":10.0,"enemies":"Snake Plant","floor":28.0,"turns":6.0},{"damage":2.0,"enemies":"Chosen and Byrds","floor":30.0,"turns":5.0},{"damage":12.0,"enemies":"Slaver and Parasite","floor":31.0,"turns":8.0},{"damage":31.0,"enemies":"Champ","floor":33.0,"turns":10.0},{"damage":5.0,"enemies":"Orb Walker","floor":35.0,"turns":2.0},{"damage":2.0,"enemies":"3 Shapes","floor":36.0,"turns":5.0},{"damage":24,"enemies":"Maw","floor":37,"turns":6},{"damage":19,"enemies":"3 Darklings","floor":42,"turns":3},{"damage":7,"enemies":"Spire Growth","floor":44,"turns":5},{"damage":3,"enemies":"4 Shapes","floor":45,"turns":2},{"damage":6,"enemies":"3 Darklings","floor":46,"turns":4},{"damage":8,"enemies":"Sphere and 2 Shapes","floor":47,"turns":4},{"damage":8,"enemies":"Spire Growth","floor":48,"turns":4},{"damage":98,"enemies":"Awakened One","floor":50,"turns":9}],"seed_played":"2863959028138997407","potions_obtained":[{"floor":1.0,"key":"Dexterity Potion"},{"floor":3.0,"key":"Poison Potion"},{"floor":10.0,"key":"PowerPotion"},{"floor":11.0,"key":"Regen Potion"}],"is_trial":false,"path_per_floor":["M","?","M","M","?","R","E","R","T","M","M","$","M","M","R","B",null,"M","?","M","M","?","E","R","?","T","$","M","R","M","M","R","B",null,"M","M","M","$","?","R","?","M","T","M","M","M","M","M","R","B"],"character_chosen":"IRONCLAD","items_purchased":["Metallicize"],"campfire_rested":2,"item_purchase_floors":[12],"current_hp_per_floor":[80,80,80,80,80,80,46,46,46,48,48,48,53,41,41,16,80,75,77,61,67,67,37,37,22,22,22,30,30,46,52,52,54,85,85,85,67,67,56,81,81,68,68,67,70,70,68,66,85,59],"gold":211,"neow_bonus":"THREE_CARDS","is_prod":false,"is_daily":false,"chose_seed":false,"campfire_upgraded":6,"win_rate":0,"timestamp":1533461498,"path_taken":["M","?","M","M","?","R","E","R","T","?","M","$","M","M","R","BOSS","M","?","M","M","?","E","R","?","T","$","M","R","M","M","R","BOSS","M","M","M","$","?","R","?","M","T","M","M","?","M","M","R","BOSS"],"build_version":"2018-08-02","purchased_purges":3,"victory":true,"max_hp_per_floor":[80,80,80,80,80,80,80,80,80,80,80,80,80,80,80,80,80,80,80,80,80,80,80,80,85,85,85,85,85,85,85,85,85,85,85,85,85,85,85,85,85,85,85,85,85,85,85,85,85,85],"card_choices":[{"not_picked":["Anger","Dropkick"],"picked":"Pommel Strike","floor":0.0},{"not_picked":["Intimidate","Armaments"],"picked":"True Grit","floor":1.0},{"not_picked":["Clash","Iron Wave"],"picked":"Twin Strike","floor":3.0},{"not_picked":["Reckless Charge","Thunderclap"],"picked":"Cleave","floor":4.0},{"not_picked":["Spot Weakness","Entrench"],"picked":"Iron Wave","floor":7.0},{"not_picked":["Warcry","Clash"],"picked":"Spot Weakness","floor":10.0},{"not_picked":["Iron Wave","Clash"],"picked":"Twin Strike","floor":11.0},{"not_picked":["Clash","Body Slam","Sword Boomerang"],"picked":"SKIP","floor":13.0},{"not_picked":["Perfected Strike","Feel No Pain"],"picked":"Impervious","floor":14.0},{"not_picked":["Thunderclap","Headbutt"],"picked":"Shrug It Off","floor":18.0},{"not_picked":["Bloodletting","Perfected Strike+1"],"picked":"Shrug It Off","floor":20.0},{"not_picked":["Bludgeon","Clash","Iron Wave"],"picked":"SKIP","floor":21.0},{"not_picked":["Iron Wave","Anger"],"picked":"Ghostly Armor+1","floor":23.0},{"not_picked":["Armaments+1","Body Slam"],"picked":"Carnage+1","floor":28.0},{"not_picked":["Sword Boomerang","Body Slam"],"picked":"Dual Wield+1","floor":30.0},{"not_picked":["Thunderclap","Havoc+1"],"picked":"Disarm+1","floor":31.0},{"not_picked":["Demon Form","Reaper"],"picked":"Offering+1","floor":33.0},{"not_picked":["Perfected Strike","Carnage+1","Wild Strike+1"],"picked":"SKIP","floor":35.0},{"not_picked":["Seeing Red+1","Rupture+1","Bloodletting+1"],"picked":"SKIP","floor":36.0},{"not_picked":["Sever Soul+1","Havoc+1","Power Through+1"],"picked":"SKIP","floor":37},{"not_picked":["Reckless Charge+1","Disarm+1","Sentinel+1"],"picked":"SKIP","floor":42},{"not_picked":["Wild Strike+1","Uppercut","Battle Trance+1"],"picked":"SKIP","floor":44},{"not_picked":["Bloodletting+1","True Grit+1","Headbutt+1"],"picked":"SKIP","floor":45},{"not_picked":["Thunderclap+1","Whirlwind+1","Searing Blow"],"picked":"SKIP","floor":46},{"not_picked":["Body Slam+1","Infernal Blade+1","Rampage+1"],"picked":"SKIP","floor":47},{"not_picked":["Sever Soul","Clash"],"picked":"Reaper","floor":48}],"player_experience":84097,"relics_obtained":[{"floor":7.0,"key":"Letter Opener"},{"floor":9.0,"key":"Gremlin Horn"},{"floor":19.0,"key":"Red Mask"},{"floor":23.0,"key":"Toxic Egg 2"},{"floor":26.0,"key":"Meat on the Bone"},{"floor":43,"key":"Bag of Preparation"}],"event_choices":[{"event_name":"The Cleric","player_choice":"Card Removal","floor":2.0,"damage_taken":0.0},{"event_name":"Living Wall","player_choice":"Grow","floor":5.0,"damage_taken":0.0},{"event_name":"Masked Bandits","player_choice":"Fought over 151 gold","floor":19.0,"damage_taken":0.0},{"event_name":"Drug Dealer","player_choice":"Got JAXXED","floor":22.0,"damage_taken":0.0},{"event_name":"Forgotten Altar","player_choice":"Shed Blood","floor":25.0,"damage_taken":0.0},{"event_name":"Winding Halls","player_choice":"Embrace Madness","floor":39,"damage_taken":0},{"event_name":"The Woman in Blue","player_choice":"Bought 0 Potions","floor":41,"damage_taken":0}],"is_beta":false,"boss_relics":[{"not_picked":["Black Star","Runic Dome"],"picked":"Sozu"},{"not_picked":["Coffee Dripper","Calling Bell"],"picked":"Philosopher\u0027s Stone"}],"items_purged_floors":[12,27,38],"is_endless":false,"potions_floor_spawned":[1,3,10,11,19,20,28,33,36,37,46,48],"ascension_level":3}