{"gold_per_floor":[111,124,134,152,167,197,197,119,167,167,167,198,198,209,209,309,309,322,333,344,357,357,357,368,368,391,391,402,417,0,0,0,101,101,111,126,51,51,51],"floor_reached":39,"playtime":1661,"items_purged":["Strike_G"],"score":593,"play_id":"c73a86ef-1758-4765-b462-eb4cf3a269a2","local_time":"20191025194542","is_ascension_mode":true,"campfire_choices":[{"data":"Neutralize","floor":7.0,"key":"SMITH"},{"floor":11.0,"key":"REST"},{"data":"Crippling Poison","floor":13.0,"key":"SMITH"},{"data":"Terror","floor":15.0,"key":"SMITH"},{"data":"Doppelganger","floor":23,"key":"SMITH"},{"floor":25,"key":"REST"},{"data":"Malaise","floor":27,"key":"SMITH"},{"floor":32,"key":"REST"}],"neow_cost":"NONE","seed_source_timestamp":92325519151100,"circlet_count":0,"master_deck":["AscendersBane","Strike_G","Strike_G","Strike_G","Strike_G","Defend_G","Defend_G","Defend_G","Defend_G","Defend_G","Survivor","Neutralize+1","Quick Slash","Quick Slash","Cloak And Dagger","Crippling Poison+1","Bouncing Flask","Malaise+1","Skewer+1","Doppelganger+1","Terror+1","Glass Knife+1","Cloak And Dagger","Escape Plan+1","Adrenaline+1","Well Laid Plans+1","Phantasmal Killer"],"special_seed":0,"relics":["Ring of the Snake","Molten Egg 2","Orichalcum","Shuriken","Sozu","Anchor","SlaversCollar"],"potions_floor_usage":[16,18,19,20,29],"damage_taken":[{"damage":0.0,"enemies":"2 Louse","floor":1.0,"turns":4.0},{"damage":0.0,"enemies":"Cultist","floor":2.0,"turns":3.0},{"damage":0.0,"enemies":"Jaw Worm","floor":3.0,"turns":3.0},{"damage":2.0,"enemies":"Looter","floor":4.0,"turns":4.0},{"damage":25.0,"enemies":"Exordium Wildlife","floor":5.0,"turns":6.0},{"damage":20.0,"enemies":"Gremlin Nob","floor":6.0,"turns":4.0},{"damage":23.0,"enemies":"Lagavulin","floor":12.0,"turns":6.0},{"damage":1.0,"enemies":"Red Slaver","floor":14.0,"turns":4.0},{"damage":16,"enemies":"Slime Boss","floor":16,"turns":7},{"damage":0,"enemies":"Spheric Guardian","floor":18,"turns":2},{"damage":9,"enemies":"3 Byrds","floor":19,"turns":5},{"damage":23,"enemies":"Snake Plant","floor":20,"turns":3},{"damage":16,"enemies":"3 Cultists","floor":21,"turns":5},{"damage":14,"enemies":"Snecko","floor":24,"turns":4},{"damage":0,"enemies":"Cultist and Chosen","floor":28,"turns":4},{"damage":0,"enemies":"Centurion and Healer","floor":29,"turns":4},{"damage":0,"enemies":"Colosseum Slavers","floor":31,"turns":4},{"damage":35,"enemies":"Collector","floor":33,"turns":9},{"damage":0,"enemies":"Orb Walker","floor":35,"turns":2},{"damage":38,"enemies":"3 Darklings","floor":36,"turns":7},{"damage":26,"enemies":"Spire Growth","floor":39,"turns":4}],"seed_played":"-3122251781471992244","potions_obtained":[{"floor":1.0,"key":"Regen Potion"},{"floor":5.0,"key":"CultistPotion"},{"floor":6.0,"key":"SneckoOil"},{"floor":10.0,"key":"EntropicBrew"},{"floor":12.0,"key":"LiquidMemories"},{"floor":14.0,"key":"Strength Potion"},{"floor":16,"key":"Regen Potion"}],"is_trial":false,"path_per_floor":["M","M","M","M","M","E","R","$","T","?","R","E","R","M","R","B",null,"M","M","M","M","?","R","M","R","T","R","M","M","?","?","R","B",null,"M","M","$","?","M"],"character_chosen":"THE_SILENT","items_purchased":["Skewer+1"],"campfire_rested":3,"item_purchase_floors":[8],"current_hp_per_floor":[70,70,70,68,43,23,23,23,23,23,46,38,38,37,37,21,63,63,68,45,29,29,29,15,38,38,38,38,38,38,38,61,26,64,64,26,26,26,0],"gold":51,"neow_bonus":"TEN_PERCENT_HP_BONUS","is_prod":false,"is_daily":false,"chose_seed":false,"campfire_upgraded":5,"win_rate":0,"timestamp":1572025542,"path_taken":["M","M","M","M","M","E","R","$","T","?","R","E","R","M","R","BOSS","M","?","M","M","?","R","M","R","T","R","M","M","?","?","R","BOSS","M","M","$","?","?"],"build_version":"2019-10-25-V2","purchased_purges":1,"victory":false,"max_hp_per_floor":[77,77,77,77,77,77,77,77,77,77,77,77,77,77,77,77,77,77,77,77,77,77,77,77,77,77,77,77,77,77,77,77,77,77,77,77,77,77,77],"card_choices":[{"not_picked":["Tactician","Backflip"],"picked":"Quick Slash","floor":1.0},{"not_picked":["Deadly Poison","Blade Dance"],"picked":"Quick Slash","floor":2.0},{"not_picked":["Masterful Stab","Terror"],"picked":"Cloak And Dagger","floor":3.0},{"not_picked":["Heel Hook","Well Laid Plans"],"picked":"Crippling Poison","floor":4.0},{"not_picked":["Concentrate","PiercingWail"],"picked":"Bouncing Flask","floor":5.0},{"not_picked":["Deflect","Prepared"],"picked":"Malaise","floor":6.0},{"not_picked":["Dodge and Roll","Slice+1"],"picked":"Doppelganger","floor":12.0},{"not_picked":["Acrobatics","Distraction"],"picked":"Terror","floor":14.0},{"not_picked":["Malaise","Venomology"],"picked":"Glass Knife+1","floor":16},{"not_picked":["Setup","Calculated Gamble+1","Outmaneuver"],"picked":"SKIP","floor":18},{"not_picked":["Finisher+1","Dodge and Roll"],"picked":"Cloak And Dagger","floor":19},{"not_picked":["Bane+1","Quick Slash+1","Sucker Punch+1"],"picked":"SKIP","floor":20},{"not_picked":["Backflip","Dodge and Roll"],"picked":"Escape Plan+1","floor":21},{"not_picked":["Dagger Spray+1","Blade Dance","Outmaneuver+1"],"picked":"SKIP","floor":24},{"not_picked":["Dodge and Roll","Backflip+1"],"picked":"Adrenaline","floor":28},{"not_picked":["Quick Slash+1","Bane+1"],"picked":"Well Laid Plans+1","floor":29},{"not_picked":["Grand Finale+1","Storm of Steel"],"picked":"Phantasmal Killer","floor":33},{"not_picked":["Quick Slash+1","Outmaneuver+1","Poisoned Stab+1"],"picked":"SKIP","floor":35},{"not_picked":["Underhanded Strike+1","Bane+1","Outmaneuver+1"],"picked":"SKIP","floor":36}],"player_experience":512893,"relics_obtained":[{"floor":6.0,"key":"Molten Egg 2"},{"floor":9.0,"key":"Orichalcum"},{"floor":12.0,"key":"Shuriken"},{"floor":26,"key":"Anchor"}],"event_choices":[{"damage_healed":0.0,"max_hp_gain":0.0,"max_hp_loss":0.0,"gold_gain":0.0,"event_name":"Lab","player_choice":"Got Potions","floor":10.0,"gold_loss":0.0,"damage_taken":0.0},{"damage_healed":0,"gold_gain":0,"player_choice":"Ignored","damage_taken":0,"max_hp_gain":0,"max_hp_loss":0,"event_name":"Ghosts","floor":22,"gold_loss":0},{"damage_healed":0,"gold_gain":0,"player_choice":"Paid Fearfully","damage_taken":0,"max_hp_gain":0,"max_hp_loss":0,"event_name":"Masked Bandits","floor":30,"gold_loss":417},{"damage_healed":0,"gold_gain":0,"player_choice":"Fight","damage_taken":0,"max_hp_gain":0,"max_hp_loss":0,"event_name":"Colosseum","floor":31,"gold_loss":0},{"damage_healed":0,"gold_gain":0,"player_choice":"Fled From Nobs","damage_taken":0,"max_hp_gain":0,"max_hp_loss":0,"event_name":"Colosseum","floor":31,"gold_loss":0},{"damage_healed":0,"gold_gain":0,"player_choice":"Upgraded","damage_taken":0,"max_hp_gain":0,"max_hp_loss":0,"event_name":"Upgrade Shrine","floor":38,"gold_loss":0,"cards_upgraded":["Adrenaline"]}],"is_beta":true,"boss_relics":[{"not_picked":["Runic Dome","Ring of the Serpent"],"picked":"Sozu"},{"not_picked":["Busted Crown","SacredBark"],"picked":"SlaversCollar"}],"items_purged_floors":[37],"is_endless":false,"potions_floor_spawned":[1,5,6,12,14,16,21,28,31,33,36],"killed_by":"Spire Growth","ascension_level":10}