{"gold_per_floor":[112,129,147,163,163,188,188,200,223,248,423,46,46,46,46,139,139,163,187,187,207,220,220],"floor_reached":23,"playtime":998,"items_purged":["Doubt"],"score":345,"play_id":"61b77c90-85a9-4a31-8519-a905fc9e8f05","local_time":"20191022203343","is_ascension_mode":true,"campfire_choices":[{"data":"Neutralize","floor":7,"key":"SMITH"},{"floor":13,"key":"REST"},{"data":"Apotheosis","floor":15,"key":"SMITH"}],"neow_cost":"NONE","seed_source_timestamp":282296929569900,"circlet_count":0,"master_deck":["AscendersBane","Strike_G","Strike_G","Strike_G","Strike_G","Strike_G","Defend_G","Defend_G","Defend_G","Defend_G","Defend_G","Survivor","Neutralize+1","Cloak And Dagger+1","Endless Agony","Choke","Leg Sweep","Infinite Blades","Footwork","Crippling Poison","Apotheosis+1","Footwork","Dodge and Roll","Corpse Explosion","Cloak And Dagger","Blur","Noxious Fumes+1"],"relics":["Ring of the Serpent","NeowsBlessing","PreservedInsect","Happy Flower","Snake Skull","Golden Idol"],"potions_floor_usage":[16,18,19,23],"damage_taken":[{"damage":0,"enemies":"Small Slimes","floor":1,"turns":1},{"damage":0,"enemies":"2 Louse","floor":2,"turns":1},{"damage":0,"enemies":"Jaw Worm","floor":3,"turns":1},{"damage":1,"enemies":"Exordium Wildlife","floor":4,"turns":5},{"damage":11,"enemies":"3 Sentries","floor":6,"turns":13},{"damage":1,"enemies":"2 Fungi Beasts","floor":8,"turns":3},{"damage":15,"enemies":"Lagavulin","floor":10,"turns":5},{"damage":10,"enemies":"The Guardian","floor":16,"turns":16},{"damage":27,"enemies":"2 Thieves","floor":18,"turns":3},{"damage":6,"enemies":"3 Byrds","floor":19,"turns":2},{"damage":16,"enemies":"Cultist and Chosen","floor":21,"turns":8},{"damage":0,"enemies":"Snecko","floor":22,"turns":7},{"damage":8,"enemies":"Slavers","floor":23,"turns":1}],"seed_played":"3520980094663447369","potions_obtained":[{"floor":2,"key":"Poison Potion"},{"floor":3,"key":"Swift Potion"},{"floor":16,"key":"Swift Potion"},{"floor":19,"key":"CultistPotion"}],"is_trial":false,"path_per_floor":["M","M","M","M","?","E","R","M","T","E","?","$","R","?","R","B",null,"M","M","?","M","M","E"],"character_chosen":"THE_SILENT","items_purchased":["Apotheosis","Footwork","Dodge and Roll"],"campfire_rested":1,"item_purchase_floors":[12,12,12],"current_hp_per_floor":[59,59,59,58,58,47,47,46,46,31,31,31,50,34,34,24,56,29,23,23,7,7,0],"gold":220,"neow_bonus":"THREE_ENEMY_KILL","is_prod":false,"is_daily":false,"chose_seed":false,"campfire_upgraded":2,"win_rate":0,"timestamp":1571744023,"path_taken":["M","M","M","M","?","E","R","M","T","E","?","$","R","?","R","BOSS","M","M","?","M","M","E"],"build_version":"2019-10-21","purchased_purges":1,"victory":false,"max_hp_per_floor":[66,66,66,66,66,66,66,66,66,66,66,66,66,66,66,66,66,66,66,66,66,66,66],"card_choices":[{"not_picked":["Dodge and Roll","Heel Hook"],"picked":"Cloak And Dagger","floor":1},{"not_picked":["Heel Hook","Skewer"],"picked":"Endless Agony","floor":2},{"not_picked":["Catalyst","Backflip"],"picked":"Choke","floor":3},{"not_picked":["Well Laid Plans","Slice"],"picked":"Leg Sweep","floor":4},{"not_picked":["Choke","Skewer"],"picked":"Infinite Blades","floor":6},{"not_picked":["Deflect","Crippling Poison"],"picked":"Footwork","floor":8},{"not_picked":["Sucker Punch","Setup"],"picked":"Crippling Poison","floor":10},{"not_picked":["Die Die Die","Burst"],"picked":"Corpse Explosion","floor":16},{"not_picked":["Predator","Dagger Spray"],"picked":"Cloak And Dagger","floor":18},{"not_picked":["Poisoned Stab+1","Finisher"],"picked":"Blur","floor":19},{"not_picked":["Quick Slash","Deadly Poison+1"],"picked":"Noxious Fumes+1","floor":21},{"not_picked":["Deadly Poison","Endless Agony","Crippling Poison"],"picked":"SKIP","floor":22}],"player_experience":719782,"relics_obtained":[{"floor":6,"key":"PreservedInsect"},{"floor":9,"key":"Happy Flower"},{"floor":10,"key":"Snake Skull"}],"event_choices":[{"damage_healed":0,"gold_gain":0,"player_choice":"Grow","damage_taken":0,"max_hp_gain":0,"max_hp_loss":0,"event_name":"Living Wall","floor":5,"gold_loss":0,"cards_upgraded":["Cloak And Dagger"]},{"damage_healed":0,"gold_gain":175,"player_choice":"AGREE","damage_taken":0,"max_hp_gain":0,"max_hp_loss":0,"event_name":"Liars Game","floor":11,"gold_loss":0,"cards_obtained":["Doubt"]},{"damage_healed":0,"gold_gain":0,"player_choice":"Take Damage","damage_taken":16,"relics_obtained":["Golden Idol"],"max_hp_gain":0,"max_hp_loss":0,"event_name":"Golden Idol","floor":14,"gold_loss":0},{"damage_healed":0,"gold_gain":0,"player_choice":"Ignored","damage_taken":0,"max_hp_gain":0,"max_hp_loss":0,"event_name":"Cursed Tome","floor":20,"gold_loss":0}],"is_beta":true,"boss_relics":[{"not_picked":["Velvet Choker","Snecko Eye"],"picked":"Ring of the Serpent"}],"items_purged_floors":[12],"is_endless":false,"potions_floor_spawned":[2,3,8,16,19],"killed_by":"Slavers","ascension_level":14}